date,symbol,eps,revenue_ttm,pe_ratio,accumulateddepreciationamortizationppe,beta,book_value,capitalexpenditures,capitalleaseobligations,cashandcashequivalentsatcarryingvalue,cashandshortterminvestments,cashflowfromfinancing,cashflowfrominvestment,changeincashandcashequivalents,changeinexchangerate,changeininventory,changeinoperatingassets,changeinoperatingliabilities,changeinreceivables,commonstock,commonstocksharesoutstanding,comprehensiveincomenetoftax,costofgoodsandservicessold,costofrevenue,currentaccountspayable,currentdebt,currentlongtermdebt,currentnetreceivables,deferredrevenue,depreciation,depreciationandamortization,depreciationdepletionandamortization,dividend_per_share,dividend_yield,dividendpayout,dividendpayoutcommonstock,dividendpayoutpreferredstock,earnings_growth_yoy,earnings_surprise,ebit,ebitda,estimated_eps,fiscaldateending,forward_pe,goodwill,gross_profit_ttm,grossprofit,incomebeforetax,incometaxexpense,intangibleassets,intangibleassetsexcludinggoodwill,interestanddebtexpense,interestexpense,interestincome,inventory,investmentincomenet,investments,longtermdebt,longtermdebtnoncurrent,longterminvestments,netincome,netincomefromcontinuingoperations,netinterestincome,noninterestincome,operating_margin_ttm,operatingcashflow,operatingexpenses,operatingincome,othercurrentassets,othercurrentliabilities,othernoncurrentassets,othernoncurrentliabilities,othernonoperatingincome,paymentsforoperatingactivities,paymentsforrepurchaseofcommonstock,paymentsforrepurchaseofequity,paymentsforrepurchaseofpreferredstock,peg_ratio,price_to_book,price_to_sales_ttm,proceedsfromissuanceofcommonstock,proceedsfromissuanceoflongtermdebtandcapitalsecuritiesnet,proceedsfromissuanceofpreferredstock,proceedsfromoperatingactivities,proceedsfromrepaymentsofshorttermdebt,proceedsfromrepurchaseofequity,proceedsfromsaleoftreasurystock,profit_margin,profitloss,propertyplantequipment,report_date,report_type,reported_eps,reportedcurrency,reporttime,researchanddevelopment,retainedearnings,return_on_assets_ttm,return_on_equity_ttm,revenue_growth_yoy,revenue_per_share_ttm,sellinggeneralandadministrative,shortlongtermdebttotal,shorttermdebt,shortterminvestments,sma_200,sma_50,surprise_pct,totalassets,totalcurrentassets,totalcurrentliabilities,totalliabilities,totalnoncurrentassets,totalnoncurrentliabilities,totalrevenue,totalshareholderequity,trailing_pe,treasurystock,week_52_high,week_52_low
1997-09-30,EME,,,,,,,,,,,,,,,,,,,,,,,,,,,,,,,,,,,,,,-0.01,,,0.09,,,,,,,,,,,,,,,,,,,,,,,,,,,,,,,,,,,,,,,,,,,,,,,,,1997-10-31,,0.08,,pre-market,,,,,,,,,,,,,-11.1111,,,,,,,,,,,,
1998-03-31,EME,,,,,,,,,,,,,,,,,,,,,,,,,,,,,,,,,,,,,,0.0,,,0.09,,,,,,,,,,,,,,,,,,,,,,,,,,,,,,,,,,,,,,,,,,,,,,,,,1998-03-31,,-0.0957,,pre-market,,,,,,,,,,,,,-11.1111,,,,,,,,,,,,
1998-06-30,EME,,,,,,,,,,,,,,,,,,,,,,,,,,,,,,,,,,,,,,0.0,,,0.02,,,,,,,,,,,,,,,,,,,,,,,,,,,,,,,,,,,,,,,,,,,,,,,,,1998-08-19,,0.02,,pre-market,,,,,,,,,,,,,0.0,,,,,,,,,,,,
1998-09-30,EME,,,,,,,,,,,,,,,,,,,,,,,,,,,,,,,,,,,,,,0.01,,,0.1,,,,,,,,,,,,,,,,,,,,,,,,,,,,,,,,,,,,,,,,,,,,,,,,,1998-10-29,,0.11,,pre-market,,,,,,,,,,,,,10.0,,,,,,,,,,,,
1998-12-31,EME,,,,,,,,,,,,,,,,,,,,,,,,,,,,,,,,,,,,,,0.02,,,0.12,,,,,,,,,,,,,,,,,,,,,,,,,,,,,,,,,,,,,,,,,,,,,,,,,1999-02-25,,0.14,,pre-market,,,,,,,,,,,,,16.6667,,,,,,,,,,,,
1999-03-31,EME,,,,,,,,,,,,,,,,,,,,,,,,,,,,,,,,,,,,,,0.01,,,0.04,,,,,,,,,,,,,,,,,,,,,,,,,,,,,,,,,,,,,,,,,,,,,,,,,1999-05-04,,0.05,,pre-market,,,,,,,,,,,,,25.0,,,,,,,,,,,,
1999-06-30,EME,,,,,,,,,,,,,,,,,,,,,,,,,,,,,,,,,,,,,,0.0,,,0.11,,,,,,,,,,,,,,,,,,,,,,,,,,,,,,,,,,,,,,,,,,,,,,,,,1999-07-29,,0.11,,pre-market,,,,,,,,,,,,,0.0,,,,,,,,,,,,
1999-09-30,EME,,,,,,,,,,,,,,,,,,,,,,,,,,,,,,,,,,,,,,0.01,,,0.16,,,,,,,,,,,,,,,,,,,,,,,,,,,,,,,,,,,,,,,,,,,,,,,,,1999-10-28,,0.17,,pre-market,,,,,,,,,,,,,6.25,,,,,,,,,,,,
1999-12-31,EME,,,,,,,,,,,,,,,,,,,,,,,,,,,,,,,,,,,,,,0.04,,,0.18,,,,,,,,,,,,,,,,,,,,,,,,,,,,,,,,,,,,,,,,,,,,,,,,,2000-02-23,,0.22,,pre-market,,,,,,,,,,,,,22.2222,,,,,,,,,,,,
2000-03-31,EME,,,,,,,,,,,,,,,,,,,,,,,,,,,,,,,,,,,,,,0.01,,,0.09,,,,,,,,,,,,,,,,,,,,,,,,,,,,,,,,,,,,,,,,,,,,,,,,,2000-04-26,,0.1,,pre-market,,,,,,,,,,,,,11.1111,,,,,,,,,,,,
2000-06-30,EME,,,,,,,,,,,,,,,,,,,,,,,,,,,,,,,,,,,,,,0.01,,,0.16,,,,,,,,,,,,,,,,,,,,,,,,,,,,,,,,,,,,,,,,,,,,,,,,,2000-07-26,,0.17,,pre-market,,,,,,,,,,,,,6.25,,,,,,,,,,,,
2000-09-30,EME,,,,,,,,,,,,,,,,,,,,,,,,,,,,,,,,,,,,,,0.02,,,0.19,,,,,,,,,,,,,,,,,,,,,,,,,,,,,,,,,,,,,,,,,,,,,,,,,2000-10-26,,0.21,,pre-market,,,,,,,,,,,,,10.5263,,,,,,,,,,,,
2000-12-31,EME,,,,,,,,,,,,,,,,,,,,,,,,,,,,,,,,,,,,,,0.03,,,0.23,,,,,,,,,,,,,,,,,,,,,,,,,,,,,,,,,,,,,,,,,,,,,,,,,2001-02-20,,0.26,,pre-market,,,,,,,,,,,,,13.0435,,,,,,,,,,,,
2001-03-31,EME,,,,,,,,,,,,,,,,,,,,,,,,,,,,,,,,,,,,,,0.01,,,0.1,,,,,,,,,,,,,,,,,,,,,,,,,,,,,,,,,,,,,,,,,,,,,,,,,2001-04-24,,0.11,,pre-market,,,,,,,,,,,,,10.0,,,,,,,,,,,,
2001-06-30,EME,,,,,,,,,,,,,,,,,,,,,,,,,,,,,,,,,,,,,,0.0,,,0.2,,,,,,,,,,,,,,,,,,,,,,,,,,,,,,,,,,,,,,,,,,,,,,,,,2001-07-26,,0.2,,pre-market,,,,,,,,,,,,,0.0,,,,,,,,,,,,
2001-09-30,EME,,,,,,,,,,,,,,,,,,,,,,,,,,,,,,,,,,,,,,0.0,,,0.25,,,,,,,,,,,,,,,,,,,,,,,,,,,,,,,,,,,,,,,,,,,,,,,,,2001-10-25,,0.25,,pre-market,,,,,,,,,,,,,0.0,,,,,,,,,,,,
2001-12-31,EME,,,,,,,,,,,,,,,,,,,,,,,,,,,,,,,,,,,,,,0.0,,,0.28,,,,,,,,,,,,,,,,,,,,,,,,,,,,,,,,,,,,,,,,,,,,,,,,,2002-02-21,,0.28,,pre-market,,,,,,,,,,,,,0.0,,,,,,,,,,,,
2002-03-31,EME,,,,,,,,,,,,,,,,,,,,,,,,,,,,,,,,,,,,,,0.01,,,0.11,,,,,,,,,,,,,,,,,,,,,,,,,,,,,,,,,,,,,,,,,,,,,,,,,2002-04-30,,0.12,,pre-market,,,,,,,,,,,,,9.0909,,,,,,,,,,,,
2002-06-30,EME,,,,,,,,,,,,,,,,,,,,,,,,,,,,,,,,,,,,,,0.0,,,0.24,,,,,,,,,,,,,,,,,,,,,,,,,,,,,,,,,,,,,,,,,,,,,,,,,2002-07-25,,0.24,,pre-market,,,,,,,,,,,,,0.0,,,,,,,,,,,,
2002-09-30,EME,,,,,,,,,,,,,,,,,,,,,,,,,,,,,,,,,,,,,,0.0,,,0.32,,,,,,,,,,,,,,,,,,,,,,,,,,,,,,,,,,,,,,,,,,,,,,,,,2002-10-23,,0.32,,pre-market,,,,,,,,,,,,,0.0,,,,,,,,,,,,
2002-12-31,EME,,,,,,,,,,,,,,,,,,,,,,,,,,,,,,,,,,,,,,0.01,,,0.34,,,,,,,,,,,,,,,,,,,,,,,,,,,,,,,,,,,,,,,,,,,,,,,,,2003-02-26,,0.35,,pre-market,,,,,,,,,,,,,2.9412,,,,,,,,,,,,
2003-03-31,EME,,,,,,,,,,,,,,,,,,,,,,,,,,,,,,,,,,,,,,0.0,,,0.05,,,,,,,,,,,,,,,,,,,,,,,,,,,,,,,,,,,,,,,,,,,,,,,,,2003-04-24,,0.05,,pre-market,,,,,,,,,,,,,0.0,,,,,,,,,,,,
2003-06-30,EME,,,,,,,,,,,,,,,,,,,,,,,,,,,,,,,,,,,,,,-0.08,,,0.21,,,,,,,,,,,,,,,,,,,,,,,,,,,,,,,,,,,,,,,,,,,,,,,,,2003-07-24,,0.13,,pre-market,,,,,,,,,,,,,-38.0952,,,,,,,,,,,,
2003-09-30,EME,,,,,,,,,,,,,,,,,,,,,,,,,,,,,,,,,,,,,,0.01,,,0.1,,,,,,,,,,,,,,,,,,,,,,,,,,,,,,,,,,,,,,,,,,,,,,,,,2003-10-23,,0.11,,pre-market,,,,,,,,,,,,,10.0,,,,,,,,,,,,
2003-12-31,EME,,,,,,,,,,,,,,,,,,,,,,,,,,,,,,,,,,,,,,-0.08,,,0.12,,,,,,,,,,,,,,,,,,,,,,,,,,,,,,,,,,,,,,,,,,,,,,,,,2004-02-26,,0.04,,pre-market,,,,,,,,,,,,,-66.6667,,,,,,,,,,,,
2004-03-31,EME,,,,,,,,,,,,,,,,,,,,,,,,,,,,,,,,,,,,,,-0.02,,,0.01,,,,,,,,,,,,,,,,,,,,,,,,,,,,,,,,,,,,,,,,,,,,,,,,,2004-04-29,,-0.01,,pre-market,,,,,,,,,,,,,-200.0,,,,,,,,,,,,
2004-06-30,EME,,,,,,,,,,,,,,,,,,,,,,,,,,,,,,,,,,,,,,-0.09,,,0.11,,,,,,,,,,,,,,,,,,,,,,,,,,,,,,,,,,,,,,,,,,,,,,,,,2004-07-22,,0.02,,pre-market,,,,,,,,,,,,,-81.8182,,,,,,,,,,,,
2004-09-30,EME,,,,,,,,,,,,,,,,,,,,,,,,,,,,,,,,,,,,,,-0.04,,,0.18,,,,,,,,,,,,,,,,,,,,,,,,,,,,,,,,,,,,,,,,,,,,,,,,,2004-10-28,,0.14,,pre-market,,,,,,,,,,,,,-22.2222,,,,,,,,,,,,
2004-12-31,EME,,,,,,,,,,,,,,,,,,,,,,,,,,,,,,,,,,,,,,0.05,,,0.14,,,,,,,,,,,,,,,,,,,,,,,,,,,,,,,,,,,,,,,,,,,,,,,,,2005-02-28,,0.19,,pre-market,,,,,,,,,,,,,35.7143,,,,,,,,,,,,
2005-03-31,EME,,,,,,,,,,,,,,,,,,,,,,,,,,,,,,,,,,,,,,0.0,,,0.03,,,,,,,,,,,,,,,,,,,,,,,,,,,,,,,,,,,,,,,,,,,,,,,,,2005-04-28,,0.03,,pre-market,,,,,,,,,,,,,0.0,,,,,,,,,,,,
2005-06-30,EME,,,,,,,,,,,,,,,,,,,,,,,,,,,,,,,,,,,,,,0.02,,,0.11,,,,,,,,,,,,,,,,,,,,,,,,,,,,,,,,,,,,,,,,,,,,,,,,,2005-07-28,,0.13,,pre-market,,,,,,,,,,,,,18.1818,,,,,,,,,,,,
2005-09-30,EME,,,,,,,,,,,,,,,,,,,,,,,,,,,,,,,,,,,,,,0.02,,,0.21,,,,,,,,,,,,,,,,,,,,,,,,,,,,,,,,,,,,,,,,,,,,,,,,,2005-10-27,,0.23,,pre-market,,,,,,,,,,,,,9.5238,,,,,,,,,,,,
2005-12-31,EME,,,,,,,,,,,,,,,,,,,,,,,,,,,,,,,,,,,,,,0.04,,,0.27,,,,,,,,,,,,,,,,,,,,,,,,,,,,,,,,,,,,,,,,,,,,,,,,,2006-02-23,,0.31,,pre-market,,,,,,,,,,,,,14.8148,,,,,,,,,,,,
2006-03-31,EME,,,,,,,,,,,,,,,,,,,,,,,,,,,,,,,,,,,,,,0.02,,,0.1,,,,,,,,,,,,,,,,,,,,,,,,,,,,,,,,,,,,,,,,,,,,,,,,,2006-04-27,,0.12,,pre-market,,,,,,,,,,,,,20.0,,,,,,,,,,,,
2006-06-30,EME,,,,,,,,,,,,,,,,,,,,,,,,,,,,,,,,,,,,,,0.01,,,0.25,,,,,,,,,,,,,,,,,,,,,,,,,,,,,,,,,,,,,,,,,,,,,,,,,2006-07-27,,0.26,,pre-market,,,,,,,,,,,,,4.0,,,,,,,,,,,,
2006-09-30,EME,,,,,,,,,,,,,,,,,,,,,,,,,,,,,,,,,,,,,,0.01,,,0.34,,,,,,,,,,,,,,,,,,,,,,,,,,,,,,,,,,,,,,,,,,,,,,,,,2006-10-26,,0.35,,pre-market,,,,,,,,,,,,,2.9412,,,,,,,,,,,,
2006-12-31,EME,,,,,,,,,,,,,,,,,,,,,,,,,,,,,,,,,,,,,,0.04,,,0.36,,,,,,,,,,,,,,,,,,,,,,,,,,,,,,,,,,,,,,,,,,,,,,,,,2007-02-21,,0.4,,pre-market,,,,,,,,,,,,,11.1111,,,,,,,,,,,,
2007-03-31,EME,,,,,,,,,,,,,,,,,,,,,,,,,,,,,,,,,,,,,,0.0,,,0.18,,,,,,,,,,,,,,,,,,,,,,,,,,,,,,,,,,,,,,,,,,,,,,,,,2007-04-26,,0.18,,pre-market,,,,,,,,,,,,,0.0,,,,,,,,,,,,
2007-06-30,EME,,,,,,,,,,,,,,,,,,,,,,,,,,,,,,,,,,,,,,0.05,,,0.34,,,,,,,,,,,,,,,,,,,,,,,,,,,,,,,,,,,,,,,,,,,,,,,,,2007-07-26,,0.39,,pre-market,,,,,,,,,,,,,14.7059,,,,,,,,,,,,
2007-09-30,EME,,,,,,,,,,,,,,,,,,,,,,,,,,,,,,,,,,,,,,0.08,,,0.47,,,,,,,,,,,,,,,,,,,,,,,,,,,,,,,,,,,,,,,,,,,,,,,,,2007-10-25,,0.55,,pre-market,,,,,,,,,,,,,17.0213,,,,,,,,,,,,
2007-12-31,EME,,,,,,,,,,,,,,,,,,,,,,,,,,,,,,,,,,,,,,0.09,,,0.66,,,,,,,,,,,,,,,,,,,,,,,,,,,,,,,,,,,,,,,,,,,,,,,,,2008-02-21,,0.75,,pre-market,,,,,,,,,,,,,13.6364,,,,,,,,,,,,
2008-03-31,EME,,,,,,,,,,,,,,,,,,,,,,,,,,,,,,,,,,,,,,0.12,,,0.32,,,,,,,,,,,,,,,,,,,,,,,,,,,,,,,,,,,,,,,,,,,,,,,,,2008-04-24,,0.44,,pre-market,,,,,,,,,,,,,37.5,,,,,,,,,,,,
2008-06-30,EME,,,,,,,,,,,,,,,,,,,,,,,,,,,,,,,,,,,,,,0.16,,,0.56,,,,,,,,,,,,,,,,,,,,,,,,,,,,,,,,,,,,,,,,,,,,,,,,,2008-07-29,,0.72,,pre-market,,,,,,,,,,,,,28.5714,,,,,,,,,,,,
2008-09-30,EME,,,,,,,,,,,,,,,,,,,,,,,,,,,,,,,,,,,,,,0.06,,,0.66,,,,,,,,,,,,,,,,,,,,,,,,,,,,,,,,,,,,,,,,,,,,,,,,,2008-10-23,,0.72,,pre-market,,,,,,,,,,,,,9.0909,,,,,,,,,,,,
2008-12-31,EME,,,,,,,,,,,,,,,,,,,,,,,,,,,,,,,,,,,,,,0.16,,,0.74,,,,,,,,,,,,,,,,,,,,,,,,,,,,,,,,,,,,,,,,,,,,,,,,,2009-02-26,,0.9,,pre-market,,,,,,,,,,,,,21.6216,,,,,,,,,,,,
2009-03-31,EME,,,,,,,,,,,,,,,,,,,,,,,,,,,,,,,,,,,,,,0.22,,,0.33,,,,,,,,,,,,,,,,,,,,,,,,,,,,,,,,,,,,,,,,,,,,,,,,,2009-04-28,,0.55,,pre-market,,,,,,,,,,,,,66.6667,,,,,,,,,,,,
2009-06-30,EME,,,,,,,,,,,,,,,,,,,,,,,,,,,,,,,,,,,,,,0.16,,,0.51,,,,,,,,,,,,,,,,,,,,,,,,,,,,,,,,,,,,,,,,,,,,,,,,,2009-07-30,,0.67,,pre-market,,,,,,,,,,,,,31.3725,,,,,,,,,,,,
2009-09-30,EME,,,,,,,,,,,,,,,,,,,,,,,,,,,,,,,,,,,,,,0.07,,,0.52,,,,,,,,,,,,,,,,,,,,,,,,,,,,,,,,,,,,,,,,,,,,,,,,,2009-10-29,,0.59,,pre-market,,,,,,,,,,,,,13.4615,,,,,,,,,,,,
2009-12-31,EME,,,,,,,,,,,,,,,,,,,,,,,,,,,,,,,,,,,,,,0.23,,,0.49,,,,,,,,,,,,,,,,,,,,,,,,,,,,,,,,,,,,,,,,,,,,,,,,,2010-02-25,,0.72,,pre-market,,,,,,,,,,,,,46.9388,,,,,,,,,,,,
2010-03-31,EME,,,,,,,,,,,,,,,,,,,,,,,,,,,,,,,,,,,,,,-0.04,,,0.36,,,,,,,,,,,,,,,,,,,,,,,,,,,,,,,,,,,,,,,,,,,,,,,,,2010-04-29,,0.32,,pre-market,,,,,,,,,,,,,-11.1111,,,,,,,,,,,,
2010-06-30,EME,,,,,,,,,,,,,,,,,,,,,,,,,,,,,,,,,,,,,,0.03,,,0.43,,,,,,,,,,,,,,,,,,,,,,,,,,,,,,,,,,,,,,,,,,,,,,,,,2010-07-29,,0.46,,pre-market,,,,,,,,,,,,,6.9767,,,,,,,,,,,,
2010-09-30,EME,,,,,,,,,,,,,,,,,,,,,,,,,,,,,,,,,,,,,,-0.05,,,0.5,,,,,,,,,,,,,,,,,,,,,,,,,,,,,,,,,,,,,,,,,,,,,,,,,2010-11-02,,0.45,,pre-market,,,,,,,,,,,,,-10.0,,,,,,,,,,,,
2010-12-31,EME,,,,,,,,,,,,,,,,,,,,,,,,,,,,,,,,,,,,,,-0.02,,,0.61,,,,,,,,,,,,,,,,,,,,,,,,,,,,,,,,,,,,,,,,,,,,,,,,,2011-02-24,,0.59,,pre-market,,,,,,,,,,,,,-3.2787,,,,,,,,,,,,
2011-03-31,EME,,,,,,,,,,,,,,,,,,,,,,,,,,,,,,,,,,,,,,0.05,,,0.31,,,,,,,,,,,,,,,,,,,,,,,,,,,,,,,,,,,,,,,,,,,,,,,,,2011-04-28,,0.36,,pre-market,,,,,,,,,,,,,16.129,,,,,,,,,,,,
2011-06-30,EME,,,,,,,,,,,,,,,,,,,,,,,,,,,,,,,,,,,,,,0.02,,,0.4,,,,,,,,,,,,,,,,,,,,,,,,,,,,,,,,,,,,,,,,,,,,,,,,,2011-07-28,,0.42,,pre-market,,,,,,,,,,,,,5.0,,,,,,,,,,,,
2011-09-30,EME,,,,,,,,,,,,,,,,,,,,,,,,,,,,,,,,,,,,,,0.0,,,0.47,,,,,,,,,,,,,,,,,,,,,,,,,,,,,,,,,,,,,,,,,,,,,,,,,2011-10-27,,0.47,,pre-market,,,,,,,,,,,,,0.0,,,,,,,,,,,,
2011-12-31,EME,,,,,,,,,,,,,,,,,,,,,,,,,,,,,,,,,,,,,,0.03,,,0.54,,,,,,,,,,,,,,,,,,,,,,,,,,,,,,,,,,,,,,,,,,,,,,,,,2012-02-23,,0.57,,pre-market,,,,,,,,,,,,,5.5556,,,,,,,,,,,,
2012-03-31,EME,,,,,,,,,,,,,,,,,,,,,,,,,,,,,,,,,,,,,,0.05,,,0.35,,,,,,,,,,,,,,,,,,,,,,,,,,,,,,,,,,,,,,,,,,,,,,,,,2012-04-26,,0.4,,pre-market,,,,,,,,,,,,,14.2857,,,,,,,,,,,,
2012-06-30,EME,,,,,,,,,,,,,,,,,,,,,,,,,,,,,,,,,,,,,,0.04,,,0.45,,,,,,,,,,,,,,,,,,,,,,,,,,,,,,,,,,,,,,,,,,,,,,,,,2012-07-26,,0.49,,pre-market,,,,,,,,,,,,,8.8889,,,,,,,,,,,,
2012-09-30,EME,,,,,,,,,,,,,,,,,,,,,,,,,,,,,,,,,,,,,,0.1,,,0.49,,,,,,,,,,,,,,,,,,,,,,,,,,,,,,,,,,,,,,,,,,,,,,,,,2012-10-25,,0.59,,pre-market,,,,,,,,,,,,,20.4082,,,,,,,,,,,,
2012-12-31,EME,,,,,,,,,,,,,,,,,,,,,,,,,,,,,,,,,,,,,,0.08,,,0.6,,,,,,,,,,,,,,,,,,,,,,,,,,,,,,,,,,,,,,,,,,,,,,,,,2013-02-26,,0.68,,pre-market,,,,,,,,,,,,,13.3333,,,,,,,,,,,,
2013-03-31,EME,,,,,,,,,,,,,,,,,,,,,,,,,,,,,,,,,,,,,,0.0,,,0.44,,,,,,,,,,,,,,,,,,,,,,,,,,,,,,,,,,,,,,,,,,,,,,,,,2013-04-25,,0.44,,pre-market,,,,,,,,,,,,,0.0,,,,,,,,,,,,
2013-06-30,EME,,,,,,,,,,,,,,,,,,,,,,,,,,,,,,,,,,,,,,-0.05,,,0.53,,,,,,,,,,,,,,,,,,,,,,,,,,,,,,,,,,,,,,,,,,,,,,,,,2013-07-25,,0.48,,pre-market,,,,,,,,,,,,,-9.434,,,,,,,,,,,,
2013-09-30,EME,,,,,,,,,,,,,,,,,,,,,,,,,,,,,,,,,,,,,,-0.12,,,0.6,,,,,,,,,,,,,,,,,,,,,,,,,,,,,,,,,,,,,,,,,,,,,,,,,2013-10-24,,0.48,,pre-market,,,,,,,,,,,,,-20.0,,,,,,,,,,,,
2013-12-31,EME,,,,,,,,,,,,,,,,,,,,,,,,,,,,,,,,,,,,,,0.06,,,0.7,,,,,,,,,,,,,,,,,,,,,,,,,,,,,,,,,,,,,,,,,,,,,,,,,2014-02-25,,0.76,,pre-market,,,,,,,,,,,,,8.5714,,,,,,,,,,,,
2014-03-31,EME,,,,,,,,,,,,,,,,,,,,,,,,,,,,,,,,,,,,,,0.12,,,0.52,,,,,,,,,,,,,,,,,,,,,,,,,,,,,,,,,,,,,,,,,,,,,,,,,2014-04-29,,0.64,,pre-market,,,,,,,,,,,,,23.0769,,,,,,,,,,,,
2014-06-30,EME,,,,,,,,,,,,,,,,,,,,,,,,,,,,,,,,,,,,,,0.0,,,0.61,,,,,,,,,,,,,,,,,,,,,,,,,,,,,,,,,,,,,,,,,,,,,,,,,2014-07-29,,0.61,,pre-market,,,,,,,,,,,,,0.0,,,,,,,,,,,,
2014-09-30,EME,,,,,,,,,,,,,,,,,,,,,,,,,,,,,,,,,,,,,,-0.08,,,0.65,,,,,,,,,,,,,,,,,,,,,,,,,,,,,,,,,,,,,,,,,,,,,,,,,2014-10-28,,0.57,,pre-market,,,,,,,,,,,,,-12.3077,,,,,,,,,,,,
2014-12-31,EME,,,,,,,,,,,,,,,,,,,,,,,,,,,,,,,,,,,,,,-0.07,,,0.75,,,,,,,,,,,,,,,,,,,,,,,,,,,,,,,,,,,,,,,,,,,,,,,,,2015-02-26,,0.68,,pre-market,,,,,,,,,,,,,-9.3333,,,,,,,,,,,,
2015-03-31,EME,,,,,,,,,,,,,,,,,,,,,,,,,,,,,,,,,,,,,,-0.11,,,0.63,,,,,,,,,,,,,,,,,,,,,,,,,,,,,,,,,,,,,,,,,,,,,,,,,2015-04-30,,0.52,,pre-market,,,,,,,,,,,,,-17.4603,,,,,,,,,,,,
2015-06-30,EME,,,,,,,,,,,,,,,,,,,,,,,,,,,,,,,,,,,,,,0.08,,,0.66,,,,,,,,,,,,,,,,,,,,,,,,,,,,,,,,,,,,,,,,,,,,,,,,,2015-07-30,,0.74,,pre-market,,,,,,,,,,,,,12.1212,,,,,,,,,,,,
2015-09-30,EME,,,,,,,,,,,,,,,,,,,,,,,,,,,,,,,,,,,,,,-0.04,,,0.7,,,,,,,,,,,,,,,,,,,,,,,,,,,,,,,,,,,,,,,,,,,,,,,,,2015-10-29,,0.66,,pre-market,,,,,,,,,,,,,-5.7143,,,,,,,,,,,,
2015-12-31,EME,,,,,,,,,,,,,,,,,,,,,,,,,,,,,,,,,,,,,,0.03,,,0.77,,,,,,,,,,,,,,,,,,,,,,,,,,,,,,,,,,,,,,,,,,,,,,,,,2016-02-25,,0.8,,pre-market,,,,,,,,,,,,,3.8961,,,,,,,,,,,,
2016-03-31,EME,,,,,,,,,,,,,,,,,,,,,,,,,,,,,,,,,,,,,,-0.01,,,0.58,,,,,,,,,,,,,,,,,,,,,,,,,,,,,,,,,,,,,,,,,,,,,,,,,2016-04-28,,0.57,,post-market,,,,,,,,,,,,,-1.7241,,,,,,,,,,,,
2016-06-30,EME,,,,,,,,,,,,,,,,,,,,,,,,,,,,,,,,,,,,,,0.24,,,0.71,,,,,,,,,,,,,,,,,,,,,,,,,,,,,,,,,,,,,,,,,,,,,,,,,2016-07-28,,0.95,,pre-market,,,,,,,,,,,,,33.8028,,,,,,,,,,,,
2016-09-30,EME,,,,,,,,,,,,,,,,,,,,,,,,,,,,,,,,,,,,,,0.08,,,0.77,,,,,,,,,,,,,,,,,,,,,,,,,,,,,,,,,,,,,,,,,,,,,,,,,2016-10-27,,0.85,,pre-market,,,,,,,,,,,,,10.3896,,,,,,,,,,,,
2016-12-31,EME,,,,,,,,,,,,,,,,,,,,,,,,,,,,,,,,,,,,,,-0.11,,,0.83,,,,,,,,,,,,,,,,,,,,,,,,,,,,,,,,,,,,,,,,,,,,,,,,,2017-02-23,,0.72,,pre-market,,,,,,,,,,,,,-13.253,,,,,,,,,,,,
2017-03-31,EME,,,,,,,,,,,,,,,,,,,,,,,,,,,,,,,,,,,,,,0.23,,,0.65,,,,,,,,,,,,,,,,,,,,,,,,,,,,,,,,,,,,,,,,,,,,,,,,,2017-04-27,,0.88,,pre-market,,,,,,,,,,,,,35.3846,,,,,,,,,,,,
2017-06-30,EME,,,,,,,,,,,,,,,,,,,,,,,,,,,,,,,,,,,,,,0.11,,,0.84,,,,,,,,,,,,,,,,,,,,,,,,,,,,,,,,,,,,,,,,,,,,,,,,,2017-07-27,,0.95,,pre-market,,,,,,,,,,,,,13.0952,,,,,,,,,,,,
2017-09-30,EME,,,,,,,,,,,,,,,,,,,,,,,,,,,,,,,,,,,,,,0.28,,,0.81,,,,,,,,,,,,,,,,,,,,,,,,,,,,,,,,,,,,,,,,,,,,,,,,,2017-10-26,,1.09,,pre-market,,,,,,,,,,,,,34.5679,,,,,,,,,,,,
2017-12-31,EME,,,,,,,,,,,,,,,,,,,,,,,,,,,,,,,,,,,,,,0.27,,,0.86,,,,,,,,,,,,,,,,,,,,,,,,,,,,,,,,,,,,,,,,,,,,,,,,,2018-02-22,,1.13,,pre-market,,,,,,,,,,,,,31.3953,,,,,,,,,,,,
2018-03-31,EME,,,,,,,,,,,,,,,,,,,,,,,,,,,,,,,,,,,,,,0.09,,,0.85,,,,,,,,,,,,,,,,,,,,,,,,,,,,,,,,,,,,,,,,,,,,,,,,,2018-04-26,,0.94,,pre-market,,,,,,,,,,,,,10.5882,,,,,,,,,,,,
2018-06-30,EME,,,,,,,,,,,,,,,,,,,,,,,,,,,,,,,,,,,,,,0.23,,,1.0,,,,,,,,,,,,,,,,,,,,,,,,,,,,,,,,,,,,,,,,,,,,,,,,,2018-07-26,,1.23,,pre-market,,,,,,,,,,,,,23.0,,,,,,,,,,,,
2018-09-30,EME,,,,,,,,,,,,,,,,,,,,,,,,,,,,,,,,,,,,,,0.12,,,1.23,,,,,,,,,,,,,,,,,,,,,,,,,,,,,,,,,,,,,,,,,,,,,,,,,2018-10-25,,1.35,,pre-market,,,,,,,,,,,,,9.7561,,,,,,,,,,,,
2018-12-31,EME,,,,,,,,,,,,,,,,,,,,,,,,,,,,,,,,,,,,,,0.03,,,1.35,,,,,,,,,,,,,,,,,,,,,,,,,,,,,,,,,,,,,,,,,,,,,,,,,2019-02-21,,1.38,,pre-market,,,,,,,,,,,,,2.2222,,,,,,,,,,,,
2019-03-31,EME,,,,,,,,,,,,,,,,,,,,,,,,,,,,,,,,,,,,,,0.19,,,1.09,,,,,,,,,,,,,,,,,,,,,,,,,,,,,,,,,,,,,,,,,,,,,,,,,2019-04-30,,1.28,,pre-market,,,,,,,,,,,,,17.4312,,,,,,,,,,,,
2019-06-30,EME,,,,,,,,,,,,,,,,,,,,,,,,,,,,,,,,,,,,,,0.16,,,1.33,,,,,,,,,,,,,,,,,,,,,,,,,,,,,,,,,,,,,,,,,,,,,,,,,2019-07-30,,1.49,,pre-market,,,,,,,,,,,,,12.0301,,,,,,,,,,,,
2019-09-30,EME,,,,,,,,,,,,,,,,,,,,,,,,,,,,,,,,,,,,,,0.02,,,1.43,,,,,,,,,,,,,,,,,,,,,,,,,,,,,,,,,,,,,,,,,,,,,,,,,2019-10-29,,1.45,,pre-market,,,,,,,,,,,,,1.3986,,,,,,,,,,,,
2019-12-31,EME,,,,,,,,,,,,,,,,,,,,,,,,,,,,,,,,,,,,,,0.03,,,1.5,,,,,,,,,,,,,,,,,,,,,,,,,,,,,,,,,,,,,,,,,,,,,,,,,2020-02-27,,1.53,,pre-market,,,,,,,,,,,,,2.0,,,,,,,,,,,,
2020-03-31,EME,,,,,,,,,,,,,,,,,,,,,,,,,,,,,,,,,,,,,,0.01,,,1.34,,,,,,,,,,,,,,,,,,,,,,,,,,,,,,,,,,,,,,,,,,,,,,,,,2020-04-30,,1.35,,pre-market,,,,,,,,,,,,,0.7463,,,,,,,,,,,,
2020-06-30,EME,,,,,,,,,,,,,,,,,,,,,,,,,,,,,,,,,,,,,,0.55,,,0.89,,,,,,,,,,,,,,,,,,,,,,,,,,,,,,,,,,,,,,,,,,,,,,,,,2020-08-03,,1.44,,pre-market,,,,,,,,,,,,,61.7978,,,,,,,,,,,,
2020-09-30,EME,,,,,,,,,,,,,,,,,,,,,,,,,,,,,,,,,,,,,,0.51,,,1.25,,,,,,,,,,,,,,,,,,,,,,,,,,,,,,,,,,,,,,,,,,,,,,,,,2020-10-29,,1.76,,pre-market,,,,,,,,,,,,,40.8,,,,,,,,,,,,
2020-12-31,EME,,,,,,,,,,,,,,,,,,,,,,,,,,,,,,,,,,,,,,0.42,,,1.44,,,,,,,,,,,,,,,,,,,,,,,,,,,,,,,,,,,,,,,,,,,,,,,,,2021-02-25,,1.86,,pre-market,,,,,,,,,,,,,29.1667,,,,,,,,,,,,
2021-03-31,EME,,,,,,,,,,,,,,,,,,,,,,,,,,,,,,,,,,,,,,0.32,,,1.22,,,,,,,,,,,,,,,,,,,,,,,,,,,,,,,,,,,,,,,,,,,,,,,,,2021-04-29,,1.54,,pre-market,,,,,,,,,,,,,26.2295,,,,,,,,,,,,
2021-06-30,EME,,,,,,,,,,,,,,,,,,,,,,,,,,,,,,,,,,,,,,0.2,,,1.58,,,,,,,,,,,,,,,,,,,,,,,,,,,,,,,,,,,,,,,,,,,,,,,,,2021-07-29,,1.78,,pre-market,,,,,,,,,,,,,12.6582,,,,,,,,,,,,
2021-09-30,EME,,,,,,,,,,,,,,,,,,,,,,,,,,,,,,,,,,,,,,0.06,,,1.79,,,,,,,,,,,,,,,,,,,,,,,,,,,,,,,,,,,,,,,,,,,,,,,,,2021-10-28,,1.85,,pre-market,,,,,,,,,,,,,3.352,,,,,,,,,,,,
2021-12-31,EME,,,,,,,,,,,,,,,,,,,,,,,,,,,,,,,,,,,,,,0.0,,,1.89,,,,,,,,,,,,,,,,,,,,,,,,,,,,,,,,,,,,,,,,,,,,,,,,,2022-02-24,,1.89,,pre-market,,,,,,,,,,,,,0.0,,,,,,,,,,,,
2022-03-31,EME,,,,,,,,,,,,,,,,,,,,,,,,,,,,,,,,,,,,,,-0.22,,,1.61,,,,,,,,,,,,,,,,,,,,,,,,,,,,,,,,,,,,,,,,,,,,,,,,,2022-04-28,,1.39,,pre-market,,,,,,,,,,,,,-13.6646,,,,,,,,,,,,
2022-06-30,EME,,,,,,,,,,,,,,,,,,,,,,,,,,,,,,,,,,,,,,0.31,,,1.68,,,,,,,,,,,,,,,,,,,,,,,,,,,,,,,,,,,,,,,,,,,,,,,,,2022-07-28,,1.99,,pre-market,,,,,,,,,,,,,18.4524,,,,,,,,,,,,
2022-09-30,EME,,,,,,,,,,,,,,,,,,,,,,,,,,,,,,,,,,,,,,0.08,,,2.08,,,,,,,,,,,,,,,,,,,,,,,,,,,,,,,,,,,,,,,,,,,,,,,,,2022-10-27,,2.16,,pre-market,,,,,,,,,,,,,3.8462,,,,,,,,,,,,
2022-12-31,EME,,,,,,,,,,,,,,,,,,,,,,,,,,,,,,,,,,,,,,0.36,,,2.27,,,,,,,,,,,,,,,,,,,,,,,,,,,,,,,,,,,,,,,,,,,,,,,,,2023-02-23,,2.63,,pre-market,,,,,,,,,,,,,15.859,,,,,,,,,,,,
2023-03-31,EME,,,,,,,,,,,,,,,,,,,,,,,,,,,,,,,,,,,,,,0.52,,,1.8,,,,,,,,,,,,,,,,,,,,,,,,,,,,,,,,,,,,,,,,,,,,,,,,,2023-04-27,,2.32,,pre-market,,,,,,,,,,,,,28.8889,,,,,,,,,,,,
2023-06-30,EME,,,,,,,,,,,,,,,,,,,,,,,,,,,,,,,,,,,,,,0.59,,,2.36,,,,,,,,,,,,,,,,,,,,,,,,,,,,,,,,,,,,,,,,,,,,,,,,,2023-07-27,,2.95,,pre-market,,,,,,,,,,,,,25.0,,,,,,,,,,,,
2023-09-30,EME,,,,,,,,,,,,,,,,,,,,,,,,,,,,,,,,,,,,,,0.85,,,2.72,,,,,,,,,,,,,,,,,,,,,,,,,,,,,,,,,,,,,,,,,,,,,,,,,2023-10-26,,3.57,,pre-market,,,,,,,,,,,,,31.25,,,,,,,,,,,,
2023-12-31,EME,,,,,,,,,,,,,,,,,,,,,,,,,,,,,,,,,,,,,,0.92,,,3.55,,,,,,,,,,,,,,,,,,,,,,,,,,,,,,,,,,,,,,,,,,,,,,,,,2024-02-28,,4.47,,pre-market,,,,,,,,,,,,,25.9155,,,,,,,,,,,,
2024-03-31,EME,,,,,,,,,,,,,,,,,,,,,,,,,,,,,,,,,,,,,,1.33,,,2.84,,,,,,,,,,,,,,,,,,,,,,,,,,,,,,,,,,,,,,,,,,,,,,,,,2024-04-25,,4.17,,pre-market,,,,,,,,,,,,,46.831,,,,,,,,,,,,
2024-06-30,EME,,,,,,,,,,,,,,,,,,,,,,,,,,,,,,,,,,,,,,1.49,,,3.76,,,,,,,,,,,,,,,,,,,,,,,,,,,,,,,,,,,,,,,,,,,,,,,,,2024-07-25,,5.25,,pre-market,,,,,,,,,,,,,39.6277,,,,,,,,,,,,
2024-09-30,EME,,,,,,,,,,,,,,,,,,,,,,,,,,,,,,,,,,,,,,0.82,,,4.98,,,,,,,,,,,,,,,,,,,,,,,,,,,,,,,,,,,,,,,,,,,,,,,,,2024-10-31,,5.8,,pre-market,,,,,,,,,,,,,16.4659,,,,,,,,,,,,
2024-12-31,EME,,,,,,,,,,,,,,,,,,,,,,,,,,,,,,,,,,,,,,0.5617,,,5.7583,,,,,,,,,,,,,,,,,,,,,,,,,,,,,,,,,,,,,,,,,,,,,,,,,2025-02-26,,6.32,,pre-market,,,,,,,,,,,,,9.7546,,,,,,,,,,,,
2025-03-31,EME,,,,,,,,,,,,,,,,,,,,,,,,,,,,,,,,,,,,,,0.635,,,4.625,,,,,,,,,,,,,,,,,,,,,,,,,,,,,,,,,,,,,,,,,,,,,,,,,2025-04-23,,5.26,,pre-market,,,,,,,,,,,,,13.7297,,,,,,,,,,,,
2025-06-30,EME,,,,,,,,,,,,,,,,,,,,,,,,,,,,,,,,,,,,,,0.95,,,5.77,,,,,,,,,,,,,,,,,,,,,,,,,,,,,,,,,,,,,,,,,,,,,,,,,2025-07-23,,6.72,,pre-market,,,,,,,,,,,,,16.4645,,,,,,,,,,,,
2025-09-30,EME,,,,,,,,,,,,,,,,,,,,,,,,,,,,,,,,,,,,,,0.05,,,6.52,,,,,,,,,,,,,,,,,,,,,,,,,,,,,,,,,,,,,,,,,,,,,,,,,2025-10-23,,6.57,,pre-market,,,,,,,,,,,,,0.7669,,,,,,,,,,,,
2025-12-28,EME,24.83,16243320000.0,25.26,,1.17,74.51,,,,,,,,,,,,,,,,,,,,,,,,,,1.0,0.0016,,,,0.133,0.05,,,6.52,,21.23,,3148817000.0,,,,,,,,,,,,,,,,,,,0.0943,,,,,,,,,,,,,1.32,8.42,1.728,,,,,,,,0.0696,,,2025-10-23,,6.57,,pre-market,,,0.12,0.371,0.164,357.66,,,,,554.23,643.92,0.7669,,,,,,,,,25.26,,778.64,320.42
2025-12-28,EME,24.83,16243320000.0,25.26,,1.17,74.51,,,,,,,,,,,,,,,None,3466216000,3466216000,,,,,,None,49426000,,1.0,0.0016,,,,0.133,0.05,407590000,457016000,6.52,2025-09-30,21.23,,3148817000.0,835313000,407590000,112217000,,,None,None,1838000,,None,,,,,295373000,295373000,1838000,None,0.0943,,429617000,405696000,,,,,None,,,,,1.32,8.42,1.728,,,,,,,,0.0696,,,2025-10-23,quarterly,6.57,USD,pre-market,None,,0.12,0.371,0.164,357.66,429617000,,,,554.23,643.92,0.7669,,,,,,,4301529000,,25.26,,778.64,320.42
2025-12-28,EME,24.83,16243320000.0,25.26,,1.17,74.51,,,,,,,,,,,,,,,None,3470629000,3470629000,,,,,,None,46646000,,1.0,0.0016,,,,0.133,0.05,415212000,461858000,6.52,2025-06-30,21.23,,3148817000.0,833770999,412027000,109867000,,,None,3240000,3240000,,None,,,,,302160000,302160000,-3240000,None,0.0943,,418559000,415212000,,,,,None,,,,,1.32,8.42,1.728,,,,,,,,0.0696,,,2025-10-23,quarterly,6.57,USD,pre-market,None,,0.12,0.371,0.164,357.66,418559000,,,,554.23,643.92,0.7669,,,,,,,4304400000,,25.26,,778.64,320.42
2025-12-28,EME,24.83,16243320000.0,25.26,,1.17,74.51,,,,,,,,,,,,,,,None,3144654000,3144654000,,,,,,None,41945000,,1.0,0.0016,,,,0.133,0.05,318756000,360701000,6.52,2025-03-31,21.23,,3148817000.0,722718000,324197000,83520000,,,None,None,5387000,,None,,,,,240677000,240677000,5387000,None,0.0943,,403962000,318756000,,,,,None,,,,,1.32,8.42,1.728,,,,,,,,0.0696,,,2025-10-23,quarterly,6.57,USD,pre-market,None,,0.12,0.371,0.164,357.66,403962000,,,,554.23,643.92,0.7669,,,,,,,3867372000,,25.26,,778.64,320.42
2025-12-28,EME,24.83,16243320000.0,25.26,,1.17,74.51,,,,,,,,,,,,,,,None,3013004000,3013004000,,,,,,None,35322000,,1.0,0.0016,,,,0.133,0.05,424862000,460184000,6.52,2024-12-31,21.23,,3148817000.0,757015000,398454000,106293000,,,None,None,9666000,,None,,,,,292161000,292161000,9666000,None,0.0943,,368451000,388564000,,,,,None,,,,,1.32,8.42,1.728,,,,,,,,0.0696,,,2025-10-23,quarterly,6.57,USD,pre-market,None,,0.12,0.371,0.164,357.66,350972000,,,,554.23,643.92,0.7669,,,,,,,3770019000,,25.26,,778.64,320.42
2025-12-28,EME,24.83,16243320000.0,25.26,,1.17,74.51,,,,,,,,,,,,,,,None,2962198000,2962198000,,,,,,None,34538000,,1.0,0.0016,,,,0.133,0.05,363538000,398076000,6.52,2024-09-30,21.23,,3148817000.0,734726000,372077000,101814000,,,None,8312000,8312000,,None,,,,,270263000,270263000,8312000,None,0.0943,,371188000,363538000,,,,,None,,,,,1.32,8.42,1.728,,,,,,,,0.0696,,,2025-10-23,quarterly,6.57,USD,pre-market,None,,0.12,0.371,0.164,357.66,371188000,,,,554.23,643.92,0.7669,,,,,,,3696924000,,25.26,,778.64,320.42
2025-12-28,EME,24.83,16243320000.0,25.26,,1.17,74.51,,,,,,,,,,,,,,,None,2982896000,2982896000,,,,,,None,34232000,,1.0,0.0016,,,,0.133,0.05,333029000,367261000,6.52,2024-06-30,21.23,,3148817000.0,684001000,339135000,91563000,,,None,6106000,None,,None,,,,,247572000,247572000,6106000,None,0.0943,,351193000,332808000,,,,,None,,,,,1.32,8.42,1.728,,,,,,,,0.0696,,,2025-10-23,quarterly,6.57,USD,pre-market,None,,0.12,0.371,0.164,357.66,350972000,,,,554.23,643.92,0.7669,,,,,,,3666897000,,25.26,,778.64,320.42
2025-12-28,EME,24.83,16243320000.0,25.26,,1.17,74.51,,,,,,,,,,,,,,,None,2842967000,2842967000,,,,,,None,29588000,,1.0,0.0016,,,,0.133,0.05,259953000,289541000,6.52,2024-03-31,21.23,,3148817000.0,589309000,267716000,70567000,,,None,7541000,7541000,,None,,,,,197149000,197149000,7541000,None,0.0943,,329356000,259953000,,,,,None,,,,,1.32,8.42,1.728,,,,,,,,0.0696,,,2025-10-23,quarterly,6.57,USD,pre-market,None,,0.12,0.371,0.164,357.66,329356000,,,,554.23,643.92,0.7669,,,,,,,3432276000,,25.26,,778.64,320.42
2025-12-28,EME,24.83,16243320000.0,25.26,,1.17,74.51,,,,,,,,,,,,,,,None,2821476000,2821476000,,,,,,None,31186000,,1.0,0.0016,,,,0.133,0.05,304332000,335518000,6.52,2023-12-31,21.23,,3148817000.0,617745000,291747000,80232000,,,None,12585000,None,,None,,,,,211517000,211515000,2830000,None,0.0943,,328549000,289196000,,,,,None,,,,,1.32,8.42,1.728,,,,,,,,0.0696,,,2025-10-23,quarterly,6.57,USD,pre-market,None,,0.12,0.371,0.164,357.66,328549000,,,,554.23,643.92,0.7669,,,,,,,3439221000,,25.26,,778.64,320.42
2025-12-28,EME,24.83,16243320000.0,25.26,,1.17,74.51,,,,,,,,,,,,,,,None,2662126000,2662126000,,,,,,None,30286000,,1.0,0.0016,,,,0.133,0.05,237333000,267619000,6.52,2023-09-30,21.23,,3148817000.0,545472000,234609000,64863000,,,None,90000,90000,,None,,,,,169409000,169746000,-90000,None,0.0943,,310489000,234983000,,,,,None,,,,,1.32,8.42,1.728,,,,,,,,0.0696,,,2025-10-23,quarterly,6.57,USD,pre-market,None,,0.12,0.371,0.164,357.66,308139000,,,,554.23,643.92,0.7669,,,,,,,3207598000,,25.26,,778.64,320.42
2025-12-28,EME,24.83,16243320000.0,25.26,,1.17,74.51,,,,,,,,,,,,,,,None,2555562000,2555562000,,,,,,None,28995000,,1.0,0.0016,,,,0.133,0.05,196385000,225380000,6.52,2023-06-30,21.23,,3148817000.0,490060000,193693000,53098000,,,None,2692000,2692000,,None,,,,,140595000,140595000,-2692000,None,0.0943,,293393000,196667000,,,,,None,,,,,1.32,8.42,1.728,,,,,,,,0.0696,,,2025-10-23,quarterly,6.57,USD,pre-market,None,,0.12,0.371,0.164,357.66,293675000,,,,554.23,643.92,0.7669,,,,,,,3045622000,,25.26,,778.64,320.42
2025-12-28,EME,24.83,16243320000.0,25.26,,1.17,74.51,,,,,,,,,,,,,,,None,2454370000,2454370000,,,,,,None,28498000,,1.0,0.0016,,,,0.133,0.05,154636000,183134000,6.52,2023-03-31,21.23,,3148817000.0,436062000,152804000,41331000,,,None,1832000,1832000,,None,,,,,111473000,111473000,-1832000,None,0.0943,,281152000,154910000,,,,,None,,,,,1.32,8.42,1.728,,,,,,,,0.0696,,,2025-10-23,quarterly,6.57,USD,pre-market,None,,0.12,0.371,0.164,357.66,281152000,,,,554.23,643.92,0.7669,,,,,,,2890432000,,25.26,,778.64,320.42
2025-12-28,EME,24.83,16243320000.0,25.26,,1.17,74.51,,,,,,,,,,,,,,,None,2495022000,2495022000,,,,,,None,27978000,,1.0,0.0016,,,,0.133,0.05,180966000,208944000,6.52,2022-12-31,21.23,,3148817000.0,454800000,174001000,47701000,,,None,6965000,4204000,,None,,,,,126300000,126300000,-4204000,None,0.0943,,277618000,177182000,,,,,2761000,,,,,1.32,8.42,1.728,,,,,,,,0.0696,,,2025-10-23,quarterly,6.57,USD,pre-market,None,,0.12,0.371,0.164,357.66,277618000,,,,554.23,643.92,0.7669,,,,,,,2949822000,,25.26,,778.64,320.42
2025-12-28,EME,24.83,16243320000.0,25.26,,1.17,74.51,,,,,,,,,,,,,,,None,2413130000,2413130000,,,,,,None,27496000,,1.0,0.0016,,,,0.133,0.05,151119000,178615000,6.52,2022-09-30,21.23,,3148817000.0,413231000,147925000,42153000,,,None,3194000,3194000,,None,,,,,105772000,105772000,-3194000,None,0.0943,,263137000,150094000,,,,,None,,,,,1.32,8.42,1.728,,,,,,,,0.0696,,,2025-10-23,quarterly,6.57,USD,pre-market,None,,0.12,0.371,0.164,357.66,263137000,,,,554.23,643.92,0.7669,,,,,,,2826361000,,25.26,,778.64,320.42
2025-12-28,EME,24.83,16243320000.0,25.26,,1.17,74.51,,,,,,,,,,,,,,,None,2324380000,2324380000,,,,,,None,26008000,,1.0,0.0016,,,,0.133,0.05,138738000,164746000,6.52,2022-06-30,21.23,,3148817000.0,383008000,136987000,36323000,,,None,1751000,1751000,,None,,,,,100664000,100664000,-1751000,None,0.0943,,245364000,137644000,,,,,None,,,,,1.32,8.42,1.728,,,,,,,,0.0696,,,2025-10-23,quarterly,6.57,USD,pre-market,None,,0.12,0.371,0.164,357.66,245364000,,,,554.23,643.92,0.7669,,,,,,,2707388000,,25.26,,778.64,320.42
2025-12-28,EME,24.83,16243320000.0,25.26,,1.17,74.51,,,,,,,,,,,,,,,None,2239994000,2239994000,,,,,,None,27129000,,1.0,0.0016,,,,0.133,0.05,101126000,128255000,6.52,2022-03-31,21.23,,3148817000.0,352555000,99837000,26451000,,,None,1289000,1289000,,None,,,,,73386000,73386000,-1289000,None,0.0943,,252598000,99957000,,,,,None,,,,,1.32,8.42,1.728,,,,,,,,0.0696,,,2025-10-23,quarterly,6.57,USD,pre-market,None,,0.12,0.371,0.164,357.66,252598000,,,,554.23,643.92,0.7669,,,,,,,2592549000,,25.26,,778.64,320.42
2025-12-28,EME,24.83,16243320000.0,25.26,,1.17,74.51,,,,,,,,,,,,,,,None,2237151000,2237151000,,,,,,None,28189000,,1.0,0.0016,,,,0.133,0.05,144853000,173042000,6.52,2021-12-31,21.23,,3148817000.0,403042000,142747000,41079000,,,None,2106000,1157000,,None,,,,,101668000,101668000,-1157000,None,0.0943,,260025000,143017000,,,,,949000,,,,,1.32,8.42,1.728,,,,,,,,0.0696,,,2025-10-23,quarterly,6.57,USD,pre-market,None,,0.12,0.371,0.164,357.66,260025000,,,,554.23,643.92,0.7669,,,,,,,2640193000,,25.26,,778.64,320.42
2025-12-28,EME,24.83,16243320000.0,25.26,,1.17,74.51,,,,,,,,,,,,,,,None,2140329000,2140329000,,,,,,None,29141000,,1.0,0.0016,,,,0.133,0.05,138329000,167470000,6.52,2021-09-30,21.23,,3148817000.0,381343000,137043000,37303000,,,None,1286000,1286000,,None,,,,,99740000,99740000,-1286000,None,0.0943,,243922000,137421000,,,,,None,,,,,1.32,8.42,1.728,,,,,,,,0.0696,,,2025-10-23,quarterly,6.57,USD,pre-market,None,,0.12,0.371,0.164,357.66,243922000,,,,554.23,643.92,0.7669,,,,,,,2521672000,,25.26,,778.64,320.42
2025-12-28,EME,24.83,16243320000.0,25.26,,1.17,74.51,,,,,,,,,,,,,,,None,2061387000,2061387000,,,,,,None,28116000,,1.0,0.0016,,,,0.133,0.05,134280000,162396000,6.52,2021-06-30,21.23,,3148817000.0,376279000,132964000,35616000,,,None,1316000,1316000,,None,,,,,97350000,97348000,-1316000,None,0.0943,,242921000,133358000,,,,,None,,,,,1.32,8.42,1.728,,,,,,,,0.0696,,,2025-10-23,quarterly,6.57,USD,pre-market,None,,0.12,0.371,0.164,357.66,242921000,,,,554.23,643.92,0.7669,,,,,,,2437666000,,25.26,,778.64,320.42
2025-12-28,EME,24.83,16243320000.0,25.26,,1.17,74.51,,,,,,,,,,,,,,,None,1962976000,1962976000,,,,,,None,26990000,,1.0,0.0016,,,,0.133,0.05,117912000,144902000,6.52,2021-03-31,21.23,,3148817000.0,341073000,116549000,31604000,,,None,1363000,1363000,,None,,,,,84774000,84945000,-1363000,None,0.0943,,224069000,117004000,,,,,None,,,,,1.32,8.42,1.728,,,,,,,,0.0696,,,2025-10-23,quarterly,6.57,USD,pre-market,None,,0.12,0.371,0.164,357.66,224069000,,,,554.23,643.92,0.7669,,,,,,,2304049000,,25.26,,778.64,320.42
2025-12-28,EME,24.83,16243320000.0,25.26,,1.17,74.51,,,,,,,,,,,,,,,None,1897643000,1897643000,,,,,,None,27025000,,1.0,0.0016,,,,0.133,0.05,139912000,166937000,6.52,2020-12-31,21.23,,3148817000.0,383851000,136985000,57204000,,,None,2927000,1406000,,None,,,,,79781000,79781000,-1406000,None,0.0943,,246229000,137622000,,,,,None,,,,,1.32,8.42,1.728,,,,,,,,0.0696,,,2025-10-23,quarterly,6.57,USD,pre-market,None,,0.12,0.371,0.164,357.66,244620000,,,,554.23,643.92,0.7669,,,,,,,2281494000,,25.26,,778.64,320.42
2025-12-28,EME,24.83,16243320000.0,25.26,,1.17,74.51,,,,,,,,,,,,,,,None,1838530000,1838530000,,,,,,None,27022000,,1.0,0.0016,,,,0.133,0.05,136606000,163628000,6.52,2020-09-30,21.23,,3148817000.0,363184000,135122000,73936000,,,None,1484000,1484000,,None,,,,,61186000,61186000,-1484000,None,0.0943,,227329000,135855000,,,,,None,,,,,1.32,8.42,1.728,,,,,,,,0.0696,,,2025-10-23,quarterly,6.57,USD,pre-market,None,,0.12,0.371,0.164,357.66,226793000,,,,554.23,643.92,0.7669,,,,,,,2201714000,,25.26,,778.64,320.42
2025-12-28,EME,24.83,16243320000.0,25.26,,1.17,74.51,,,,,,,,,,,,,,,None,1698735000,1698735000,,,,,,None,26110000,,1.0,0.0016,,,,0.133,0.05,-121920000,-95810000,6.52,2020-06-30,21.23,,3148817000.0,315286000,-124030000,-40341000,,,None,2110000,2110000,,None,,,,,-83689000,-83689000,-2110000,None,0.0943,,437924000,-122638000,,,,,None,,,,,1.32,8.42,1.728,,,,,,,,0.0696,,,2025-10-23,quarterly,6.57,USD,pre-market,None,,0.12,0.371,0.164,357.66,205174000,,,,554.23,643.92,0.7669,,,,,,,2014021000,,25.26,,778.64,320.42
2025-12-28,EME,24.83,16243320000.0,25.26,,1.17,74.51,,,,,,,,,,,,,,,None,1966771000,1966771000,,,,,,None,26514000,,1.0,0.0016,,,,0.133,0.05,106737000,133251000,6.52,2020-03-31,21.23,,3148817000.0,333061000,104249000,28584000,,,None,2488000,2488000,,None,,,,,75665000,75665000,-2488000,None,0.0943,,227066000,105995000,,,,,None,,,,,1.32,8.42,1.728,,,,,,,,0.0696,,,2025-10-23,quarterly,6.57,USD,pre-market,None,,0.12,0.371,0.164,357.66,226997000,,,,554.23,643.92,0.7669,,,,,,,2299832000,,25.26,,778.64,320.42
2025-12-28,EME,24.83,16243320000.0,25.26,,1.17,74.51,,,,,,,,,,,,,,,None,2039193000,2039193000,,,,,,None,25175000,,1.0,0.0016,,,,0.133,0.05,125505000,150680000,6.52,2019-12-31,21.23,,3148817000.0,364747000,120416000,33492000,,,None,2824000,2824000,,None,,,,,86924000,86924000,-2824000,None,0.0943,,241873000,122874000,,,,,2265000,,,,,1.32,8.42,1.728,,,,,,,,0.0696,,,2025-10-23,quarterly,6.57,USD,pre-market,None,,0.12,0.371,0.164,357.66,240917000,,,,554.23,643.92,0.7669,,,,,,,2403940000,,25.26,,778.64,320.42
2025-12-28,EME,24.83,16243320000.0,25.26,,1.17,74.51,,,,,,,,,,,,,,,None,1951754000,1951754000,,,,,,None,22352000,,1.0,0.0016,,,,0.133,0.05,116130000,138482000,6.52,2019-09-30,21.23,,3148817000.0,335987000,113452000,31618000,,,None,2678000,2678000,,None,,,,,81834000,81834000,-2678000,None,0.0943,,220238000,115749000,,,,,None,,,,,1.32,8.42,1.728,,,,,,,,0.0696,,,2025-10-23,quarterly,6.57,USD,pre-market,None,,0.12,0.371,0.164,357.66,220119000,,,,554.23,643.92,0.7669,,,,,,,2287741000,,25.26,,778.64,320.42
2025-12-28,EME,24.83,16243320000.0,25.26,,1.17,74.51,,,,,,,,,,,,,,,None,1977822000,1977822000,,,,,,None,22365000,,1.0,0.0016,,,,0.133,0.05,120359000,142724000,6.52,2019-06-30,21.23,,3148817000.0,346380000,117128000,33156000,,,None,3231000,3231000,,None,,,,,83972000,83972000,-3231000,None,0.0943,,226421000,119959000,,,,,None,,,,,1.32,8.42,1.728,,,,,,,,0.0696,,,2025-10-23,quarterly,6.57,USD,pre-market,None,,0.12,0.371,0.164,357.66,226248000,,,,554.23,643.92,0.7669,,,,,,,2324202000,,25.26,,778.64,320.42
2025-12-28,EME,24.83,16243320000.0,25.26,,1.17,74.51,,,,,,,,,,,,,,,None,1849974000,1849974000,,,,,,None,22195000,,1.0,0.0016,,,,0.133,0.05,102716000,124911000,6.52,2019-03-31,21.23,,3148817000.0,308754000,99893000,27483000,,,None,2823000,2823000,,None,,,,,72410000,72410000,-2823000,None,0.0943,,206444000,102310000,,,,,None,,,,,1.32,8.42,1.728,,,,,,,,0.0696,,,2025-10-23,quarterly,6.57,USD,pre-market,None,,0.12,0.371,0.164,357.66,206169000,,,,554.23,643.92,0.7669,,,,,,,2158728000,,25.26,,778.64,320.42
2025-12-28,EME,24.83,16243320000.0,25.26,,1.17,74.51,,,,,,,,,,,,,,,None,1893157000,1893157000,,,,,,None,20748000,,1.0,0.0016,,,,0.133,0.05,115037000,135785000,6.52,2018-12-31,21.23,,3148817000.0,336151000,111534000,32233000,,,None,3503000,None,,None,,,,,77968000,79301000,None,None,0.0943,,222504000,113647000,,,,,716000,,,,,1.32,8.42,1.728,,,,,,,,0.0696,,,2025-10-23,quarterly,6.57,USD,pre-market,0,,0.12,0.371,0.164,357.66,220891000,,,,554.23,643.92,0.7669,,,,,,,2229308000,,25.26,,778.64,320.42
2025-12-28,EME,24.83,16243320000.0,25.26,,1.17,74.51,,,,,,,,,,,,,,,None,1737710000,1737710000,,,,,,None,19582000,,1.0,0.0016,,,,0.133,0.05,112391000,131973000,6.52,2018-09-30,21.23,,3148817000.0,309339000,109655000,29711000,,,None,2736000,None,,None,,,,,79373000,79944000,None,None,0.0943,,197563000,111776000,,,,,852000,,,,,1.32,8.42,1.728,,,,,,,,0.0696,,,2025-10-23,quarterly,6.57,USD,pre-market,0,,0.12,0.371,0.164,357.66,197334000,,,,554.23,643.92,0.7669,,,,,,,2047049000,,25.26,,778.64,320.42
2025-12-28,EME,24.83,16243320000.0,25.26,,1.17,74.51,,,,,,,,,,,,,,,None,1663042000,1663042000,,,,,,None,20206000,,1.0,0.0016,,,,0.133,0.05,100373000,120579000,6.52,2018-06-30,21.23,,3148817000.0,290844000,97550000,26529000,,,None,2823000,None,,None,,,,,70816000,71021000,None,None,0.0943,,191188000,99656000,,,,,634000,,,,,1.32,8.42,1.728,,,,,,,,0.0696,,,2025-10-23,quarterly,6.57,USD,pre-market,0,,0.12,0.371,0.164,357.66,189190000,,,,554.23,643.92,0.7669,,,,,,,1953886000,,25.26,,778.64,320.42
2025-12-28,EME,24.83,16243320000.0,25.26,,1.17,74.51,,,,,,,,,,,,,,,None,1631269000,1631269000,,,,,,None,20379000,,1.0,0.0016,,,,0.133,0.05,78741000,99120000,6.52,2018-03-31,21.23,,3148817000.0,269119000,76289000,20633000,,,None,2452000,None,,None,,,,,55374000,55656000,None,None,0.0943,,191115000,78004000,,,,,544000,,,,,1.32,8.42,1.728,,,,,,,,0.0696,,,2025-10-23,quarterly,6.57,USD,pre-market,0,,0.12,0.371,0.164,357.66,190288000,,,,554.23,643.92,0.7669,,,,,,,1900388000,,25.26,,778.64,320.42
2025-12-28,EME,24.83,16243320000.0,25.26,,1.17,74.51,,,,,,,,,,,,,,,None,1701538000,1701538000,,,,,,None,21954000,,1.0,0.0016,,,,0.133,0.05,48858000,70812000,6.52,2017-12-31,21.23,,3148817000.0,311101000,45552000,-7774000,,,None,3306000,None,,None,,,,,53201000,53326000,None,None,0.0943,,262601000,48500000,,,,,358000,,,,,1.32,8.42,1.728,,,,,,,,0.0696,,,2025-10-23,quarterly,6.57,USD,pre-market,0,,0.12,0.371,0.164,357.66,204159000,,,,554.23,643.92,0.7669,,,,,,,2012639000,,25.26,,778.64,320.42
2025-12-28,EME,24.83,16243320000.0,25.26,,1.17,74.51,,,,,,,,,,,,,,,None,1591621000,1591621000,,,,,,None,21944000,,1.0,0.0016,,,,0.133,0.05,106736000,128680000,6.52,2017-09-30,21.23,,3148817000.0,295070000,103412000,38608000,,,None,3324000,None,,None,,,,,64597000,64804000,None,None,0.0943,,189026000,106044000,,,,,277000,,,,,1.32,8.42,1.728,,,,,,,,0.0696,,,2025-10-23,quarterly,6.57,USD,pre-market,0,,0.12,0.371,0.164,357.66,188565000,,,,554.23,643.92,0.7669,,,,,,,1886691000,,25.26,,778.64,320.42
2025-12-28,EME,24.83,16243320000.0,25.26,,1.17,74.51,,,,,,,,,,,,,,,None,1621436000,1621436000,,,,,,None,22240000,,1.0,0.0016,,,,0.133,0.05,92894000,115134000,6.52,2017-06-30,21.23,,3148817000.0,274501000,89825000,33019000,,,None,3069000,None,,None,,,,,56758000,56806000,None,None,0.0943,,182088000,92413000,,,,,73000,,,,,1.32,8.42,1.728,,,,,,,,0.0696,,,2025-10-23,quarterly,6.57,USD,pre-market,0,,0.12,0.371,0.164,357.66,181337000,,,,554.23,643.92,0.7669,,,,,,,1895937000,,25.26,,778.64,320.42
2025-12-28,EME,24.83,16243320000.0,25.26,,1.17,74.51,,,,,,,,,,,,,,,None,1625392000,1625392000,,,,,,None,22371000,,1.0,0.0016,,,,0.133,0.05,83031000,105402000,6.52,2017-03-31,21.23,,3148817000.0,266340000,79960000,26846000,,,None,3071000,None,,None,,,,,52640000,53114000,None,None,0.0943,,183566000,82774000,,,,,257000,,,,,1.32,8.42,1.728,,,,,,,,0.0696,,,2025-10-23,quarterly,6.57,USD,pre-market,0,,0.12,0.371,0.164,357.66,183001000,,,,554.23,643.92,0.7669,,,,,,,1891732000,,25.26,,778.64,320.42
2025-12-28,EME,24.83,16243320000.0,25.26,,1.17,74.51,,,,,,,,,,,,,,,None,1677995000,1677995000,,,,,,None,19994000,,1.0,0.0016,,,,0.133,0.05,74635000,94629000,6.52,2016-12-31,21.23,,3148817000.0,271969000,70981000,28536000,,,None,3654000,None,,None,,,,,40676000,42445000,None,None,0.0943,,197479000,74490000,,,,,145000,,,,,1.32,8.42,1.728,,,,,,,,0.0696,,,2025-10-23,quarterly,6.57,USD,pre-market,0,,0.12,0.371,0.164,357.66,194884000,,,,554.23,643.92,0.7669,,,,,,,1949964000,,25.26,,778.64,320.42
2025-12-28,EME,24.83,16243320000.0,25.26,,1.17,74.51,,,,,,,,,,,,,,,None,1655130000,1655130000,,,,,,None,20519000,,1.0,0.0016,,,,0.133,0.05,86225000,106744000,6.52,2016-09-30,21.23,,3148817000.0,268044000,82746000,30783000,,,None,3479000,None,,None,,,,,51531000,51963000,None,None,0.0943,,181980000,86064000,,,,,161000,,,,,1.32,8.42,1.728,,,,,,,,0.0696,,,2025-10-23,quarterly,6.57,USD,pre-market,0,,0.12,0.371,0.164,357.66,181441000,,,,554.23,643.92,0.7669,,,,,,,1923174000,,25.26,,778.64,320.42
2025-12-28,EME,24.83,16243320000.0,25.26,,1.17,74.51,,,,,,,,,,,,,,,None,1658675000,1658675000,,,,,,None,20474000,,1.0,0.0016,,,,0.133,0.05,92481000,112955000,6.52,2016-06-30,21.23,,3148817000.0,274741000,89363000,32911000,,,None,3118000,None,,None,,,,,55380000,56452000,None,None,0.0943,,182452000,92289000,,,,,192000,,,,,1.32,8.42,1.728,,,,,,,,0.0696,,,2025-10-23,quarterly,6.57,USD,pre-market,0,,0.12,0.371,0.164,357.66,181811000,,,,554.23,643.92,0.7669,,,,,,,1933416000,,25.26,,778.64,320.42
2025-12-28,EME,24.83,16243320000.0,25.26,,1.17,74.51,,,,,,,,,,,,,,,None,1521862000,1521862000,,,,,,None,18802000,,1.0,0.0016,,,,0.133,0.05,55780000,74582000,6.52,2016-03-31,21.23,,3148817000.0,223108000,53404000,18969000,,,None,2376000,None,,None,,,,,34348000,34435000,None,None,0.0943,,167493000,55615000,,,,,165000,,,,,1.32,8.42,1.728,,,,,,,,0.0696,,,2025-10-23,quarterly,6.57,USD,pre-market,0,,0.12,0.371,0.164,357.66,167402000,,,,554.23,643.92,0.7669,,,,,,,1744970000,,25.26,,778.64,320.42
2025-12-28,EME,24.83,16243320000.0,25.26,,1.17,74.51,,,,,,,,,,,,,,,None,1525205000,1525205000,,,,,,None,18992000,,1.0,0.0016,,,,0.133,0.05,84241000,103233000,6.52,2015-12-31,21.23,,3148817000.0,252621000,81959000,31584000,,,None,2282000,None,,None,,,,,51066000,50375000,None,None,0.0943,,168538000,84083000,,,,,158000,,,,,1.32,8.42,1.728,,,,,,,,0.0696,,,2025-10-23,quarterly,6.57,USD,pre-market,0,,0.12,0.371,0.164,357.66,168456000,,,,554.23,643.92,0.7669,,,,,,,1777826000,,25.26,,778.64,320.42
2025-12-28,EME,24.83,16243320000.0,25.26,,1.17,74.51,,,,,,,,,,,,,,,None,1463726000,1463726000,,,,,,None,18304000,,1.0,0.0016,,,,0.133,0.05,70123000,88427000,6.52,2015-09-30,21.23,,3148817000.0,235402000,67897000,25720000,,,None,2226000,None,,None,,,,,41522000,42177000,None,None,0.0943,,165436000,69966000,,,,,157000,,,,,1.32,8.42,1.728,,,,,,,,0.0696,,,2025-10-23,quarterly,6.57,USD,pre-market,0,,0.12,0.371,0.164,357.66,165135000,,,,554.23,643.92,0.7669,,,,,,,1699128000,,25.26,,778.64,320.42
2025-12-28,EME,24.83,16243320000.0,25.26,,1.17,74.51,,,,,,,,,,,,,,,None,1413058000,1413058000,,,,,,None,18670000,,1.0,0.0016,,,,0.133,0.05,77885000,96555000,6.52,2015-06-30,21.23,,3148817000.0,239527000,75677000,28727000,,,None,2208000,None,,None,,,,,46849000,46950000,None,None,0.0943,,161824000,77703000,,,,,182000,,,,,1.32,8.42,1.728,,,,,,,,0.0696,,,2025-10-23,quarterly,6.57,USD,pre-market,0,,0.12,0.371,0.164,357.66,161391000,,,,554.23,643.92,0.7669,,,,,,,1652585000,,25.26,,778.64,320.42
2025-12-28,EME,24.83,16243320000.0,25.26,,1.17,74.51,,,,,,,,,,,,,,,None,1372258000,1372258000,,,,,,None,18223000,,1.0,0.0016,,,,0.133,0.05,55506000,73729000,6.52,2015-03-31,21.23,,3148817000.0,216929000,53290000,20225000,,,None,2216000,None,,None,,,,,32849000,33065000,None,None,0.0943,,161599000,55330000,,,,,176000,,,,,1.32,8.42,1.728,,,,,,,,0.0696,,,2025-10-23,quarterly,6.57,USD,pre-market,0,,0.12,0.371,0.164,357.66,161591000,,,,554.23,643.92,0.7669,,,,,,,1589187000,,25.26,,778.64,320.42
2025-12-28,EME,24.83,16243320000.0,25.26,,1.17,74.51,,,,,,,,,,,,,,,None,1466223000,1466223000,,,,,,None,18782000,,1.0,0.0016,,,,0.133,0.05,74699000,93481000,6.52,2014-12-31,21.23,,3148817000.0,248573000,72511000,28100000,,,None,2188000,None,,None,,,,,42466000,47887000,None,None,0.0943,,174075000,74498000,,,,,201000,,,,,1.32,8.42,1.728,,,,,,,,0.0696,,,2025-10-23,quarterly,6.57,USD,pre-market,0,,0.12,0.371,0.164,357.66,172235000,,,,554.23,643.92,0.7669,,,,,,,1714796000,,25.26,,778.64,320.42
2025-12-28,EME,24.83,16243320000.0,25.26,,1.17,74.51,,,,,,,,,,,,,,,None,1344482000,1344482000,,,,,,None,18747000,,1.0,0.0016,,,,0.133,0.05,73783000,92530000,6.52,2014-09-30,21.23,,3148817000.0,222229000,71386000,23998000,,,None,2397000,None,,None,,,,,45024000,47388000,None,None,0.0943,,148632000,73597000,,,,,186000,,,,,1.32,8.42,1.728,,,,,,,,0.0696,,,2025-10-23,quarterly,6.57,USD,pre-market,0,,0.12,0.371,0.164,357.66,159983000,,,,554.23,643.92,0.7669,,,,,,,1566711000,,25.26,,778.64,320.42
2025-12-28,EME,24.83,16243320000.0,25.26,,1.17,74.51,,,,,,,,,,,,,,,None,1338420000,1338420000,,,,,,None,18590000,,1.0,0.0016,,,,0.133,0.05,69880000,88470000,6.52,2014-06-30,21.23,,3148817000.0,219635000,65715000,24715000,,,None,2242000,None,,None,,,,,39913000,41000000,None,None,0.0943,,150582000,69659000,,,,,221000,,,,,1.32,8.42,1.728,,,,,,,,0.0696,,,2025-10-23,quarterly,6.57,USD,pre-market,0,,0.12,0.371,0.164,357.66,151461000,,,,554.23,643.92,0.7669,,,,,,,1558055000,,25.26,,778.64,320.42
2025-12-28,EME,24.83,16243320000.0,25.26,,1.17,74.51,,,,,,,,,,,,,,,None,1384174000,1384174000,,,,,,None,18371000,,1.0,0.0016,,,,0.133,0.05,72358000,90729000,6.52,2014-03-31,21.23,,3148817000.0,215211000,67360000,25518000,,,None,2248000,None,,None,,,,,41261000,41842000,None,None,0.0943,,144079000,72124000,,,,,234000,,,,,1.32,8.42,1.728,,,,,,,,0.0696,,,2025-10-23,quarterly,6.57,USD,pre-market,0,,0.12,0.371,0.164,357.66,144928000,,,,554.23,643.92,0.7669,,,,,,,1599385000,,25.26,,778.64,320.42
2025-12-28,EME,24.83,16243320000.0,25.26,,1.17,74.51,,,,,,,,,,,,,,,None,1428862000,1428862000,,,,,,None,20114000,,1.0,0.0016,,,,0.133,0.05,69072000,89186000,6.52,2013-12-31,21.23,,3148817000.0,234075000,66281000,20012000,,,None,2791000,None,,None,,,,,45921000,46269000,None,None,0.0943,,165269000,68806000,,,,,266000,,,,,1.32,8.42,1.728,,,,,,,,0.0696,,,2025-10-23,quarterly,6.57,USD,pre-market,0,,0.12,0.371,0.164,357.66,163208000,,,,554.23,643.92,0.7669,,,,,,,1662937000,,25.26,,778.64,320.42
2025-12-28,EME,24.83,16243320000.0,25.26,,1.17,74.51,,,,,,,,,,,,,,,None,1422757000,1422757000,,,,,,None,17642000,,1.0,0.0016,,,,0.133,0.05,58278000,75920000,6.52,2013-09-30,21.23,,3148817000.0,206310000,52005000,23112000,,,None,2351000,None,,None,,,,,26690000,28893000,None,None,0.0943,,148518000,58044000,,,,,235000,,,,,1.32,8.42,1.728,,,,,,,,0.0696,,,2025-10-23,quarterly,6.57,USD,pre-market,0,,0.12,0.371,0.164,357.66,149722000,,,,554.23,643.92,0.7669,,,,,,,1629067000,,25.26,,778.64,320.42
2025-12-28,EME,24.83,16243320000.0,25.26,,1.17,74.51,,,,,,,,,,,,,,,None,1375218000,1375218000,,,,,,None,15091000,,1.0,0.0016,,,,0.133,0.05,36369000,51460000,6.52,2013-06-30,21.23,,3148817000.0,181535000,34605000,13131000,,,None,1764000,None,,None,,,,,21014000,21474000,None,None,0.0943,,145436000,36099000,,,,,270000,,,,,1.32,8.42,1.728,,,,,,,,0.0696,,,2025-10-23,quarterly,6.57,USD,pre-market,0,,0.12,0.371,0.164,357.66,139623000,,,,554.23,643.92,0.7669,,,,,,,1556753000,,25.26,,778.64,320.42
2025-12-28,EME,24.83,16243320000.0,25.26,,1.17,74.51,,,,,,,,,,,,,,,None,1377263000,1377263000,,,,,,None,14491000,,1.0,0.0016,,,,0.133,0.05,51622000,66113000,6.52,2013-03-31,21.23,,3148817000.0,191138000,49760000,19042000,,,None,1862000,None,,None,,,,,30167000,30718000,None,None,0.0943,,139873000,51265000,,,,,357000,,,,,1.32,8.42,1.728,,,,,,,,0.0696,,,2025-10-23,quarterly,6.57,USD,pre-market,0,,0.12,0.371,0.164,357.66,138510000,,,,554.23,643.92,0.7669,,,,,,,1568401000,,25.26,,778.64,320.42
2025-12-28,EME,24.83,16243320000.0,25.26,,1.17,74.51,,,,,,,,,,,,,,,None,1383432000,1383432000,,,,,,None,16053000,,1.0,0.0016,,,,0.133,0.05,79254000,95307000,6.52,2012-12-31,21.23,,3148817000.0,228449000,77439000,30651000,,,None,1815000,None,,None,,,,,46410000,46788000,None,None,0.0943,,149586000,78863000,,,,,391000,,,,,1.32,8.42,1.728,,,,,,,,0.0696,,,2025-10-23,quarterly,6.57,USD,pre-market,0,,0.12,0.371,0.164,357.66,149586000,,,,554.23,643.92,0.7669,,,,,,,1611881000,,25.26,,778.64,320.42
2025-12-28,EME,24.83,16243320000.0,25.26,,1.17,74.51,,,,,,,,,,,,,,,None,1402994000,1402994000,,,,,,None,15215000,,1.0,0.0016,,,,0.133,0.05,69007000,84222000,6.52,2012-09-30,21.23,,3148817000.0,203248000,67200000,26890000,,,None,1807000,None,,None,,,,,39581000,40310000,None,None,0.0943,,134622000,68626000,,,,,381000,,,,,1.32,8.42,1.728,,,,,,,,0.0696,,,2025-10-23,quarterly,6.57,USD,pre-market,0,,0.12,0.371,0.164,357.66,134477000,,,,554.23,643.92,0.7669,,,,,,,1606242000,,25.26,,778.64,320.42
2025-12-28,EME,24.83,16243320000.0,25.26,,1.17,74.51,,,,,,,,,,,,,,,None,1396071000,1396071000,,,,,,None,15202000,,1.0,0.0016,,,,0.133,0.05,56657000,71859000,6.52,2012-06-30,21.23,,3148817000.0,193964000,54779000,20799000,,,None,1878000,None,,None,,,,,33448000,33980000,None,None,0.0943,,137675000,56289000,,,,,368000,,,,,1.32,8.42,1.728,,,,,,,,0.0696,,,2025-10-23,quarterly,6.57,USD,pre-market,0,,0.12,0.371,0.164,357.66,137675000,,,,554.23,643.92,0.7669,,,,,,,1590035000,,25.26,,778.64,320.42
2025-12-28,EME,24.83,16243320000.0,25.26,,1.17,74.51,,,,,,,,,,,,,,,None,1357828000,1357828000,,,,,,None,14496000,,1.0,0.0016,,,,0.133,0.05,46605000,61101000,6.52,2012-03-31,21.23,,3148817000.0,180693000,44830000,17022000,,,None,1775000,None,,None,,,,,27145000,27808000,None,None,0.0943,,134504000,46189000,,,,,416000,,,,,1.32,8.42,1.728,,,,,,,,0.0696,,,2025-10-23,quarterly,6.57,USD,pre-market,0,,0.12,0.371,0.164,357.66,134504000,,,,554.23,643.92,0.7669,,,,,,,1538521000,,25.26,,778.64,320.42
2025-12-28,EME,24.83,16243320000.0,25.26,,1.17,74.51,,,,,,,,,,,,,,,None,1303645000,1303645000,,,,,,None,14970000,,1.0,0.0016,,,,0.133,0.05,62801000,77771000,6.52,2011-12-31,21.23,,3148817000.0,214317000,59914000,22765000,,,None,2887000,None,,None,,,,,36665000,36829000,None,None,0.0943,,151893000,62424000,,,,,354000,,,,,1.32,8.42,1.728,,,,,,,,0.0696,,,2025-10-23,quarterly,6.57,USD,pre-market,0,,0.12,0.371,0.164,357.66,147957000,,,,554.23,643.92,0.7669,,,,,,,1517962000,,25.26,,778.64,320.42
2025-12-28,EME,24.83,16243320000.0,25.26,,1.17,74.51,,,,,,,,,,,,,,,None,1293974000,1293974000,,,,,,None,15213000,,1.0,0.0016,,,,0.133,0.05,56899000,72112000,6.52,2011-09-30,21.23,,3148817000.0,188267000,54075000,21014000,,,None,2824000,None,,None,,,,,40758000,33061000,None,None,0.0943,,131780000,56487000,,,,,412000,,,,,1.32,8.42,1.728,,,,,,,,0.0696,,,2025-10-23,quarterly,6.57,USD,pre-market,0,,0.12,0.371,0.164,357.66,131780000,,,,554.23,643.92,0.7669,,,,,,,1482241000,,25.26,,778.64,320.42
2025-12-28,EME,24.83,16243320000.0,25.26,,1.17,74.51,,,,,,,,,,,,,,,None,1220111000,1220111000,,,,,,None,11987000,,1.0,0.0016,,,,0.133,0.05,50523000,62510000,6.52,2011-06-30,21.23,,3148817000.0,179816000,46791000,17469000,,,None,2814000,None,,None,,,,,28809000,29322000,None,None,0.0943,,124611000,50045000,,,,,492000,,,,,1.32,8.42,1.728,,,,,,,,0.0696,,,2025-10-23,quarterly,6.57,USD,pre-market,0,,0.12,0.371,0.164,357.66,130562000,,,,554.23,643.92,0.7669,,,,,,,1399927000,,25.26,,778.64,320.42
2025-12-28,EME,24.83,16243320000.0,25.26,,1.17,74.51,,,,,,,,,,,,,,,None,1149261000,1149261000,,,,,,None,11606000,,1.0,0.0016,,,,0.133,0.05,42390000,53996000,6.52,2011-03-31,21.23,,3148817000.0,162970000,40154000,14778000,,,None,2736000,None,,None,,,,,24594000,25376000,None,None,0.0943,,114872000,41837000,,,,,562000,,,,,1.32,8.42,1.728,,,,,,,,0.0696,,,2025-10-23,quarterly,6.57,USD,pre-market,0,,0.12,0.371,0.164,357.66,119671000,,,,554.23,643.92,0.7669,,,,,,,1312231000,,25.26,,778.64,320.42
2025-12-28,EME,24.83,16243320000.0,25.26,,1.17,74.51,,,,,,,,,,,,,,,None,1151046000,1151046000,,,,,,None,11411000,,1.0,0.0016,,,,0.133,0.05,69083000,80494000,6.52,2010-12-31,21.23,,3148817000.0,205101000,66234000,25327000,,,None,2849000,None,,None,,,,,39976000,0,None,None,0.0943,,136665000,68436000,,,,,None,,,,,1.32,8.42,1.728,,,,,,,,0.0696,,,2025-10-23,quarterly,6.57,USD,pre-market,0,,0.12,0.371,0.164,357.66,134836000,,,,554.23,643.92,0.7669,,,,,,,1356147000,,25.26,,778.64,320.42
2025-12-28,EME,24.83,16243320000.0,25.26,,1.17,74.51,,,,,,,,,,,,,,,None,1104349000,1104349000,,,,,,None,10136000,,1.0,0.0016,,,,0.133,0.05,-167533000,-157397000,6.52,2010-09-30,21.23,,3148817000.0,172928000,-176926000,-2362000,,,None,3162000,None,,None,,,,,-175625000,-174564000,None,None,0.0943,,339620000,-168175000,,,,,642000,,,,,1.32,8.42,1.728,,,,,,,,0.0696,,,2025-10-23,quarterly,6.57,USD,pre-market,0,,0.12,0.371,0.164,357.66,119450000,,,,554.23,643.92,0.7669,,,,,,,1277277000,,25.26,,778.64,320.42
2025-12-28,EME,24.83,16243320000.0,25.26,,1.17,74.51,,,,,,,,,,,,,,,None,1099250000,1099250000,,,,,,None,10263000,,1.0,0.0016,,,,0.133,0.05,43528000,53791000,6.52,2010-06-30,21.23,,3148817000.0,176399000,40475000,11919000,,,None,3053000,None,,None,,,,,27141000,52394000,None,None,0.0943,,141451000,34948000,,,,,8580000,,,,,1.32,8.42,1.728,,,,,,,,0.0696,,,2025-10-23,quarterly,6.57,USD,pre-market,0,,0.12,0.371,0.164,357.66,120725000,,,,554.23,643.92,0.7669,,,,,,,1275649000,,25.26,,778.64,320.42
2025-12-28,EME,24.83,16243320000.0,25.26,,1.17,74.51,,,,,,,,,,,,,,,None,1047096000,1047096000,,,,,,None,10105000,,1.0,0.0016,,,,0.133,0.05,43051000,53156000,6.52,2010-03-31,21.23,,3148817000.0,165116000,39928000,17511000,,,None,3123000,None,,None,,,,,21817000,0,None,None,0.0943,,122797000,42319000,,,,,None,,,,,1.32,8.42,1.728,,,,,,,,0.0696,,,2025-10-23,quarterly,6.57,USD,pre-market,0,,0.12,0.371,0.164,357.66,122797000,,,,554.23,643.92,0.7669,,,,,,,1212212000,,25.26,,778.64,320.42
2025-12-28,EME,24.83,16243320000.0,25.26,,1.17,74.51,,,,,,,,,,,,,,,None,1147039000,1147039000,,,,,,None,11594000,,1.0,0.0016,,,,0.133,0.05,57320000,68914000,6.52,2009-12-31,21.23,,3148817000.0,211612000,55070000,15069000,,,None,2250000,None,,None,,,,,39183000,0,None,None,0.0943,,155611000,56001000,,,,,None,,,,,1.32,8.42,1.728,,,,,,,,0.0696,,,2025-10-23,quarterly,6.57,USD,pre-market,0,,0.12,0.371,0.164,357.66,153811000,,,,554.23,643.92,0.7669,,,,,,,1358651000,,25.26,,778.64,320.42
2025-12-28,EME,24.83,16243320000.0,25.26,,1.17,74.51,,,,,,,,,,,,,,,None,1166740000,1166740000,,,,,,None,11177000,,1.0,0.0016,,,,0.133,0.05,68048000,79225000,6.52,2009-09-30,21.23,,3148817000.0,205245000,66101000,25624000,,,None,1947000,None,,None,,,,,39986000,0,None,None,0.0943,,137985000,67260000,,,,,None,,,,,1.32,8.42,1.728,,,,,,,,0.0696,,,2025-10-23,quarterly,6.57,USD,pre-market,0,,0.12,0.371,0.164,357.66,137895000,,,,554.23,643.92,0.7669,,,,,,,1371985000,,25.26,,778.64,320.42
2025-12-28,EME,24.83,16243320000.0,25.26,,1.17,74.51,,,,,,,,,,,,,,,None,1207786000,1207786000,,,,,,None,11216000,,1.0,0.0016,,,,0.133,0.05,75946000,87162000,6.52,2009-06-30,21.23,,3148817000.0,214884000,74046000,28818000,,,None,1900000,None,,None,,,,,44819000,0,None,None,0.0943,,140024000,74860000,,,,,None,,,,,1.32,8.42,1.728,,,,,,,,0.0696,,,2025-10-23,quarterly,6.57,USD,pre-market,0,,0.12,0.371,0.164,357.66,136974000,,,,554.23,643.92,0.7669,,,,,,,1422670000,,25.26,,778.64,320.42
2025-12-28,EME,24.83,16243320000.0,25.26,,1.17,74.51,,,,,,,,,,,,,,,None,1201477000,1201477000,,,,,,None,11758000,,1.0,0.0016,,,,0.133,0.05,65846000,77604000,6.52,2009-03-31,21.23,,3148817000.0,193159000,64053000,26682000,,,None,1793000,None,,None,,,,,36768000,0,None,None,0.0943,,128855000,64304000,,,,,None,,,,,1.32,8.42,1.728,,,,,,,,0.0696,,,2025-10-23,quarterly,6.57,USD,pre-market,0,,0.12,0.371,0.164,357.66,127795000,,,,554.23,643.92,0.7669,,,,,,,1394636000,,25.26,,778.64,320.42
2025-12-28,EME,24.83,16243320000.0,25.26,,1.17,74.51,,,,,,,,,,,,,,,None,1433349000,1433349000,,,,,,None,11841000,,1.0,0.0016,,,,0.133,0.05,108848000,120689000,6.52,2008-12-31,21.23,,3148817000.0,247169000,100008000,39721000,,,None,10526000,None,,None,,,,,60287000,0,None,None,0.0943,,146229000,100940000,,,,,None,,,,,1.32,8.42,1.728,,,,,,,,0.0696,,,2025-10-23,quarterly,6.57,USD,pre-market,0,,0.12,0.371,0.164,357.66,144543000,,,,554.23,643.92,0.7669,,,,,,,1680518000,,25.26,,778.64,320.42
2025-12-28,EME,24.83,16243320000.0,25.26,,1.17,74.51,,,,,,,,,,,,,,,None,1496003000,1496003000,,,,,,None,12151000,,1.0,0.0016,,,,0.133,0.05,81011000,93162000,6.52,2008-09-30,21.23,,3148817000.0,224346000,77571000,28936000,,,None,2535000,None,,None,,,,,48635000,0,None,None,0.0943,,145708000,78638000,,,,,None,,,,,1.32,8.42,1.728,,,,,,,,0.0696,,,2025-10-23,quarterly,6.57,USD,pre-market,0,,0.12,0.371,0.164,357.66,145708000,,,,554.23,643.92,0.7669,,,,,,,1720349000,,25.26,,778.64,320.42
2025-12-28,EME,24.83,16243320000.0,25.26,,1.17,74.51,,,,,,,,,,,,,,,None,1497761000,1497761000,,,,,,None,12602000,,1.0,0.0016,,,,0.133,0.05,75389000,87991000,6.52,2008-06-30,21.23,,3148817000.0,225211000,72474000,28520000,,,None,2638000,None,,None,,,,,43954000,0,None,None,0.0943,,151881000,73330000,,,,,None,,,,,1.32,8.42,1.728,,,,,,,,0.0696,,,2025-10-23,quarterly,6.57,USD,pre-market,0,,0.12,0.371,0.164,357.66,151824000,,,,554.23,643.92,0.7669,,,,,,,1722972000,,25.26,,778.64,320.42
2025-12-28,EME,24.83,16243320000.0,25.26,,1.17,74.51,,,,,,,,,,,,,,,None,1471478000,1471478000,,,,,,None,11923000,,1.0,0.0016,,,,0.133,0.05,52802000,64725000,6.52,2008-03-31,21.23,,3148817000.0,189925000,48739000,19411000,,,None,3987000,None,,None,,,,,29328000,0,None,None,0.0943,,140256000,49669000,,,,,None,,,,,1.32,8.42,1.728,,,,,,,,0.0696,,,2025-10-23,quarterly,6.57,USD,pre-market,0,,0.12,0.371,0.164,357.66,140242000,,,,554.23,643.92,0.7669,,,,,,,1661403000,,25.26,,778.64,320.42
2025-12-28,EME,24.83,16243320000.0,25.26,,1.17,74.51,,,,,,,,,,,,,,,None,1527334000,1527334000,,,,,,None,16582000,,1.0,0.0016,,,,0.133,0.05,-13644000,2938000,6.52,2007-12-31,21.23,,3148817000.0,240299000,82420000,32336000,,,None,96060000,None,,None,,,,,50330000,0,None,None,0.0943,,254193000,-13894000,,,,,None,,,,,1.32,8.42,1.728,,,,,,,,0.0696,,,2025-10-23,quarterly,6.57,USD,pre-market,0,,0.12,0.371,0.164,357.66,153943000,,,,554.23,643.92,0.7669,,,,,,,1767633000,,25.26,,778.64,320.42
2025-12-28,EME,24.83,16243320000.0,25.26,,1.17,74.51,,,,,,,,,,,,,,,None,1331887000,1331887000,,,,,,None,9444000,,1.0,0.0016,,,,0.133,0.05,54915000,64359000,6.52,2007-09-30,21.23,,3148817000.0,168911000,56150000,19067000,,,None,2488000,None,,None,,,,,38336000,0,None,None,0.0943,,113996000,54915000,,,,,None,,,,,1.32,8.42,1.728,,,,,,,,0.0696,,,2025-10-23,quarterly,6.57,USD,pre-market,0,,0.12,0.371,0.164,357.66,113996000,,,,554.23,643.92,0.7669,,,,,,,1500798000,,25.26,,778.64,320.42
2025-12-28,EME,24.83,16243320000.0,25.26,,1.17,74.51,,,,,,,,,,,,,,,None,1236756000,1236756000,,,,,,None,5199000,,1.0,0.0016,,,,0.133,0.05,44156000,49355000,6.52,2007-06-30,21.23,,3148817000.0,169476000,44873000,18723000,,,None,717000,None,,None,,,,,26150000,0,None,None,0.0943,,125320000,44156000,,,,,None,,,,,1.32,8.42,1.728,,,,,,,,0.0696,,,2025-10-23,quarterly,6.57,USD,pre-market,0,,0.12,0.371,0.164,357.66,125320000,,,,554.23,643.92,0.7669,,,,,,,1406232000,,25.26,,778.64,320.42
2025-12-28,EME,24.83,16243320000.0,25.26,,1.17,74.51,,,,,,,,,,,,,,,None,1186124000,1186124000,,,,,,None,6446000,,1.0,0.0016,,,,0.133,0.05,17446000,23892000,6.52,2007-03-31,21.23,,3148817000.0,132223000,20451000,8459000,,,None,1334000,None,,None,,,,,11992000,0,None,None,0.0943,,111660000,17353000,,,,,None,,,,,1.32,8.42,1.728,,,,,,,,0.0696,,,2025-10-23,quarterly,6.57,USD,pre-market,0,,0.12,0.371,0.164,357.66,113199000,,,,554.23,643.92,0.7669,,,,,,,1318347000,,25.26,,778.64,320.42
2025-12-28,EME,24.83,16243320000.0,25.26,,1.17,74.51,,,,,,,,,,,,,,,None,1208457000,1208457000,,,,,,None,6118000,,1.0,0.0016,,,,0.133,0.05,44847000,50965000,6.52,2006-12-31,21.23,,3148817000.0,171447000,43958000,3751000,,,None,1907000,None,,None,,,,,40207000,0,None,None,0.0943,,127618000,43829000,,,,,None,,,,,1.32,8.42,1.728,,,,,,,,0.0696,,,2025-10-23,quarterly,6.57,USD,pre-market,0,,0.12,0.371,0.164,357.66,126600000,,,,554.23,643.92,0.7669,,,,,,,1379904000,,25.26,,778.64,320.42
2025-12-28,EME,24.83,16243320000.0,25.26,,1.17,74.51,,,,,,,,,,,,,,,None,1121762000,1121762000,,,,,,None,4876000,,1.0,0.0016,,,,0.133,0.05,35412000,40288000,6.52,2006-09-30,21.23,,3148817000.0,147872000,36318000,13765000,,,None,1444000,None,,None,,,,,22553000,0,None,None,0.0943,,109180000,34808000,,,,,None,,,,,1.32,8.42,1.728,,,,,,,,0.0696,,,2025-10-23,quarterly,6.57,USD,pre-market,0,,0.12,0.371,0.164,357.66,110714000,,,,554.23,643.92,0.7669,,,,,,,1269634000,,25.26,,778.64,320.42
2025-12-28,EME,24.83,16243320000.0,25.26,,1.17,74.51,,,,,,,,,,,,,,,None,1086895000,1086895000,,,,,,None,5196000,,1.0,0.0016,,,,0.133,0.05,25334000,30530000,6.52,2006-06-30,21.23,,3148817000.0,133528000,25152000,8291000,,,None,182000,None,,None,,,,,16861000,0,None,None,0.0943,,108194000,25334000,,,,,None,,,,,1.32,8.42,1.728,,,,,,,,0.0696,,,2025-10-23,quarterly,6.57,USD,pre-market,0,,0.12,0.371,0.164,357.66,108194000,,,,554.23,643.92,0.7669,,,,,,,1220423000,,25.26,,778.64,320.42
2025-12-28,EME,24.83,16243320000.0,25.26,,1.17,74.51,,,,,,,,,,,,,,,None,1036244000,1036244000,,,,,,None,5120000,,1.0,0.0016,,,,0.133,0.05,12327000,17447000,6.52,2006-03-31,21.23,,3148817000.0,114833000,12309000,4676000,,,None,638000,None,,None,,,,,7013000,0,None,None,0.0943,,102506000,12327000,,,,,None,,,,,1.32,8.42,1.728,,,,,,,,0.0696,,,2025-10-23,quarterly,6.57,USD,pre-market,0,,0.12,0.371,0.164,357.66,102506000,,,,554.23,643.92,0.7669,,,,,,,1151077000,,25.26,,778.64,320.42
2025-12-28,EME,24.83,16243320000.0,25.26,,1.17,74.51,,,,,,,,,,,,,,,None,1081442000,1081442000,,,,,,None,6847000,,1.0,0.0016,,,,0.133,0.05,31221000,38068000,6.52,2005-12-31,21.23,,3148817000.0,156444000,29099000,9627000,,,None,2284000,None,,None,,,,,19332000,0,None,None,0.0943,,125245000,31199000,,,,,None,,,,,1.32,8.42,1.728,,,,,,,,0.0696,,,2025-10-23,quarterly,6.57,USD,pre-market,0,,0.12,0.371,0.164,357.66,125223000,,,,554.23,643.92,0.7669,,,,,,,1237886000,,25.26,,778.64,320.42
2025-12-28,EME,24.83,16243320000.0,25.26,,1.17,74.51,,,,,,,,,,,,,,,None,1084002000,1084002000,,,,,,None,5031000,,1.0,0.0016,,,,0.133,0.05,29562000,34593000,6.52,2005-09-30,21.23,,3148817000.0,431413000,26577000,-5522000,,,None,304619000,None,,None,,,,,30864000,0,None,None,0.0943,,101777000,29306000,,,,,None,,,,,1.32,8.42,1.728,,,,,,,,0.0696,,,2025-10-23,quarterly,6.57,USD,pre-market,0,,0.12,0.371,0.164,357.66,101708000,,,,554.23,643.92,0.7669,,,,,,,1515415000,,25.26,,778.64,320.42
2025-12-28,EME,24.83,16243320000.0,25.26,,1.17,74.51,,,,,,,,,,,,,,,None,11801065000,11801065000,,,,,,None,133680000,,1.0,0.0016,,,,0.133,0.05,1381161000,1514841000,6.52,2024-12-31,21.23,,3148817000.0,2765051000,1377382000,370237000,,,None,3779000,35404000,,None,,,,,1007145000,1007145000,31625000,None,0.0943,,1420188000,1344863000,,,,,None,,,,,1.32,8.42,1.728,,,,,,,,0.0696,,,2025-10-23,annual,6.57,USD,pre-market,None,,0.12,0.371,0.164,357.66,1420188000,,,,554.23,643.92,0.7669,,,,,,,14566116000,,25.26,,778.64,320.42
2025-12-28,EME,24.83,16243320000.0,25.26,,1.17,74.51,,,,,,,,,,,,,,,None,10493534000,10493534000,,,,,,None,118965000,,1.0,0.0016,,,,0.133,0.05,890052000,1009017000,6.52,2023-12-31,21.23,,3148817000.0,2089339000,872853000,239524000,,,None,17199000,15415000,,None,,,,,632994000,548114000,-8818000,None,0.0943,,1213583000,875756000,,,,,None,,,,,1.32,8.42,1.728,,,,,,,,0.0696,,,2025-10-23,annual,6.57,USD,pre-market,None,,0.12,0.371,0.164,357.66,1160302000,,,,554.23,643.92,0.7669,,,,,,,12582873000,,25.26,,778.64,320.42
2025-12-28,EME,24.83,16243320000.0,25.26,,1.17,74.51,,,,,,,,,,,,,,,None,9472526000,9472526000,,,,,,None,108611000,,1.0,0.0016,,,,0.133,0.05,571949000,680560000,6.52,2022-12-31,21.23,,3148817000.0,1603594000,558750000,152628000,,,None,13199000,2761000,,None,,,,,406122000,406122000,-10438000,None,0.0943,,1038717000,564877000,,,,,2761000,,,,,1.32,8.42,1.728,,,,,,,,0.0696,,,2025-10-23,annual,6.57,USD,pre-market,None,,0.12,0.371,0.164,357.66,1038717000,,,,554.23,643.92,0.7669,,,,,,,11076120000,,25.26,,778.64,320.42
2025-12-28,EME,24.83,16243320000.0,25.26,,1.17,74.51,,,,,,,,,,,,,,,None,8401843000,8401843000,,,,,,None,112436000,,1.0,0.0016,,,,0.133,0.05,535374000,647810000,6.52,2021-12-31,21.23,,3148817000.0,1501737000,529303000,145602000,,,None,6071000,5122000,,None,,,,,383532000,383701000,-5122000,None,0.0943,,970937000,530800000,,,,,949000,,,,,1.32,8.42,1.728,,,,,,,,0.0696,,,2025-10-23,annual,6.57,USD,pre-market,None,,0.12,0.371,0.164,357.66,970937000,,,,554.23,643.92,0.7669,,,,,,,9903580000,,25.26,,778.64,320.42
2025-12-28,EME,24.83,16243320000.0,25.26,,1.17,74.51,,,,,,,,,,,,,,,None,7401679000,7401679000,,,,,,None,106671000,,1.0,0.0016,,,,0.133,0.05,261335000,368006000,6.52,2020-12-31,21.23,,3148817000.0,1395382000,252326000,119383000,,,None,9009000,1521000,,None,,,,,132943000,132943000,-7488000,None,0.0943,,1138548000,256834000,,,,,1521000,,,,,1.32,8.42,1.728,,,,,,,,0.0696,,,2025-10-23,annual,6.57,USD,pre-market,None,,0.12,0.371,0.164,357.66,903584000,,,,554.23,643.92,0.7669,,,,,,,8797061000,,25.26,,778.64,320.42
2025-12-28,EME,24.83,16243320000.0,25.26,,1.17,74.51,,,,,,,,,,,,,,,None,7818743000,7818743000,,,,,,None,92087000,,1.0,0.0016,,,,0.133,0.05,464710000,556797000,6.52,2019-12-31,21.23,,3148817000.0,1355868000,450889000,125749000,,,None,13821000,2265000,,None,,,,,325140000,325140000,-11556000,None,0.0943,,894976000,460892000,,,,,2265000,,,,,1.32,8.42,1.728,,,,,,,,0.0696,,,2025-10-23,annual,6.57,USD,pre-market,None,,0.12,0.371,0.164,357.66,893453000,,,,554.23,643.92,0.7669,,,,,,,9174611000,,25.26,,778.64,320.42
2025-12-28,EME,24.83,16243320000.0,25.26,,1.17,74.51,,,,,,,,,,,,,,,None,6925178000,6925178000,,,,,,None,80915000,,1.0,0.0016,,,,0.133,0.05,408572000,489487000,6.52,2018-12-31,21.23,,3148817000.0,1205453000,395028000,109106000,,,None,13544000,2746000,,None,,,,,283531000,285922000,-10798000,None,0.0943,,802370000,403083000,,,,,2746000,,,,,1.32,8.42,1.728,,,,,,,,0.0696,,,2025-10-23,annual,6.57,USD,pre-market,0,,0.12,0.371,0.164,357.66,799157000,,,,554.23,643.92,0.7669,,,,,,,8130631000,,25.26,,778.64,320.42
2025-12-28,EME,24.83,16243320000.0,25.26,,1.17,74.51,,,,,,,,,,,,,,,None,6539987000,6539987000,,,,,,None,88509000,,1.0,0.0016,,,,0.133,0.05,331519000,420028000,6.52,2017-12-31,21.23,,3148817000.0,1147012000,318749000,90699000,,,None,12770000,965000,,None,,,,,227196000,228050000,-11805000,None,0.0943,,818110000,328902000,,,,,965000,,,,,1.32,8.42,1.728,,,,,,,,0.0696,,,2025-10-23,annual,6.57,USD,pre-market,0,,0.12,0.371,0.164,357.66,757062000,,,,554.23,643.92,0.7669,,,,,,,7686999000,,25.26,,778.64,320.42
2025-12-28,EME,24.83,16243320000.0,25.26,,1.17,74.51,,,,,,,,,,,,,,,None,6513662000,6513662000,,,,,,None,79789000,,1.0,0.0016,,,,0.133,0.05,309121000,388910000,6.52,2016-12-31,21.23,,3148817000.0,1037862000,296494000,111199000,,,None,12627000,663000,,None,,,,,181935000,185295000,-11964000,None,0.0943,,730933000,306929000,,,,,663000,,,,,1.32,8.42,1.728,,,,,,,,0.0696,,,2025-10-23,annual,6.57,USD,pre-market,0,,0.12,0.371,0.164,357.66,725538000,,,,554.23,643.92,0.7669,,,,,,,7551524000,,25.26,,778.64,320.42
2025-12-28,EME,24.83,16243320000.0,25.26,,1.17,74.51,,,,,,,,,,,,,,,None,5774247000,5774247000,,,,,,None,74189000,,1.0,0.0016,,,,0.133,0.05,287755000,361944000,6.52,2015-12-31,21.23,,3148817000.0,944479000,278823000,106256000,,,None,8932000,8259000,,None,,,,,172286000,172567000,None,None,0.0943,,657397000,287082000,,,,,673000,,,,,1.32,8.42,1.728,,,,,,,,0.0696,,,2025-10-23,annual,6.57,USD,pre-market,0,,0.12,0.371,0.164,357.66,656573000,,,,554.23,643.92,0.7669,,,,,,,6718726000,,25.26,,778.64,320.42
2025-12-28,EME,24.83,16243320000.0,25.26,,1.17,74.51,,,,,,,,,,,,,,,None,5517719000,5517719000,,,,,,None,74490000,,1.0,0.0016,,,,0.133,0.05,290720000,365210000,6.52,2014-12-31,21.23,,3148817000.0,907246000,281645000,103528000,,,None,9075000,None,,None,,,,,168664000,178117000,None,None,0.0943,,617368000,289878000,,,,,842000,,,,,1.32,8.42,1.728,,,,,,,,0.0696,,,2025-10-23,annual,6.57,USD,pre-market,0,,0.12,0.371,0.164,357.66,626478000,,,,554.23,643.92,0.7669,,,,,,,6424965000,,25.26,,778.64,320.42
2025-12-28,EME,24.83,16243320000.0,25.26,,1.17,74.51,,,,,,,,,,,,,,,None,5604100000,5604100000,,,,,,None,67338000,,1.0,0.0016,,,,0.133,0.05,241478000,308816000,6.52,2013-12-31,21.23,,3148817000.0,813058000,202651000,75297000,,,None,8769000,None,,None,,,,,123792000,127354000,None,None,0.0943,,581296000,240350000,,,,,1128000,,,,,1.32,8.42,1.728,,,,,,,,0.0696,,,2025-10-23,annual,6.57,USD,pre-market,0,,0.12,0.371,0.164,357.66,591063000,,,,554.23,643.92,0.7669,,,,,,,6417158000,,25.26,,778.64,320.42
2025-12-28,EME,24.83,16243320000.0,25.26,,1.17,74.51,,,,,,,,,,,,,,,None,5540325000,5540325000,,,,,,None,60966000,,1.0,0.0016,,,,0.133,0.05,261859000,322825000,6.52,2012-12-31,21.23,,3148817000.0,806354000,244248000,95362000,,,None,7275000,None,,None,,,,,146584000,148886000,None,None,0.0943,,543676000,260303000,,,,,1556000,,,,,1.32,8.42,1.728,,,,,,,,0.0696,,,2025-10-23,annual,6.57,USD,pre-market,0,,0.12,0.371,0.164,357.66,556242000,,,,554.23,643.92,0.7669,,,,,,,6346679000,,25.26,,778.64,320.42
2025-12-28,EME,24.83,16243320000.0,25.26,,1.17,74.51,,,,,,,,,,,,,,,None,4879510000,4879510000,,,,,,None,53776000,,1.0,0.0016,,,,0.133,0.05,212613000,266389000,6.52,2011-12-31,21.23,,3148817000.0,733949000,201352000,76764000,,,None,11261000,None,,None,,,,,130826000,124588000,None,None,0.0943,,523156000,210793000,,,,,1820000,,,,,1.32,8.42,1.728,,,,,,,,0.0696,,,2025-10-23,annual,6.57,USD,pre-market,0,,0.12,0.371,0.164,357.66,518121000,,,,554.23,643.92,0.7669,,,,,,,5613459000,,25.26,,778.64,320.42
2025-12-28,EME,24.83,16243320000.0,25.26,,1.17,74.51,,,,,,,,,,,,,,,None,4401741000,4401741000,,,,,,None,41915000,,1.0,0.0016,,,,0.133,0.05,-15971000,25944000,6.52,2010-12-31,21.23,,3148817000.0,719544000,-30289000,52395000,,,None,12153000,None,,None,,,,,-86691000,-82684000,None,None,0.0943,,720051000,-26528000,,,,,10601000,,,,,1.32,8.42,1.728,,,,,,,,0.0696,,,2025-10-23,annual,6.57,USD,pre-market,0,,0.12,0.371,0.164,357.66,497808000,,,,554.23,643.92,0.7669,,,,,,,5121285000,,25.26,,778.64,320.42
2025-12-28,EME,24.83,16243320000.0,25.26,,1.17,74.51,,,,,,,,,,,,,,,None,4723042000,4723042000,,,,,,None,45745000,,1.0,0.0016,,,,0.133,0.05,267160000,312905000,6.52,2009-12-31,21.23,,3148817000.0,824900000,259270000,96193000,,,None,7890000,None,,None,,,,,160756000,None,None,None,0.0943,,562475000,262425000,,,,,None,,,,,1.32,8.42,1.728,,,,,,,,0.0696,,,2025-10-23,annual,6.57,USD,pre-market,None,,0.12,0.371,0.164,357.66,556475000,,,,554.23,643.92,0.7669,,,,,,,5547942000,,25.26,,778.64,320.42
2025-12-28,EME,24.83,16243320000.0,25.26,,1.17,74.51,,,,,,,,,,,,,,,None,5898591000,5898591000,,,,,,None,48517000,,1.0,0.0016,,,,0.133,0.05,312487000,361004000,6.52,2008-12-31,21.23,,3148817000.0,886651000,298792000,116588000,,,None,11764000,None,,None,,,,,182204000,None,None,None,0.0943,,584074000,302577000,,,,,None,,,,,1.32,8.42,1.728,,,,,,,,0.0696,,,2025-10-23,annual,6.57,USD,pre-market,None,,0.12,0.371,0.164,357.66,582317000,,,,554.23,643.92,0.7669,,,,,,,6785242000,,25.26,,778.64,320.42
2025-12-28,EME,24.83,16243320000.0,25.26,,1.17,74.51,,,,,,,,,,,,,,,None,5224330000,5224330000,,,,,,None,37671000,,1.0,0.0016,,,,0.133,0.05,100168000,137839000,6.52,2007-12-31,21.23,,3148817000.0,702822000,201749000,77706000,,,None,9240000,None,,None,,,,,126808000,None,None,None,0.0943,,602997000,99825000,,,,,None,,,,,1.32,8.42,1.728,,,,,,,,0.0696,,,2025-10-23,annual,6.57,USD,pre-market,None,,0.12,0.371,0.164,357.66,502654000,,,,554.23,643.92,0.7669,,,,,,,5927152000,,25.26,,778.64,320.42
2025-12-28,EME,24.83,16243320000.0,25.26,,1.17,74.51,,,,,,,,,,,,,,,None,4453359000,4453359000,,,,,,None,21310000,,1.0,0.0016,,,,0.133,0.05,113394000,134704000,6.52,2006-12-31,21.23,,3148817000.0,567677000,117738000,30484000,,,None,2340000,None,,None,,,,,86634000,None,None,None,0.0943,,440628000,111772000,,,,,None,,,,,1.32,8.42,1.728,,,,,,,,0.0696,,,2025-10-23,annual,6.57,USD,pre-market,None,,0.12,0.371,0.164,357.66,448011000,,,,554.23,643.92,0.7669,,,,,,,5021036000,,25.26,,778.64,320.42
2025-12-28,EME,24.83,16243320000.0,25.26,,1.17,74.51,,,,,,,,,,,,,,,None,4214783000,4214783000,,,,,,None,22631000,,1.0,0.0016,,,,0.133,0.05,76420000,99051000,6.52,2005-12-31,21.23,,3148817000.0,499764000,71030000,9738000,,,None,8316000,None,,None,,,,,60042000,None,None,None,0.0943,,410462000,74671000,,,,,None,,,,,1.32,8.42,1.728,,,,,,,,0.0696,,,2025-10-23,annual,6.57,USD,pre-market,None,,0.12,0.371,0.164,357.66,416883000,,,,554.23,643.92,0.7669,,,,,,,4714547000,,25.26,,778.64,320.42
2025-12-28,EME,24.83,16243320000.0,25.26,None,1.17,74.51,,424620000,655104000,655104000,,,,,,,,,612000,44990388,None,4214783000,4214783000,1039829000,None,None,4418721000,None,None,22631000,,1.0,0.0016,,,,0.133,0.05,76420000,99051000,6.52,2025-09-30,21.23,1359323000,3148817000.0,499764000,71030000,9738000,1056913000,1056913000,None,8316000,None,105408000,None,None,None,None,None,60042000,None,None,None,0.0943,,410462000,74671000,278590000,1299566000,None,395532000,None,,,,,1.32,8.42,1.728,,,,,,,,0.0696,,632940000,2025-10-23,quarterly,6.57,USD,pre-market,None,5582370000,0.12,0.371,0.164,357.66,416883000,424620000,95844000,None,554.23,643.92,0.7669,8640270000,5457823000,4579449000,5303757000,3182447000,724308000,4714547000,3335398000,25.26,None,778.64,320.42
2025-12-28,EME,24.83,16243320000.0,25.26,None,1.17,74.51,,420137000,485988000,485988000,,,,,,,,,612000,44990388,None,4214783000,4214783000,1117733000,None,None,4462905000,None,None,22631000,,1.0,0.0016,,,,0.133,0.05,76420000,99051000,6.52,2025-06-30,21.23,1351824000,3148817000.0,499764000,71030000,9738000,1082028000,1082028000,None,8316000,None,108157000,None,None,250000000,None,None,60042000,None,None,None,0.0943,,410462000,74671000,119596000,1050946000,None,374220000,None,,,,,1.32,8.42,1.728,,,,,,,,0.0696,,634934000,2025-10-23,quarterly,6.57,USD,pre-market,None,5298205000,0.12,0.371,0.164,357.66,416883000,670137000,91987000,None,554.23,643.92,0.7669,8400480000,5176646000,4394538000,5346908000,3223834000,952370000,4714547000,3051601000,25.26,None,778.64,320.42
2025-12-28,EME,24.83,16243320000.0,25.26,None,1.17,74.51,,385566000,576702000,576702000,,,,,,,,,612000,46198000,None,4214783000,4214783000,1041245000,None,None,4137559000,None,None,22631000,,1.0,0.0016,,,,0.133,0.05,76420000,99051000,6.52,2025-03-31,21.23,1336557000,3148817000.0,499764000,71030000,9738000,1096817000,1096817000,None,8316000,None,94132000,None,None,250000000,None,None,60042000,None,None,None,0.0943,,410462000,74671000,102591000,1030882000,None,356826000,None,,,,,1.32,8.42,1.728,,,,,,,,0.0696,,587685000,2025-10-23,quarterly,6.57,USD,pre-market,None,5007257000,0.12,0.371,0.164,357.66,416883000,635566000,87710000,None,554.23,643.92,0.7669,8078872000,4910984000,4222262000,5126944000,3167888000,904682000,4714547000,2949957000,25.26,None,778.64,320.42
2025-12-28,EME,24.83,16243320000.0,25.26,None,1.17,74.51,,348917000,1339550000,1339550000,,,,,,,,,612000,46198000,None,4214783000,4214783000,937087000,None,None,3862328000,None,None,22631000,,1.0,0.0016,,,,0.133,0.05,76420000,99051000,6.52,2024-12-31,21.23,1018415000,3148817000.0,499764000,71030000,9738000,648180000,648180000,None,8316000,None,95667000,None,None,None,None,None,60042000,None,None,None,0.0943,,410462000,74671000,91644000,1085743000,None,358492000,None,,,,,1.32,8.42,1.728,,,,,,,,0.0696,,523617000,2025-10-23,quarterly,6.57,USD,pre-market,None,4778061000,0.12,0.371,0.164,357.66,416883000,348917000,83493000,None,554.23,643.92,0.7669,7716473000,5389189000,4153863000,4777779000,2327284000,623916000,4714547000,2937657000,25.26,None,778.64,320.42
2025-12-28,EME,24.83,16243320000.0,25.26,None,1.17,74.51,,349762000,1035534000,1035534000,,,,,,,,,612000,46589000,None,4214783000,4214783000,897059000,None,None,3805725000,None,None,22631000,,1.0,0.0016,,,,0.133,0.05,76420000,99051000,6.52,2024-09-30,21.23,1002218000,3148817000.0,499764000,71030000,9738000,648123000,648123000,None,8316000,None,94475000,None,None,None,None,None,60042000,None,None,None,0.0943,,410462000,74671000,70681000,1066479000,None,368089000,None,,,,,1.32,8.42,1.728,,,,,,,,0.0696,,527459000,2025-10-23,quarterly,6.57,USD,pre-market,None,4497430000,0.12,0.371,0.164,357.66,416883000,349762000,80245000,None,554.23,643.92,0.7669,7321952000,5006415000,3925227000,4562833000,2315537000,637606000,4714547000,2758082000,25.26,None,778.64,320.42
2025-12-28,EME,24.83,16243320000.0,25.26,None,1.17,74.51,,358191000,807318000,807318000,,,,,,,,,612000,47159660,None,4214783000,4214783000,922002000,None,None,3752947000,None,None,22631000,,1.0,0.0016,,,,0.133,0.05,76420000,99051000,6.52,2024-06-30,21.23,998571000,3148817000.0,499764000,71030000,9738000,661920000,661920000,None,8316000,None,103896000,None,None,None,None,None,60042000,None,None,None,0.0943,,410462000,74671000,76628000,888595000,None,374255000,None,,,,,1.32,8.42,1.728,,,,,,,,0.0696,,None,2025-10-23,quarterly,6.57,USD,pre-market,None,4238867000,0.12,0.371,0.164,357.66,416883000,358191000,78726000,None,554.23,643.92,0.7669,7072549000,4740789000,3673232000,4326952000,2331760000,653720000,4714547000,2744560000,25.26,None,778.64,320.42
2025-12-28,EME,24.83,16243320000.0,25.26,None,1.17,74.51,,345812000,840985000,840985000,,,,,,,,,612000,47316497,None,4214783000,4214783000,865059000,None,None,3473742000,None,None,22631000,,1.0,0.0016,,,,0.133,0.05,76420000,99051000,6.52,2024-03-31,21.23,956549000,3148817000.0,499764000,71030000,9738000,569781000,569781000,None,8316000,None,113751000,None,None,None,None,None,60042000,None,None,None,0.0943,,410462000,74671000,79651000,841206000,None,370661000,None,,,,,1.32,8.42,1.728,,,,,,,,0.0696,,None,2025-10-23,quarterly,6.57,USD,pre-market,None,4003079000,0.12,0.371,0.164,357.66,416883000,345812000,76013000,None,554.23,643.92,0.7669,6687327000,4508129000,3431485000,4071945000,2179198000,640460000,4714547000,2614345000,25.26,None,778.64,320.42
2025-12-28,EME,24.83,16243320000.0,25.26,None,1.17,74.51,,334666000,789750000,789750000,,,,,,,,,611000,47331532,None,4214783000,4214783000,935967000,None,2465000,3473375000,None,None,22631000,,1.0,0.0016,,,,0.133,0.05,76420000,99051000,6.52,2023-12-31,21.23,956549000,3148817000.0,499764000,71030000,9738000,586032000,586032000,None,8316000,None,110774000,None,None,2838000,None,None,60042000,None,None,None,0.0943,,410462000,74671000,73072000,907113000,None,358283000,None,,,,,1.32,8.42,1.728,,,,,,,,0.0696,,None,2025-10-23,quarterly,6.57,USD,pre-market,None,3814439000,0.12,0.371,0.164,357.66,416883000,345272000,80166000,None,554.23,643.92,0.7669,6609721000,4446971000,3518355000,4138906000,2162750000,620551000,4714547000,2469778000,25.26,None,778.64,320.42
2025-12-28,EME,24.83,16243320000.0,25.26,None,1.17,74.51,,331034000,523632000,523632000,,,,,,,,,611000,47398197,None,4214783000,4214783000,824155000,None,6482000,3372785000,None,None,22631000,,1.0,0.0016,,,,0.133,0.05,76420000,99051000,6.52,2023-09-30,21.23,953359000,3148817000.0,499764000,71030000,9738000,600790000,600790000,None,8316000,None,115466000,None,None,97480000,None,None,60042000,None,None,None,0.0943,,410462000,74671000,57012000,838113000,None,357636000,None,,,,,1.32,8.42,1.728,,,,,,,,0.0696,,476805000,2025-10-23,quarterly,6.57,USD,pre-market,None,3611442000,0.12,0.371,0.164,357.66,416883000,434996000,81210000,None,554.23,643.92,0.7669,6224193000,4068895000,3232802000,3944224000,2155298000,711422000,4714547000,2278930000,25.26,None,778.64,320.42
2025-12-28,EME,24.83,16243320000.0,25.26,None,1.17,74.51,,322111000,503052000,503052000,,,,,,,,,611000,47588669,None,4214783000,4214783000,790158000,None,15399000,3141471000,None,None,22631000,,1.0,0.0016,,,,0.133,0.05,76420000,99051000,6.52,2023-06-30,21.23,927485000,3148817000.0,499764000,71030000,9738000,574475000,574475000,None,8316000,None,106080000,None,None,231454000,None,None,60042000,None,None,None,0.0943,,410462000,74671000,59018000,714980000,None,357740000,None,,,,,1.32,8.42,1.728,,,,,,,,0.0696,,162594000,2025-10-23,quarterly,6.57,USD,pre-market,None,3450553000,0.12,0.371,0.164,357.66,416883000,568964000,86584000,None,554.23,643.92,0.7669,5907669000,3809621000,2949462000,3789582000,2098048000,840120000,4714547000,2117385000,25.26,-1328808000,778.64,320.42
2025-12-28,EME,24.83,16243320000.0,25.26,None,1.17,74.51,,295107000,420075000,420075000,,,,,,,,,610000,47945815,None,4214783000,4214783000,724104000,None,15524000,2972106000,None,None,22631000,,1.0,0.0016,,,,0.133,0.05,76420000,99051000,6.52,2023-03-31,21.23,923274000,3148817000.0,499764000,71030000,9738000,584598000,584598000,None,8316000,None,100405000,None,None,100000000,None,None,60042000,None,None,None,0.0943,,410462000,74671000,69834000,696414000,None,813194000,None,,,,,1.32,8.42,1.728,,,,,,,,0.0696,,160417000,2025-10-23,quarterly,6.57,USD,pre-market,None,3318560000,0.12,0.371,0.164,357.66,416883000,641950000,84343000,None,554.23,643.92,0.7669,5640910000,3562420000,2661391000,3574585000,2078490000,913194000,4714547000,2065623000,25.26,-1238722000,778.64,320.42
2025-12-28,EME,24.83,16243320000.0,25.26,None,1.17,74.51,,294441000,456439000,456439000,,,,,,,,,609000,47936737,None,4214783000,4214783000,849284000,None,12915000,2840547000,None,None,22631000,,1.0,0.0016,,,,0.133,0.05,76420000,99051000,6.52,2022-12-31,21.23,919151000,3148817000.0,499764000,71030000,9738000,593975000,593975000,None,8316000,None,85641000,None,None,227818000,None,None,60042000,None,None,None,0.0943,,410462000,74671000,79346000,723190000,None,344405000,None,,,,,1.32,8.42,1.728,,,,,,,,0.0696,,157819000,2025-10-23,quarterly,6.57,USD,pre-market,None,3214281000,0.12,0.371,0.164,357.66,416883000,535174000,82785000,None,554.23,643.92,0.7669,5524607000,3461973000,2753522000,3550316000,2062634000,796793999,4714547000,1973589000,25.26,-1222645000,778.64,320.42
2025-12-28,EME,24.83,16243320000.0,25.26,None,1.17,74.51,,282195000,403816000,403816000,,,,,,,,,609000,49050151,None,4214783000,4214783000,751074000,None,15635000,2809915000,None,None,22631000,,1.0,0.0016,,,,0.133,0.05,76420000,99051000,6.52,2022-09-30,21.23,916812000,3148817000.0,499764000,71030000,9738000,605949000,605949000,None,8316000,None,101874000,None,None,415101000,None,None,60042000,None,None,None,0.0943,,410462000,74671000,63657000,762548000,None,787511000,None,,,,,1.32,8.42,1.728,,,,,,,,0.0696,,419066000,2025-10-23,quarterly,6.57,USD,pre-market,None,3095166000,0.12,0.371,0.164,357.66,416883000,712931000,78862000,None,554.23,643.92,0.7669,5438729000,3379262000,2638796000,3596307000,2059467000,957511000,4714547000,1841720000,25.26,-1222645000,778.64,320.42
2025-12-28,EME,24.83,16243320000.0,25.26,None,1.17,74.51,,290135000,262370000,262370000,,,,,,,,,609000,50711770,None,4214783000,4214783000,722924000,None,15635000,2704358000,None,None,22631000,,1.0,0.0016,,,,0.133,0.05,76420000,99051000,6.52,2022-06-30,21.23,901208000,3148817000.0,499764000,71030000,9738000,577284000,577284000,None,8316000,None,93464000,None,None,245004000,None,None,60042000,None,None,None,0.0943,,410462000,74671000,65348000,676227000,None,545714000,None,,,,,1.32,8.42,1.728,,,,,,,,0.0696,,426495000,2025-10-23,quarterly,6.57,USD,pre-market,None,2995844000,0.12,0.371,0.164,357.66,416883000,550774000,78051000,None,554.23,643.92,0.7669,5146444000,3125540000,2402935000,3193653000,2020904000,790717999,4714547000,1952089000,25.26,-1016353000,778.64,320.42
2025-12-28,EME,24.83,16243320000.0,25.26,None,1.17,74.51,,284498000,514513000,514513000,,,,,,,,,608000,52916559,None,4214783000,4214783000,719792000,None,16017000,2565568000,None,None,22631000,,1.0,0.0016,,,,0.133,0.05,76420000,99051000,6.52,2022-03-31,21.23,891536000,3148817000.0,499764000,71030000,9738000,574614000,574614000,None,8316000,None,71463000,None,None,245416000,None,None,60042000,None,None,None,0.0943,,410462000,74671000,64861000,672786000,None,553370000,None,,,,,1.32,8.42,1.728,,,,,,,,0.0696,,151346000,2025-10-23,quarterly,6.57,USD,pre-market,None,2901909000,0.12,0.371,0.164,357.66,416883000,545931000,76284000,None,554.23,643.92,0.7669,5231154000,3216405000,2296570000,3095356000,2014749000,798786000,4714547000,2135096000,25.26,-743846000,778.64,320.42
2025-12-28,EME,24.83,16243320000.0,25.26,None,1.17,74.51,,286687000,821345000,821345000,,,,,,,,,607000,53724800,None,4214783000,4214783000,734275000,None,12915000,2434662000,None,None,22631000,,1.0,0.0016,,,,0.133,0.05,76420000,99051000,6.52,2021-12-31,21.23,890268000,3148817000.0,499764000,71030000,9738000,589365000,589365000,None,8316000,None,54098000,None,None,245450000,None,None,60042000,None,None,None,0.0943,,410462000,74671000,80889000,765273000,None,581176000,None,,,,,1.32,8.42,1.728,,,,,,,,0.0696,,152066000,2025-10-23,quarterly,6.57,USD,pre-market,None,2835504000,0.12,0.371,0.164,357.66,416883000,540335000,74049000,None,554.23,643.92,0.7669,5441446000,3390994000,2361731000,3188357000,2050452000,826625999,4714547000,2252387000,25.26,-562036000,778.64,320.42
2025-12-28,EME,24.83,16243320000.0,25.26,None,1.17,74.51,,286514000,663905000,663905000,,,,,,,,,607000,53984658,None,4214783000,4214783000,637865000,None,16328000,2427219000,None,None,22631000,,1.0,0.0016,,,,0.133,0.05,76420000,99051000,6.52,2021-09-30,21.23,888303000,3148817000.0,499764000,71030000,9738000,602234000,602234000,None,8316000,None,64489000,None,None,259337000,None,None,60042000,None,None,None,0.0943,,410462000,74671000,70954000,757311000,None,416607000,None,,,,,1.32,8.42,1.728,,,,,,,,0.0696,,422241000,2025-10-23,quarterly,6.57,USD,pre-market,None,2740817000,0.12,0.371,0.164,357.66,416883000,562179000,74281000,None,554.23,643.92,0.7669,5296678000,3226567000,2250123000,3154628000,2070111000,904505000,4714547000,2141348000,25.26,-549737000,778.64,320.42
2025-12-28,EME,24.83,16243320000.0,25.26,None,1.17,74.51,,267205000,668908000,668908000,,,,,,,,,607000,54587813,None,4214783000,4214783000,635803000,None,16589000,2306088000,None,None,22631000,,1.0,0.0016,,,,0.133,0.05,76420000,99051000,6.52,2021-06-30,21.23,868819000,3148817000.0,499764000,71030000,9738000,587247000,587247000,None,8316000,None,64713000,None,None,259653000,None,None,60042000,None,None,None,0.0943,,410462000,74671000,73645000,665037000,None,427747000,None,,,,,1.32,8.42,1.728,,,,,,,,0.0696,,405970000,2025-10-23,quarterly,6.57,USD,pre-market,None,2648109000,0.12,0.371,0.164,357.66,416883000,543447000,72311000,None,554.23,643.92,0.7669,5133170000,3113354000,2143110000,3041993000,2019816000,898882999,4714547000,2090475000,25.26,-504520000,778.64,320.42
2025-12-28,EME,24.83,16243320000.0,25.26,None,1.17,74.51,,256248000,758833000,758833000,,,,,,,,,607000,55135304,None,4214783000,4214783000,624884000,None,16713000,2229894000,None,None,22631000,,1.0,0.0016,,,,0.133,0.05,76420000,99051000,6.52,2021-03-31,21.23,862323000,3148817000.0,499764000,71030000,9738000,580555000,580555000,None,8316000,None,48212000,None,None,259714000,None,None,60042000,None,None,None,0.0943,,410462000,74671000,68692000,657884000,None,847110000,None,,,,,1.32,8.42,1.728,,,,,,,,0.0696,,157202000,2025-10-23,quarterly,6.57,USD,pre-market,None,2557919000,0.12,0.371,0.164,357.66,416883000,532675000,71067000,None,554.23,643.92,0.7669,5061189000,3105631000,2093407000,2940517000,1955558000,847109999,4714547000,2119968000,25.26,-379407000,778.64,320.42
2025-12-28,EME,24.83,16243320000.0,25.26,None,1.17,74.51,,268960000,902867000,902867000,,,,,,,,,606000,55160893,None,4214783000,4214783000,671886000,None,12915000,2094052000,None,None,22631000,,1.0,0.0016,,,,0.133,0.05,76420000,99051000,6.52,2020-12-31,21.23,851783000,3148817000.0,499764000,71030000,9738000,582893000,582893000,None,8316000,None,53338000,None,None,253648000,None,None,60042000,None,None,None,0.0943,,410462000,74671000,70679000,698552000,None,847364000,None,,,,,1.32,8.42,1.728,,,,,,,,0.0696,,158427000,2025-10-23,quarterly,6.57,USD,pre-market,None,2480321000,0.12,0.371,0.164,357.66,416883000,535523000,70542000,None,554.23,643.92,0.7669,5063840000,3120936000,2163232000,3010596000,1942904000,847364000,4714547000,2052668000,25.26,-366490000,778.64,320.42
2025-12-28,EME,24.83,16243320000.0,25.26,None,1.17,74.51,,252733000,679342000,679342000,,,,,,,,,605000,55200245,None,4214783000,4214783000,596093000,None,9693000,2129654000,None,None,22631000,,1.0,0.0016,,,,0.133,0.05,76420000,99051000,6.52,2020-09-30,21.23,846908000,3148817000.0,499764000,71030000,9738000,596679000,596679000,None,8316000,None,39253000,None,None,272243000,None,None,60042000,None,None,None,0.0943,,410462000,74671000,48841000,605610000,None,843272000,None,,,,,1.32,8.42,1.728,,,,,,,,0.0696,,155161000,2025-10-23,quarterly,6.57,USD,pre-market,None,2404964000,0.12,0.371,0.164,357.66,416883000,534669000,62459000,None,554.23,643.92,0.7669,4829985000,2897090000,1978848000,2822120000,1932895000,843271999,4714547000,2007289000,25.26,-352985000,778.64,320.42
2025-12-28,EME,24.83,16243320000.0,25.26,None,1.17,74.51,,257066000,481391000,481391000,,,,,,,,,605000,54937038,None,4214783000,4214783000,563128000,None,10234000,2107831000,None,None,22631000,,1.0,0.0016,,,,0.133,0.05,76420000,99051000,6.52,2020-06-30,21.23,839772000,3148817000.0,499764000,71030000,9738000,576540000,576540000,None,8316000,None,40590000,None,None,294126000,None,None,60042000,None,None,None,0.0943,,410462000,74671000,49268000,526847000,None,838013000,None,,,,,1.32,8.42,1.728,,,,,,,,0.0696,,158453000,2025-10-23,quarterly,6.57,USD,pre-market,None,2348199000,0.12,0.371,0.164,357.66,416883000,561426000,62939000,None,554.23,643.92,0.7669,4590423000,2679080000,1808212000,2646225000,1911343000,838012999,4714547000,1943622000,25.26,-352985000,778.64,320.42
2025-12-28,EME,24.83,16243320000.0,25.26,None,1.17,74.51,,251214000,347092000,347092000,,,,,,,,,605000,56210728,None,4214783000,4214783000,592576000,None,10360000,2250748000,None,None,22631000,,1.0,0.0016,,,,0.133,0.05,76420000,99051000,6.52,2020-03-31,21.23,1064853000,3148817000.0,499764000,71030000,9738000,597897000,597897000,None,8316000,None,35387000,None,None,200000000,None,None,60042000,None,None,None,0.0943,,410462000,74671000,52161000,539851000,None,821571000,None,,,,,1.32,8.42,1.728,,,,,,,,0.0696,,157848000,2025-10-23,quarterly,6.57,USD,pre-market,None,2436305000,0.12,0.371,0.164,357.66,416883000,755755000,63082000,None,554.23,643.92,0.7669,4835547000,2685388000,1786382000,2807953000,2150159000,1021570999,4714547000,2026948000,25.26,-352985000,778.64,320.42
2025-12-28,EME,24.83,16243320000.0,25.26,None,1.17,74.51,,267773000,358818000,358818000,,,,,,,,,604000,56592654,None,4214783000,4214783000,665402000,None,14004000,2208643000,None,None,22631000,,1.0,0.0016,,,,0.133,0.05,76420000,99051000,6.52,2019-12-31,21.23,1063911000,3148817000.0,499764000,71030000,9738000,611444000,611444000,None,8316000,None,40446000,None,None,50000000,None,None,60042000,None,None,None,0.0943,,410462000,74671000,51976000,578330000,None,783968000,None,,,,,1.32,8.42,1.728,,,,,,,,0.0696,,156187000,2025-10-23,quarterly,6.57,USD,pre-market,None,2367481000,0.12,0.371,0.164,357.66,416883000,570325000,71236000,None,554.23,643.92,0.7669,4830358000,2659883000,1938610000,2772578000,2170475000,833968000,4714547000,2057134000,25.26,-253937000,778.64,320.42
2025-12-28,EME,24.83,16243320000.0,25.26,None,1.17,74.51,,255114000,368073000,368073000,,,,,,,,,603000,56558450,None,4214783000,4214783000,584824000,None,14004000,2105770000,None,None,22631000,,1.0,0.0016,,,,0.133,0.05,76420000,99051000,6.52,2019-09-30,21.23,1019590000,3148817000.0,499764000,71030000,9738000,482785000,482785000,None,8316000,None,38721000,None,None,242049000,None,1478000,60042000,None,None,None,0.0943,,410462000,74671000,45549000,572765000,None,763536000,None,,,,,1.32,8.42,1.728,,,,,,,,0.0696,,149023000,2025-10-23,quarterly,6.57,USD,pre-market,None,2285083000,0.12,0.371,0.164,357.66,416883000,511167000,69828000,None,554.23,643.92,0.7669,4532721000,2558113000,1793374000,2556910000,1974608000,763535999,4714547000,1975165000,25.26,-253937000,778.64,320.42
2025-12-28,EME,24.83,16243320000.0,25.26,None,1.17,74.51,,245119000,213374000,213374000,,,,,,,,,603000,56499514,None,4214783000,4214783000,579461000,None,18385000,2126250000,None,None,22631000,,1.0,0.0016,,,,0.133,0.05,76420000,99051000,6.52,2019-06-30,21.23,1013822000,3148817000.0,499764000,71030000,9738000,488017000,488017000,None,8316000,None,39180000,None,None,25000000,None,1904000,60042000,None,None,None,0.0943,,410462000,74671000,41831000,512404000,None,769181000,None,,,,,1.32,8.42,1.728,,,,,,,,0.0696,,145638000,2025-10-23,quarterly,6.57,USD,pre-market,None,2207775000,0.12,0.371,0.164,357.66,416883000,539952000,68355000,None,554.23,643.92,0.7669,4393578000,2420635000,1704566000,2498747000,1972943000,794180999,4714547000,1894185000,25.26,-253937000,778.64,320.42
2025-12-28,EME,24.83,16243320000.0,25.26,None,1.17,74.51,,240002000,252031000,252031000,,,,,,,,,602000,56424222,None,4214783000,4214783000,577883000,None,18532000,1975845000,None,None,22631000,,1.0,0.0016,,,,0.133,0.05,76420000,99051000,6.52,2019-03-31,21.23,1004710000,3148817000.0,499764000,71030000,9738000,491175000,491175000,None,8316000,None,39443000,None,None,25000000,None,3638000,60042000,None,None,None,0.0943,,410462000,74671000,46542000,491628999,None,768519000,None,,,,,1.32,8.42,1.728,,,,,,,,0.0696,,145056000,2025-10-23,quarterly,6.57,USD,pre-market,None,2128326000,0.12,0.371,0.164,357.66,416883000,538972000,67308000,None,554.23,643.92,0.7669,4278324000,2313861000,1673183000,2466702000,1964463000,793519000,4714547000,1810766000,25.26,-253937000,778.64,320.42
2025-12-28,EME,24.83,16243320000.0,25.26,None,1.17,74.51,,None,363907000,363907000,,,,,,,,,601000,57514189,None,4214783000,4214783000,652091000,None,13938000,1931863000,None,None,22631000,,1.0,0.0016,,,,0.133,0.05,76420000,99051000,6.52,2018-12-31,21.23,990887000,3148817000.0,499764000,71030000,9738000,488286000,488286000,None,8316000,None,42321000,None,None,279764000,None,2899000,60042000,None,None,None,0.0943,,410462000,74671000,48116000,514004000,None,333204000,None,,,,,1.32,8.42,1.728,,,,,,,,0.0696,,134351000,2025-10-23,quarterly,6.57,USD,pre-market,None,2060440000,0.12,0.371,0.164,357.66,416883000,295777000,16013000,None,554.23,643.92,0.7669,4088807000,2386207000,1734398000,2347366000,1702600000,612968000,4714547000,1740545000,25.26,-253937000,778.64,320.42
2025-12-28,EME,24.83,16243320000.0,25.26,None,1.17,74.51,,None,353912000,353912000,,,,,,,,,601000,58541310,None,4214783000,4214783000,529618000,None,15769000,1884127000,None,None,22631000,,1.0,0.0016,,,,0.133,0.05,76420000,99051000,6.52,2018-09-30,21.23,978243000,3148817000.0,499764000,71030000,9738000,471447000,471447000,None,8316000,None,41932000,None,None,283569000,None,3542000,60042000,None,None,None,0.0943,,410462000,74671000,44221000,512897000,None,343630000,None,,,,,1.32,8.42,1.728,,,,,,,,0.0696,,128765000,2025-10-23,quarterly,6.57,USD,pre-market,None,1987113000,0.12,0.371,0.164,357.66,416883000,299338000,15769000,2429000,554.23,643.92,0.7669,3995893000,2324192000,1589568000,2216767000,1671701000,627198999,4714547000,1778228000,25.26,-133332000,778.64,320.42
2025-12-28,EME,24.83,16243320000.0,25.26,None,1.17,74.51,,None,306624000,306624000,,,,,,,,,600000,58670595,None,4214783000,4214783000,505379000,None,15625000,1791423000,None,None,22631000,,1.0,0.0016,,,,0.133,0.05,76420000,99051000,6.52,2018-06-30,21.23,978303000,3148817000.0,499764000,71030000,9738000,481577000,481577000,None,8316000,None,43665000,None,None,287492000,None,4180000,60042000,None,None,None,0.0943,,410462000,74671000,48511000,432312000,None,341846000,None,,,,,1.32,8.42,1.728,,,,,,,,0.0696,,124993000,2025-10-23,quarterly,6.57,USD,pre-market,None,1912430000,0.12,0.371,0.164,357.66,416883000,303117000,15625000,2572000,554.23,643.92,0.7669,3869401000,2190223000,1504930000,2134268000,1679178000,629338000,4714547000,1734283000,25.26,-98201000,778.64,320.42
2025-12-28,EME,24.83,16243320000.0,25.26,None,1.17,74.51,,None,352443000,352443000,,,,,,,,,600000,59064164,None,4214783000,4214783000,487333000,None,15480000,1731814000,None,None,22631000,,1.0,0.0016,,,,0.133,0.05,76420000,99051000,6.52,2018-03-31,21.23,965046000,3148817000.0,499764000,71030000,9738000,484368000,484368000,None,8316000,None,43727000,None,None,291478000,None,3680000,60042000,None,None,None,0.0943,,410462000,74671000,41793000,453178000,None,346558000,None,,,,,1.32,8.42,1.728,,,,,,,,0.0696,,124797000,2025-10-23,quarterly,6.57,USD,pre-market,None,1846328000,0.12,0.371,0.164,357.66,416883000,306958000,15480000,2461000,554.23,643.92,0.7669,3841999000,2169777000,1512297000,2150333000,1672222000,638036000,4714547000,1690816000,25.26,-72178000,778.64,320.42
2025-12-28,EME,24.83,16243320000.0,25.26,None,1.17,74.51,,None,467430000,467430000,,,,,,,,,599000,59314187,None,4214783000,4214783000,567840000,None,15364000,1730543000,None,None,22631000,,1.0,0.0016,,,,0.133,0.05,76420000,99051000,6.52,2017-12-31,21.23,964893000,3148817000.0,499764000,71030000,9738000,495036000,495036000,None,8316000,None,42724000,None,None,294786000,None,2309000,60042000,None,None,None,0.0943,,410462000,74671000,43812000,543592000,None,346049000,None,,,,,1.32,8.42,1.728,,,,,,,,0.0696,,127156000,2025-10-23,quarterly,6.57,USD,pre-market,None,1796556000,0.12,0.371,0.164,357.66,416883000,310150000,15364000,1958000,554.23,643.92,0.7669,3965904000,2284509000,1650952000,2291787000,1681395000,640834999,4714547000,1673267000,25.26,-37693000,778.64,320.42
2025-12-28,EME,24.83,16243320000.0,25.26,None,1.17,74.51,,None,480496000,480496000,,,,,,,,,599000,59419200,None,4214783000,4214783000,485701000,None,15364000,1673421000,None,None,22631000,,1.0,0.0016,,,,0.133,0.05,76420000,99051000,6.52,2017-09-30,21.23,1010399000,3148817000.0,499764000,71030000,9738000,497278000,497278000,None,8316000,None,43653000,None,None,398506000,None,7604000,60042000,None,None,None,0.0943,,410462000,74671000,34402000,518828000,None,397671000,None,,,,,1.32,8.42,1.728,,,,,,,,0.0696,,126563000,2025-10-23,quarterly,6.57,USD,pre-market,None,1748100000,0.12,0.371,0.164,357.66,416883000,413870000,15364000,2082000,554.23,643.92,0.7669,3966321000,2231972000,1552279000,2348456000,1734349000,796177000,4714547000,1617012000,25.26,-35471000,778.64,320.42
2025-12-28,EME,24.83,16243320000.0,25.26,None,1.17,74.51,,None,385396000,385396000,,,,,,,,,598000,59639061,None,4214783000,4214783000,469318000,None,15318000,1633260000,None,None,22631000,,1.0,0.0016,,,,0.133,0.05,76420000,99051000,6.52,2017-06-30,21.23,1010399000,3148817000.0,499764000,71030000,9738000,509341000,509341000,None,8316000,None,42451000,None,None,401866000,None,7722000,60042000,None,None,None,0.0943,,410462000,74671000,38729000,461106000,None,397922000,None,,,,,1.32,8.42,1.728,,,,,,,,0.0696,,127754000,2025-10-23,quarterly,6.57,USD,pre-market,None,1688278000,0.12,0.371,0.164,357.66,416883000,417184000,15318000,1817000,554.23,643.92,0.7669,3847574000,2099836000,1468857000,2268645000,1747738000,799788000,4714547000,1578076000,25.26,-10302000,778.64,320.42
2025-12-28,EME,24.83,16243320000.0,25.26,None,1.17,74.51,,None,302754000,302754000,,,,,,,,,599000,60111602,None,4214783000,4214783000,466962000,None,15289000,1653373000,None,None,22631000,,1.0,0.0016,,,,0.133,0.05,76420000,99051000,6.52,2017-03-31,21.23,1010399000,3148817000.0,499764000,71030000,9738000,521417000,521417000,None,8316000,None,42672000,None,None,405405000,None,9218000,60042000,None,None,None,0.0943,,410462000,74671000,42993000,498220000,None,392756000,None,,,,,1.32,8.42,1.728,,,,,,,,0.0696,,131455000,2025-10-23,quarterly,6.57,USD,pre-market,None,1644070000,0.12,0.371,0.164,357.66,416883000,420694000,15289000,3308000,554.23,643.92,0.7669,3805162000,2041792000,1472860000,2271021000,1763370000,798161000,4714547000,1533318000,25.26,-10302000,778.64,320.42
2025-12-28,EME,24.83,16243320000.0,25.26,None,1.17,74.51,,None,464617000,464617000,,,,,,,,,606000,60956004,None,4214783000,4214783000,501213000,None,15030000,1626128000,None,None,22631000,,1.0,0.0016,,,,0.133,0.05,76420000,99051000,6.52,2016-12-31,21.23,979628000,3148817000.0,499764000,71030000,9738000,487398000,487398000,None,8316000,None,37426000,None,None,408296000,None,8792000,60042000,None,None,None,0.0943,,410462000,74671000,40944000,506289000,None,436158000,None,,,,,1.32,8.42,1.728,,,,,,,,0.0696,,127951000,2025-10-23,quarterly,6.57,USD,pre-market,None,1596269000,0.12,0.371,0.164,357.66,416883000,423326000,15030000,2043000,554.23,643.92,0.7669,3894170000,2210847000,1511774000,2356228000,1683323000,844454000,4714547000,1537089000,25.26,-10302000,778.64,320.42
2025-12-28,EME,24.83,16243320000.0,25.26,None,1.17,74.51,,None,504558000,504558000,,,,,,,,,614000,59721185,None,4214783000,4214783000,465362000,None,19889000,1638119000,None,None,22631000,,1.0,0.0016,,,,0.133,0.05,76420000,99051000,6.52,2016-09-30,21.23,979339000,3148817000.0,499764000,71030000,9738000,500056000,500056000,None,8316000,None,43913000,None,None,503388000,None,8227000,60042000,None,None,None,0.0943,,410462000,74671000,60526000,494508000,None,360837000,None,,,,,1.32,8.42,1.728,,,,,,,,0.0696,,128290000,2025-10-23,quarterly,6.57,USD,pre-market,None,1560489000,0.12,0.371,0.164,357.66,416883000,523277000,19889000,2224000,554.23,643.92,0.7669,3894953000,2247116000,1446836000,2311061000,1647837000,864225000,4714547000,1582590000,25.26,-10302000,778.64,320.42
2025-12-28,EME,24.83,16243320000.0,25.26,None,1.17,74.51,,None,443019000,443019000,,,,,,,,,614000,61276278,None,4214783000,4214783000,450646000,None,17354000,1588229000,None,None,22631000,,1.0,0.0016,,,,0.133,0.05,76420000,99051000,6.52,2016-06-30,21.23,979339000,3148817000.0,499764000,71030000,9738000,510723000,510723000,None,8316000,None,41946000,None,None,509841000,None,7668000,60042000,None,None,None,0.0943,,410462000,74671000,68714000,459526000,None,361365000,None,,,,,1.32,8.42,1.728,,,,,,,,0.0696,,128376000,2025-10-23,quarterly,6.57,USD,pre-market,None,1513863000,0.12,0.371,0.164,357.66,416883000,527195000,17354000,3319000,554.23,643.92,0.7669,3800366000,2141908000,1392661000,2263867000,1658458000,871206000,4714547000,1535223000,25.26,-10302000,778.64,320.42
2025-12-28,EME,24.83,16243320000.0,25.26,None,1.17,74.51,,None,392364000,392364000,,,,,,,,,613000,61350610,None,4214783000,4214783000,439782000,None,None,1487048000,None,None,22631000,,1.0,0.0016,,,,0.133,0.05,76420000,99051000,6.52,2016-03-31,21.23,843170000,3148817000.0,499764000,71030000,9738000,463364000,463364000,None,8316000,None,37003000,None,None,293958000,None,8599000,60042000,None,None,None,0.0943,,410462000,74671000,64512000,441378000,None,351499000,None,,,,,1.32,8.42,1.728,,,,,,,,0.0696,,121825000,2025-10-23,quarterly,6.57,USD,pre-market,None,1463380000,0.12,0.371,0.164,357.66,416883000,311405000,17447000,3949000,554.23,643.92,0.7669,3449659000,1980927000,1319752000,1965209000,1468732000,645457000,4714547000,1481699000,25.26,-10302000,778.64,320.42
2025-12-28,EME,24.83,16243320000.0,25.26,None,1.17,74.51,,None,486831000,486831000,,,,,,,,,617000,62909269,None,4214783000,4214783000,488251000,None,17541000,1477596000,None,None,22631000,,1.0,0.0016,,,,0.133,0.05,76420000,99051000,6.52,2015-12-31,21.23,843170000,3148817000.0,499764000,71030000,9738000,472834000,472834000,None,8316000,None,37545000,None,None,300065000,None,8359000,60042000,None,None,None,0.0943,,410462000,74671000,64140000,478701000,None,352621000,None,,,,,1.32,8.42,1.728,,,,,,,,0.0696,,122018000,2025-10-23,quarterly,6.57,USD,pre-market,None,1432980000,0.12,0.371,0.164,357.66,416883000,315100000,17541000,4232000,554.23,643.92,0.7669,3546470000,2067419000,1413728000,2066414000,1479051000,652686000,4714547000,1476711000,25.26,-10302000,778.64,320.42
2025-12-28,EME,24.83,16243320000.0,25.26,None,1.17,74.51,,None,445400000,445400000,,,,,,,,,635000,63392483,None,4214783000,4214783000,423260000,None,None,1462651000,None,None,22631000,,1.0,0.0016,,,,0.133,0.05,76420000,99051000,6.52,2015-09-30,21.23,834660000,3148817000.0,499764000,71030000,9738000,474240000,474240000,None,8316000,None,47843000,None,None,303040000,None,7146000,60042000,None,None,None,0.0943,,410462000,74671000,59252000,477531000,None,356990000,None,,,,,1.32,8.42,1.728,,,,,,,,0.0696,,117039000,2025-10-23,quarterly,6.57,USD,pre-market,None,1386977000,0.12,0.371,0.164,357.66,416883000,321752000,18712000,4407000,554.23,643.92,0.7669,3483429000,2015146000,1309230000,1969260000,1468283000,660030000,4714547000,1510312000,25.26,-10302000,778.64,320.42
2025-12-28,EME,24.83,16243320000.0,25.26,None,1.17,74.51,,None,360849000,360849000,,,,,,,,,634000,63330253,None,4214783000,4214783000,428424000,None,None,1445034000,None,None,22631000,,1.0,0.0016,,,,0.133,0.05,76420000,99051000,6.52,2015-06-30,21.23,834628000,3148817000.0,499764000,71030000,9738000,483680000,483680000,None,8316000,None,65123000,None,None,307523000,None,6570000,60042000,None,None,None,0.0943,,410462000,74671000,66728000,441738000,None,362011000,None,,,,,1.32,8.42,1.728,,,,,,,,0.0696,,118529000,2025-10-23,quarterly,6.57,USD,pre-market,None,1350524000,0.12,0.371,0.164,357.66,416883000,326337000,18814000,7631000,554.23,643.92,0.7669,3417786000,1937734000,1273965000,1943499000,1480052000,669534000,4714547000,1470815000,25.26,-10302000,778.64,320.42
2025-12-28,EME,24.83,16243320000.0,25.26,None,1.17,74.51,,None,368894000,368894000,,,,,,,,,633000,63611011,None,4214783000,4214783000,410566000,None,None,1349720000,None,None,22631000,,1.0,0.0016,,,,0.133,0.05,76420000,99051000,6.52,2015-03-31,21.23,834102000,3148817000.0,499764000,71030000,9738000,492599000,492599000,None,8316000,None,46346000,None,None,311302000,None,6029000,60042000,None,None,None,0.0943,,410462000,74671000,62333000,414866000,None,357928000,None,,,,,1.32,8.42,1.728,,,,,,,,0.0696,,118274000,2025-10-23,quarterly,6.57,USD,pre-market,None,1308742000,0.12,0.371,0.164,357.66,416883000,329982000,18680000,6424000,554.23,643.92,0.7669,3315582000,1827293000,1212878000,1882108000,1488289000,669230000,4714547000,1427739000,25.26,-10302000,778.64,320.42
2025-12-28,EME,24.83,16243320000.0,25.26,None,1.17,74.51,,None,432056000,432056000,,,,,,,,,636000,66714641,None,4214783000,4214783000,460478000,None,19041000,1337388000,None,None,22631000,,1.0,0.0016,,,,0.133,0.05,76420000,99051000,6.52,2014-12-31,21.23,834102000,3148817000.0,499764000,71030000,9738000,502060000,502060000,None,8316000,None,46854000,None,None,316399000,None,9122000,60042000,None,None,None,0.0943,,410462000,74671000,70305000,435343000,None,359764000,None,,,,,1.32,8.42,1.728,,,,,,,,0.0696,,122178000,2025-10-23,quarterly,6.57,USD,pre-market,None,1280991000,0.12,0.371,0.164,357.66,416883000,335440000,19041000,6474000,554.23,643.92,0.7669,3388967000,1886603000,1283417000,1959580000,1502364000,676163000,4714547000,1416013000,25.26,-10302000,778.64,320.42
2025-12-28,EME,24.83,16243320000.0,25.26,None,1.17,74.51,,None,437446000,437446000,,,,,,,,,662000,67802606,None,4214783000,4214783000,404094000,None,None,1355493000,None,None,22631000,,1.0,0.0016,,,,0.133,0.05,76420000,99051000,6.52,2014-09-30,21.23,834102000,3148817000.0,499764000,71030000,9738000,513001000,513001000,None,8316000,None,67173000,None,None,321222000,None,7634000,60042000,None,None,None,0.0943,,410462000,74671000,66558000,439116000,None,340592000,None,,,,,1.32,8.42,1.728,,,,,,,,0.0696,,122240000,2025-10-23,quarterly,6.57,USD,pre-market,None,1243762000,0.12,0.371,0.164,357.66,416883000,340360000,19138000,6938000,554.23,643.92,0.7669,3434667000,1926670000,1247130000,1908944000,1507997000,661814000,4714547000,1511691000,25.26,-10302000,778.64,320.42
2025-12-28,EME,24.83,16243320000.0,25.26,None,1.17,74.51,,None,437119000,437119000,,,,,,,,,677000,68000361,None,4214783000,4214783000,399926000,None,None,1313933000,None,None,22631000,,1.0,0.0016,,,,0.133,0.05,76420000,99051000,6.52,2014-06-30,21.23,834102000,3148817000.0,499764000,71030000,9738000,522493000,522493000,None,8316000,None,58251000,None,None,326084000,None,8792000,60042000,None,None,None,0.0943,,410462000,74671000,78530000,384648000,None,346781000,None,,,,,1.32,8.42,1.728,,,,,,,,0.0696,,121376000,2025-10-23,quarterly,6.57,USD,pre-market,None,1204155000,0.12,0.371,0.164,357.66,416883000,345268000,19184000,7263000,554.23,643.92,0.7669,3404895000,1887833000,1184539000,1857404000,1517062000,672865000,4714547000,1533862000,25.26,-10302000,778.64,320.42
2025-12-28,EME,24.83,16243320000.0,25.26,None,1.17,74.51,,None,406668000,406668000,,,,,,,,,680000,68001205,None,4214783000,4214783000,426799000,None,None,1356481000,None,None,22631000,,1.0,0.0016,,,,0.133,0.05,76420000,99051000,6.52,2014-03-31,21.23,834102000,3148817000.0,499764000,71030000,9738000,531994000,531994000,None,8316000,None,50332000,None,None,330639000,None,6567000,60042000,None,None,None,0.0943,,410462000,74671000,67699000,384511000,None,347949000,None,,,,,1.32,8.42,1.728,,,,,,,,0.0696,,122456000,2025-10-23,quarterly,6.57,USD,pre-market,None,1169781000,0.12,0.371,0.164,357.66,416883000,349866000,19227000,6988000,554.23,643.92,0.7669,3407516000,1881180000,1202414000,1881002000,1526336000,678588000,4714547000,1513472000,25.26,-10302000,778.64,320.42
2025-12-28,EME,24.83,16243320000.0,25.26,None,1.17,74.51,,None,439813000,439813000,,,,,,,,,676000,67174848,None,4214783000,4214783000,487738000,None,None,1358953000,None,None,22631000,,1.0,0.0016,,,,0.133,0.05,76420000,99051000,6.52,2013-12-31,21.23,834825000,3148817000.0,499764000,71030000,9738000,541497000,541497000,None,8316000,None,52123000,None,None,335331000,None,6799000,60042000,None,None,None,0.0943,,410462000,74671000,79216000,410378000,None,352215000,None,,,,,1.32,8.42,1.728,,,,,,,,0.0696,,123414000,2025-10-23,quarterly,6.57,USD,pre-market,None,1133873000,0.12,0.371,0.164,357.66,416883000,354663000,19332000,6934000,554.23,643.92,0.7669,3465915000,1930105000,1298743000,1986289000,1535810000,687546000,4714547000,1466265000,25.26,-10590000,778.64,320.42
2025-12-28,EME,24.83,16243320000.0,25.26,None,1.17,74.51,,None,444037000,444037000,,,,,,,,,681000,68163701,None,4214783000,4214783000,479604000,None,None,1396478000,None,None,22631000,,1.0,0.0016,,,,0.133,0.05,76420000,99051000,6.52,2013-09-30,21.23,829316000,3148817000.0,499764000,71030000,9738000,550785000,550785000,None,8316000,None,42724000,None,None,403195000,None,5865000,60042000,None,None,None,0.0943,,410462000,74671000,85247000,419924000,None,376347000,None,,,,,1.32,8.42,1.728,,,,,,,,0.0696,,123138000,2025-10-23,quarterly,6.57,USD,pre-market,None,1092018000,0.12,0.371,0.164,357.66,416883000,405077000,1882000,7058000,554.23,643.92,0.7669,3506759000,1968486000,1292016000,2071558000,1538273000,779542000,4714547000,1422188000,25.26,-11696000,778.64,320.42
2025-12-28,EME,24.83,16243320000.0,25.26,None,1.17,74.51,,None,530385000,530385000,,,,,,,,,681000,68095577,None,4214783000,4214783000,488414000,None,None,1402980000,None,None,22631000,,1.0,0.0016,,,,0.133,0.05,76420000,99051000,6.52,2013-06-30,21.23,566709000,3148817000.0,499764000,71030000,9738000,332046000,332046000,None,8316000,None,44994000,None,None,153369000,None,4239000,60042000,None,None,None,0.0943,,410462000,74671000,80338000,361945000,None,292882000,None,,,,,1.32,8.42,1.728,,,,,,,,0.0696,,113562000,2025-10-23,quarterly,6.57,USD,pre-market,None,1069353000,0.12,0.371,0.164,357.66,416883000,155181000,1812000,8182000,554.23,643.92,0.7669,3105336000,2058697000,1251625000,1697876000,1046639000,446251000,4714547000,1396400000,25.26,-11779000,778.64,320.42
2025-12-28,EME,24.83,16243320000.0,25.26,None,1.17,74.51,,None,499102000,499102000,,,,,,,,,682000,68099121,None,4214783000,4214783000,457769000,None,None,1351006000,None,None,22631000,,1.0,0.0016,,,,0.133,0.05,76420000,99051000,6.52,2013-03-31,21.23,566588000,3148817000.0,499764000,71030000,9738000,337412000,337412000,None,8316000,None,39655000,None,None,153602000,None,4116000,60042000,None,None,None,0.0943,,410462000,74671000,72430000,361500000,None,293717000,None,,,,,1.32,8.42,1.728,,,,,,,,0.0696,,114384000,2025-10-23,quarterly,6.57,USD,pre-market,None,1052406000,0.12,0.371,0.164,357.66,416883000,155391000,1789000,4561000,554.23,643.92,0.7669,3014716000,1962193000,1175912000,1623231000,1052523000,447319000,4714547000,1380885000,25.26,-11862000,778.64,320.42
2025-12-28,EME,24.83,16243320000.0,25.26,None,1.17,74.51,,None,605303000,605303000,,,,,,,,,680000,66568318,None,4214783000,4214783000,490621000,None,None,1315017000,None,None,22631000,,1.0,0.0016,,,,0.133,0.05,76420000,99051000,6.52,2012-12-31,21.23,566588000,3148817000.0,499764000,71030000,9738000,343748000,343748000,None,8316000,None,50512000,None,None,154112000,None,4959000,60042000,None,None,None,0.0943,,410462000,74671000,73621000,418584000,None,301260000,None,,,,,1.32,8.42,1.728,,,,,,,,0.0696,,116631000,2025-10-23,quarterly,6.57,USD,pre-market,None,1022239000,0.12,0.371,0.164,357.66,416883000,155899000,1787000,4879000,554.23,643.92,0.7669,3107070000,2044453000,1294519000,1749891000,1062617000,455372000,4714547000,1346080000,25.26,-11903000,778.64,320.42
2025-12-28,EME,24.83,16243320000.0,25.26,None,1.17,74.51,,None,474380000,474380000,,,,,,,,,678000,67511707,None,4214783000,4214783000,464383000,None,None,1270706000,None,None,22631000,,1.0,0.0016,,,,0.133,0.05,76420000,99051000,6.52,2012-09-30,21.23,568166000,3148817000.0,499764000,71030000,9738000,348545000,348545000,None,8316000,None,47023000,None,None,154311000,None,4700000,60042000,None,None,None,0.0943,,410462000,74671000,193804000,812139000,None,292111000,None,,,,,1.32,8.42,1.728,,,,,,,,0.0696,,116406000,2025-10-23,quarterly,6.57,USD,pre-market,None,1000138000,0.12,0.371,0.164,357.66,416883000,155984000,1673000,17779000,554.23,643.92,0.7669,3053461000,1985913000,1278195000,1724617000,1067548000,446422000,4714547000,1318123000,25.26,-12647000,778.64,320.42
2025-12-28,EME,24.83,16243320000.0,25.26,None,1.17,74.51,,None,434272000,434272000,,,,,,,,,679000,67695536,None,4214783000,4214783000,467777000,None,None,1194191000,None,None,22631000,,1.0,0.0016,,,,0.133,0.05,76420000,99051000,6.52,2012-06-30,21.23,567709000,3148817000.0,499764000,71030000,9738000,355950000,355950000,None,8316000,None,46085000,None,None,154313000,None,4500000,60042000,None,None,None,0.0943,,410462000,74671000,212330000,760578000,None,288107000,None,,,,,1.32,8.42,1.728,,,,,,,,0.0696,,113750000,2025-10-23,quarterly,6.57,USD,pre-market,None,960557000,0.12,0.371,0.164,357.66,416883000,155855000,1542000,23308000,554.23,643.92,0.7669,2960729000,1886878000,1229897000,1672317000,1073851000,442420000,4714547000,1277820000,25.26,-12844000,778.64,320.42
2025-12-28,EME,24.83,16243320000.0,25.26,None,1.17,74.51,,None,438655000,438655000,,,,,,,,,681000,67946245,None,4214783000,4214783000,445142000,None,None,1175629000,None,None,22631000,,1.0,0.0016,,,,0.133,0.05,76420000,99051000,6.52,2012-03-31,21.23,568868000,3148817000.0,499764000,71030000,9738000,363336000,363336000,None,8316000,None,47124000,None,None,154487000,None,5026000,60042000,None,None,None,0.0943,,410462000,74671000,200219000,785741000,None,289867000,None,,,,,1.32,8.42,1.728,,,,,,,,0.0696,,111701000,2025-10-23,quarterly,6.57,USD,pre-market,None,933835000,0.12,0.371,0.164,357.66,416883000,156103000,1616000,23732000,554.23,643.92,0.7669,2944231000,1861627000,1232499000,1676853000,1082604000,444354000,4714547000,1256318000,25.26,-12860000,778.64,320.42
2025-12-28,EME,24.83,16243320000.0,25.26,None,1.17,74.51,,None,511322000,511322000,,,,,,,,,681000,66956575,None,4214783000,4214783000,477801000,None,None,1302668000,None,None,22631000,,1.0,0.0016,,,,0.133,0.05,76420000,99051000,6.52,2011-12-31,21.23,566805000,3148817000.0,499764000,71030000,9738000,370373000,370373000,None,8316000,None,44914000,None,None,153335000,None,5618000,60042000,None,None,None,0.0943,,410462000,74671000,77749000,408373000,None,284697000,None,,,,,1.32,8.42,1.728,,,,,,,,0.0696,,101663000,2025-10-23,quarterly,6.57,USD,pre-market,None,910042000,0.12,0.371,0.164,357.66,416883000,156379000,3044000,0,554.23,643.92,0.7669,3014076000,1936653000,1330913000,1768945000,1077423000,438032000,4714547000,1234734000,25.26,-14476000,778.64,320.42
2025-12-28,EME,24.83,16243320000.0,25.26,None,1.17,74.51,,None,476366000,476366000,,,,,,,,,693000,68415196,None,4214783000,4214783000,398560000,None,None,1138777000,None,None,22631000,,1.0,0.0016,,,,0.133,0.05,76420000,99051000,6.52,2011-09-30,21.23,566752000,3148817000.0,499764000,71030000,9738000,380621000,380621000,None,8316000,None,38774000,None,None,152200000,None,5951000,60042000,None,None,None,0.0943,,410462000,74671000,172398000,835417000,None,261890000,None,,,,,1.32,8.42,1.728,,,,,,,,0.0696,,97147000,2025-10-23,quarterly,6.57,USD,pre-market,None,873386000,0.12,0.371,0.164,357.66,416883000,153429000,1229000,0,554.23,643.92,0.7669,2899173000,1826315000,1235206000,1649296000,1072858000,414090000,4714547000,1239255000,25.26,-16691000,778.64,320.42
2025-12-28,EME,24.83,16243320000.0,25.26,None,1.17,74.51,,None,406546000,406546000,,,,,,,,,692000,68591770,None,4214783000,4214783000,431280000,None,None,1175768000,None,None,22631000,,1.0,0.0016,,,,0.133,0.05,76420000,99051000,6.52,2011-06-30,21.23,570653000,3148817000.0,499764000,71030000,9738000,387382000,387382000,None,8316000,None,38310000,None,None,152181000,None,5783000,60042000,None,None,None,0.0943,,410462000,74671000,188730000,832343000,None,255634000,None,,,,,1.32,8.42,1.728,,,,,,,,0.0696,,97357000,2025-10-23,quarterly,6.57,USD,pre-market,None,835979000,0.12,0.371,0.164,357.66,416883000,153413000,1232000,0,554.23,643.92,0.7669,2896574000,1809354000,1264855000,1672670000,1087220000,407815000,4714547000,1214007000,25.26,-16718000,778.64,320.42
2025-12-28,EME,24.83,16243320000.0,25.26,None,1.17,74.51,,None,631984000,631984000,,,,,,,,,692000,68581276,None,4214783000,4214783000,392524000,None,None,1103195000,None,None,22631000,,1.0,0.0016,,,,0.133,0.05,76420000,99051000,6.52,2011-03-31,21.23,426688000,3148817000.0,499764000,71030000,9738000,259401000,259401000,None,8316000,None,38035000,None,None,151426000,None,5767000,60042000,None,None,None,0.0943,,410462000,74671000,168657000,794452000,None,217623000,None,,,,,1.32,8.42,1.728,,,,,,,,0.0696,,88549000,2025-10-23,quarterly,6.57,USD,pre-market,None,807170000,0.12,0.371,0.164,357.66,416883000,151904000,478000,0,554.23,643.92,0.7669,2750013000,1941871000,1187454000,1556503000,808142000,369049000,4714547000,1182826000,25.26,-16718000,778.64,320.42
2025-12-28,EME,24.83,16243320000.0,25.26,None,1.17,74.51,,None,710836000,710836000,,,,,,,,,690000,66400105,None,4214783000,4214783000,416715000,None,None,1179180000,None,None,22631000,,1.0,0.0016,,,,0.133,0.05,76420000,99051000,6.52,2010-12-31,21.23,406804000,3148817000.0,499764000,71030000,9738000,245089000,245089000,None,8316000,None,32778000,None,None,151184000,None,6211000,60042000,None,None,None,0.0943,,410462000,74671000,57373000,815006000,None,208814000,None,,,,,1.32,8.42,1.728,,,,,,,,0.0696,,88615000,2025-10-23,quarterly,6.57,USD,pre-market,None,782576000,0.12,0.371,0.164,357.66,416883000,360487000,978000,0,554.23,643.92,0.7669,2755542000,1980167000,1232699000,1592697000,775375000,359998000,4714547000,1152943000,25.26,-15525000,778.64,320.42
2025-12-28,EME,24.83,16243320000.0,25.26,None,1.17,74.51,,None,641111000,641111000,,,,,,,,,689000,66400105,None,4214783000,4214783000,347158000,None,None,1053355000,None,None,22631000,,1.0,0.0016,,,,0.133,0.05,76420000,99051000,6.52,2010-09-30,21.23,388673000,3148817000.0,499764000,71030000,9738000,223995000,223995000,None,8316000,None,27789000,None,None,150053000,None,5749000,60042000,None,None,None,0.0943,,410462000,74671000,167215000,810765000,None,201112000,None,,,,,1.32,8.42,1.728,,,,,,,,0.0696,,87478000,2025-10-23,quarterly,6.57,USD,pre-market,None,742600000,0.12,0.371,0.164,357.66,416883000,150358000,305000,0,554.23,643.92,0.7669,2627504000,1889470000,1158228000,1509393000,738034000,351165000,4714547000,1108340000,25.26,-16084000,778.64,320.42
2025-12-28,EME,24.83,16243320000.0,25.26,None,1.17,74.51,,None,599941000,599941000,,,,,,,,,689000,67971567,None,4214783000,4214783000,333810000,None,None,1050509000,None,None,22631000,,1.0,0.0016,,,,0.133,0.05,76420000,99051000,6.52,2010-06-30,21.23,594432000,3148817000.0,499764000,71030000,9738000,246487000,246487000,None,8316000,None,31738000,None,None,150000000,None,5698000,60042000,None,None,None,0.0943,,410462000,74671000,177174000,816139000,None,227599000,None,,,,,1.32,8.42,1.728,,,,,,,,0.0696,,87459000,2025-10-23,quarterly,6.57,USD,pre-market,None,918225000,0.12,0.371,0.164,357.66,416883000,150444000,348000,0,554.23,643.92,0.7669,2816359000,1859362000,1150297000,1527896000,956997000,377599000,4714547000,1278653000,25.26,-16326000,778.64,320.42
2025-12-28,EME,24.83,16243320000.0,25.26,None,1.17,74.51,,None,600561000,600561000,,,,,,,,,688000,67898224,None,4214783000,4214783000,341666000,None,None,1043570000,None,None,22631000,,1.0,0.0016,,,,0.133,0.05,76420000,99051000,6.52,2010-03-31,21.23,594426000,3148817000.0,499764000,71030000,9738000,270315000,270315000,None,8316000,None,32816000,None,None,150157000,None,None,60042000,None,None,None,0.0943,,410462000,74671000,162712000,815581000,None,None,None,,,,,1.32,8.42,1.728,,,,,,,,0.0696,,89793000,2025-10-23,quarterly,6.57,USD,pre-market,None,891084000,0.12,0.371,0.164,357.66,416883000,150533000,376000,None,554.23,643.92,0.7669,2839014000,1839659000,1157623000,1586582000,999355000,428959000,4714547000,1243737000,25.26,-16326000,778.64,320.42
2025-12-28,EME,24.83,16243320000.0,25.26,None,1.17,74.51,,None,726975000,726975000,,,,,,,,,687000,65897546,None,4214783000,4214783000,379764000,None,None,1057171000,None,None,22631000,,1.0,0.0016,,,,0.133,0.05,76420000,99051000,6.52,2009-12-31,21.23,593628000,3148817000.0,499764000,71030000,9738000,264522000,264522000,None,8316000,None,34468000,None,None,150251000,None,None,60042000,None,None,None,0.0943,,410462000,74671000,158751000,864641000,None,None,None,,,,,1.32,8.42,1.728,,,,,,,,0.0696,,92057000,2025-10-23,quarterly,6.57,USD,pre-market,None,869267000,0.12,0.371,0.164,357.66,416883000,465923000,90200000,None,554.23,643.92,0.7669,2981894000,1977365000,1334605000,1755428000,1004529000,420823000,4714547000,1218071000,25.26,-15451000,778.64,320.42
2025-12-28,EME,24.83,16243320000.0,25.26,None,1.17,74.51,,None,648231000,648231000,,,,,,,,,686000,67551619,None,4214783000,4214783000,390504000,None,None,1182851000,None,None,22631000,,1.0,0.0016,,,,0.133,0.05,76420000,99051000,6.52,2009-09-30,21.23,587259000,3148817000.0,499764000,71030000,9738000,282623000,282623000,None,8316000,None,39895000,None,None,192875000,None,None,60042000,None,None,None,0.0943,,410462000,74671000,143319000,995775000,None,None,None,,,,,1.32,8.42,1.728,,,,,,,,0.0696,,92813000,2025-10-23,quarterly,6.57,USD,pre-market,None,830084000,0.12,0.371,0.164,357.66,416883000,196207000,3332000,None,554.23,643.92,0.7669,3010129000,2014296000,1389611000,1822326000,995833000,432715000,4714547000,1179426000,25.26,-15869000,778.64,320.42
2025-12-28,EME,24.83,16243320000.0,25.26,None,1.17,74.51,,None,521471000,521471000,,,,,,,,,685000,67262113,None,4214783000,4214783000,405791000,None,None,1249020000,None,None,22631000,,1.0,0.0016,,,,0.133,0.05,76420000,99051000,6.52,2009-06-30,21.23,586127000,3148817000.0,499764000,71030000,9738000,287211000,287211000,None,8316000,None,45924000,None,None,193729000,None,None,60042000,None,None,None,0.0943,,410462000,74671000,148682000,986572000,None,None,None,,,,,1.32,8.42,1.728,,,,,,,,0.0696,,94802000,2025-10-23,quarterly,6.57,USD,pre-market,None,790098000,0.12,0.371,0.164,357.66,416883000,197134000,3405000,None,554.23,643.92,0.7669,2967747000,1965097000,1395768000,1827706000,1002650000,431938000,4714547000,1132155000,25.26,-15875000,778.64,320.42
2025-12-28,EME,24.83,16243320000.0,25.26,None,1.17,74.51,,None,395076000,395076000,,,,,,,,,684000,67022957,None,4214783000,4214783000,391606000,None,None,1281517000,None,None,22631000,,1.0,0.0016,,,,0.133,0.05,76420000,99051000,6.52,2009-03-31,21.23,584125000,3148817000.0,499764000,71030000,9738000,291714000,291714000,None,8316000,None,51043000,None,None,195369000,None,None,60042000,None,None,None,0.0943,,410462000,74671000,146314000,953058000,None,None,None,,,,,1.32,8.42,1.728,,,,,,,,0.0696,,97267000,2025-10-23,quarterly,6.57,USD,pre-market,None,745279000,0.12,0.371,0.164,357.66,416883000,199054000,3685000,None,554.23,643.92,0.7669,2872309000,1873950000,1348349000,1783960000,998359000,435611000,4714547000,1080322000,25.26,-15875000,778.64,320.42
2025-12-28,EME,24.83,16243320000.0,25.26,None,1.17,74.51,,None,405869000,405869000,,,,,,,,,681000,65404404,None,4214783000,4214783000,500881000,None,None,1390973000,None,None,22631000,,1.0,0.0016,,,,0.133,0.05,76420000,99051000,6.52,2008-12-31,21.23,582714000,3148817000.0,499764000,71030000,9738000,292128000,292128000,None,8316000,None,54601000,None,None,196218000,None,None,60042000,None,None,None,0.0943,,410462000,74671000,162132000,1008388000,None,None,None,,,,,1.32,8.42,1.728,,,,,,,,0.0696,,96716000,2025-10-23,quarterly,6.57,USD,pre-market,None,708511000,0.12,0.371,0.164,357.66,416883000,200104000,3886000,None,554.23,643.92,0.7669,3008404000,2010740000,1513155000,1965059000,997664000,451904000,4714547000,1043345000,25.26,-14424000,778.64,320.42
2025-12-28,EME,24.83,16243320000.0,25.26,None,1.17,74.51,,None,340849000,340849000,,,,,,,,,680000,67425722,None,4214783000,4214783000,1173696000,None,None,1620303000,None,None,22631000,,1.0,0.0016,,,,0.133,0.05,76420000,99051000,6.52,2008-09-30,21.23,574363000,3148817000.0,499764000,71030000,9738000,270803000,270803000,None,8316000,None,61570000,None,None,196745000,None,None,60042000,None,None,None,0.0943,,410462000,74671000,52841000,422004000,None,None,None,,,,,1.32,8.42,1.728,,,,,,,,0.0696,,90609000,2025-10-23,quarterly,6.57,USD,pre-market,None,648224000,0.12,0.371,0.164,357.66,416883000,200561000,3816000,None,554.23,643.92,0.7669,3046926000,2075563000,1599516000,2035865000,971363000,436349000,4714547000,1011061000,25.26,-14424000,778.64,320.42
2025-12-28,EME,24.83,16243320000.0,25.26,None,1.17,74.51,,None,275511000,275511000,,,,,,,,,679000,67301117,None,4214783000,4214783000,1153869000,None,None,1613496000,None,None,22631000,,1.0,0.0016,,,,0.133,0.05,76420000,99051000,6.52,2008-06-30,21.23,569327000,3148817000.0,499764000,71030000,9738000,271315000,271315000,None,8316000,None,56526000,None,None,197600000,None,None,60042000,None,None,None,0.0943,,410462000,74671000,56872000,403782000,None,None,None,,,,,1.32,8.42,1.728,,,,,,,,0.0696,,88807000,2025-10-23,quarterly,6.57,USD,pre-market,None,599589000,0.12,0.371,0.164,357.66,416883000,201438000,3838000,None,554.23,643.92,0.7669,2967372000,2002405000,1561489000,2004391000,964967000,442902000,4714547000,962981000,25.26,-14515000,778.64,320.42
2025-12-28,EME,24.83,16243320000.0,25.26,None,1.17,74.51,,None,224989000,224989000,,,,,,,,,679000,66971259,None,4214783000,4214783000,1080132000,None,None,1556163000,None,None,22631000,,1.0,0.0016,,,,0.133,0.05,76420000,99051000,6.52,2008-03-31,21.23,564791000,3148817000.0,499764000,71030000,9738000,261142000,261142000,None,8316000,None,56909000,None,None,198468000,None,None,60042000,None,None,None,0.0943,,410462000,74671000,55566000,399726000,None,None,None,,,,,1.32,8.42,1.728,,,,,,,,0.0696,,86244000,2025-10-23,quarterly,6.57,USD,pre-market,None,555635000,0.12,0.371,0.164,357.66,416883000,202261000,3793000,None,554.23,643.92,0.7669,2841889000,1893627000,1483651000,1927077000,948262000,443426000,4714547000,914812000,25.26,-14515000,778.64,320.42
2025-12-28,EME,24.83,16243320000.0,25.26,None,1.17,74.51,,None,251637000,251637000,,,,,,,,,678000,64976271,None,4214783000,4214783000,1109745000,None,None,1574971000,None,None,22631000,,1.0,0.0016,,,,0.133,0.05,76420000,99051000,6.52,2007-12-31,21.23,563918000,3148817000.0,499764000,71030000,9738000,252146000,252146000,None,8316000,None,52247000,None,None,223453000,None,None,60042000,None,None,None,0.0943,,410462000,74671000,56935000,400687000,None,None,None,,,,,1.32,8.42,1.728,,,,,,,,0.0696,,83963000,2025-10-23,quarterly,6.57,USD,pre-market,None,526307000,0.12,0.371,0.164,357.66,416883000,227244000,3791000,None,554.23,643.92,0.7669,2871643000,1935790000,1514223000,1986602000,935853000,472379000,4714547000,885041000,25.26,-14130000,778.64,320.42
2025-12-28,EME,24.83,16243320000.0,25.26,None,1.17,74.51,,None,223077000,223077000,,,,,,,,,677000,67256140,None,4214783000,4214783000,1155404000,None,None,1597358000,None,None,22631000,,1.0,0.0016,,,,0.133,0.05,76420000,99051000,6.52,2007-09-30,21.23,592548000,3148817000.0,499764000,71030000,9738000,206647000,206647000,None,8316000,None,49801000,None,None,298950000,None,None,60042000,None,None,None,0.0943,,410462000,74671000,51441000,333484000,None,None,None,,,,,1.32,8.42,1.728,,,,,,,,0.0696,,79504000,2025-10-23,quarterly,6.57,USD,pre-market,None,475977000,0.12,0.371,0.164,357.66,416883000,301864000,2914000,None,554.23,643.92,0.7669,2843515000,1921677000,1491802000,2019416000,921838000,527614000,4714547000,824099000,25.26,-14867000,778.64,320.42
2025-12-28,EME,24.83,16243320000.0,25.26,None,1.17,74.51,,None,336335000,336335000,,,,,,,,,676000,67051282,None,4214783000,4214783000,1035341000,None,None,1451319000,None,None,22631000,,1.0,0.0016,,,,0.133,0.05,76420000,99051000,6.52,2007-06-30,21.23,297058000,3148817000.0,499764000,71030000,9738000,27697000,27697000,None,8316000,None,17089000,None,None,1087000,None,None,60042000,None,None,None,0.0943,,410462000,74671000,47864000,285254000,None,None,None,,,,,1.32,8.42,1.728,,,,,,,,0.0696,,52028000,2025-10-23,quarterly,6.57,USD,pre-market,None,437641000,0.12,0.371,0.164,357.66,416883000,1694000,607000,None,554.23,643.92,0.7669,2276433000,1852607000,1321202000,1505864000,423826000,184662000,4714547000,770569000,25.26,-16142000,778.64,320.42
2025-12-28,EME,24.83,16243320000.0,25.26,None,1.17,74.51,,None,276569000,276569000,,,,,,,,,337000,66622222,None,4214783000,4214783000,926701000,None,None,1344031000,None,None,22631000,,1.0,0.0016,,,,0.133,0.05,76420000,99051000,6.52,2007-03-31,21.23,288168000,3148817000.0,499764000,71030000,9738000,37251000,37251000,None,8316000,None,18408000,None,None,1133000,None,None,60042000,None,None,None,0.0943,,410462000,74671000,39560000,280969000,None,None,None,,,,,1.32,8.42,1.728,,,,,,,,0.0696,,53305000,2025-10-23,quarterly,6.57,USD,pre-market,None,411491000,0.12,0.371,0.164,357.66,416883000,1772000,639000,None,554.23,643.92,0.7669,2105492000,1678568000,1208309000,1380188000,426924000,171879000,4714547000,725304000,25.26,-17534000,778.64,320.42
2025-12-28,EME,24.83,16243320000.0,25.26,None,1.17,74.51,,None,273735000,273735000,,,,,,,,,336000,63529577,None,4214783000,4214783000,908476000,None,None,1332266000,None,None,22631000,,1.0,0.0016,,,,0.133,0.05,76420000,99051000,6.52,2006-12-31,21.23,288165000,3148817000.0,499764000,71030000,9738000,38251000,38251000,None,8316000,None,18015000,None,None,1239000,None,None,60042000,None,None,None,0.0943,,410462000,74671000,38397000,299213000,None,None,None,,,,,1.32,8.42,1.728,,,,,,,,0.0696,,52780000,2025-10-23,quarterly,6.57,USD,pre-market,None,399804000,0.12,0.371,0.164,357.66,416883000,1898000,659000,None,554.23,643.92,0.7669,2089023000,1662413000,1208348000,1378714000,426610000,170366000,4714547000,710309000,25.26,-16884000,778.64,320.42
2025-12-28,EME,24.83,16243320000.0,25.26,None,1.17,74.51,,None,244522000,244522000,,,,,,,,,336000,66332353,None,4214783000,4214783000,873386000,None,None,1273994000,None,None,22631000,,1.0,0.0016,,,,0.133,0.05,76420000,99051000,6.52,2006-09-30,21.23,285234000,3148817000.0,499764000,71030000,9738000,16111000,16111000,None,8316000,None,14582000,None,None,1288000,None,None,60042000,None,None,None,0.0943,,410462000,74671000,37673000,252958000,None,None,None,,,,,1.32,8.42,1.728,,,,,,,,0.0696,,46437000,2025-10-23,quarterly,6.57,USD,pre-market,None,359597000,0.12,0.371,0.164,357.66,416883000,1942000,654000,None,554.23,643.92,0.7669,1956593000,1570771000,1126998000,1271294000,385822000,144296000,4714547000,685299000,25.26,-17412000,778.64,320.42
2025-12-28,EME,24.83,16243320000.0,25.26,None,1.17,74.51,,None,180900000,180900000,,,,,,,,,335000,64850000,None,4214783000,4214783000,841006000,None,None,1237537000,None,None,22631000,,1.0,0.0016,,,,0.133,0.05,76420000,99051000,6.52,2006-06-30,21.23,283039000,3148817000.0,499764000,71030000,9738000,15429000,15429000,None,8316000,None,13112000,None,None,1377000,None,None,60042000,None,None,None,0.0943,,410462000,74671000,47514000,224535000,None,None,None,,,,,1.32,8.42,1.728,,,,,,,,0.0696,,47070000,2025-10-23,quarterly,6.57,USD,pre-market,None,337044000,0.12,0.371,0.164,357.66,416883000,2036000,659000,None,554.23,643.92,0.7669,1859979000,1479063000,1066200000,1201205000,380916000,135005000,4714547000,658774000,25.26,-17938000,778.64,320.42
2025-12-28,EME,24.83,16243320000.0,25.26,None,1.17,74.51,,None,91144000,91144000,,,,,,,,,334000,63754545,None,4214783000,4214783000,427390000,None,None,1245272000,None,None,22631000,,1.0,0.0016,,,,0.133,0.05,76420000,99051000,6.52,2006-03-31,21.23,283039000,3148817000.0,499764000,71030000,9738000,299236000,299236000,None,8316000,None,9583000,None,None,1330000,None,None,60042000,None,None,None,0.0943,,410462000,74671000,41696000,577603000,None,None,None,,,,,1.32,8.42,1.728,,,,,,,,0.0696,,47389000,2025-10-23,quarterly,6.57,USD,pre-market,None,320183000,0.12,0.371,0.164,357.66,416883000,1946000,616000,None,554.23,643.92,0.7669,1772767000,1387695000,1005609000,1143751000,385072000,138142000,4714547000,629016000,25.26,-18449000,778.64,320.42
2025-12-28,EME,24.83,16243320000.0,25.26,None,1.17,74.51,,None,103785000,103785000,,,,,,,,,333000,62668020,None,4214783000,4214783000,452709000,None,None,1232014000,None,None,22631000,,1.0,0.0016,,,,0.133,0.05,76420000,99051000,6.52,2005-12-31,21.23,283412000,3148817000.0,499764000,71030000,9738000,300402000,300402000,None,8316000,None,10175000,None,None,1406000,None,None,60042000,None,None,None,0.0943,,410462000,74671000,43829000,592056000,None,None,None,,,,,1.32,8.42,1.728,,,,,,,,0.0696,,46443000,2025-10-23,quarterly,6.57,USD,pre-market,None,313170000,0.12,0.371,0.164,357.66,416883000,1957000,551000,None,554.23,643.92,0.7669,1778941000,1389803000,1045316000,1163505000,389138000,118189000,4714547000,615436000,25.26,-17929000,778.64,320.42
2025-12-28,EME,24.83,16243320000.0,25.26,None,1.17,74.51,,None,67999000,67999000,,,,,,,,,166000,63637113,None,4214783000,4214783000,438120000,None,None,1297650000,None,None,22631000,,1.0,0.0016,,,,0.133,0.05,76420000,99051000,6.52,2005-09-30,21.23,278907000,3148817000.0,499764000,71030000,9738000,295169000,295169000,None,8316000,None,8747000,None,None,1420000,None,None,60042000,None,None,None,0.0943,,410462000,74671000,27561000,641701000,None,None,None,,,,,1.32,8.42,1.728,,,,,,,,0.0696,,49588000,2025-10-23,quarterly,6.57,USD,pre-market,None,293838000,0.12,0.371,0.164,357.66,416883000,2159000,739000,None,554.23,643.92,0.7669,1785457000,1401957000,1080560000,1178725000,383500000,98165000,4714547000,606732000,25.26,-17973000,778.64,320.42
2025-12-28,EME,24.83,16243320000.0,25.26,None,1.17,74.51,,348917000,1339550000,1339550000,,,,,,,,,612000,46808000,None,4214783000,4214783000,937087000,None,None,3862328000,None,None,22631000,,1.0,0.0016,,,,0.133,0.05,76420000,99051000,6.52,2024-12-31,21.23,1018415000,3148817000.0,499764000,71030000,9738000,648180000,648180000,None,8316000,None,95667000,None,None,None,None,None,60042000,None,None,None,0.0943,,410462000,74671000,91644000,1085743000,None,358492000,None,,,,,1.32,8.42,1.728,,,,,,,,0.0696,,523617000,2025-10-23,annual,6.57,USD,pre-market,None,4778061000,0.12,0.371,0.164,357.66,416883000,348917000,83493000,None,554.23,643.92,0.7669,7716473000,5389189000,4153863000,4777779000,2327284000,623916000,4714547000,2937657000,25.26,None,778.64,320.42
2025-12-28,EME,24.83,16243320000.0,25.26,None,1.17,74.51,,334666000,789750000,789750000,,,,,,,,,611000,47564258,None,4214783000,4214783000,935967000,None,2465000,3473375000,None,None,22631000,,1.0,0.0016,,,,0.133,0.05,76420000,99051000,6.52,2023-12-31,21.23,956549000,3148817000.0,499764000,71030000,9738000,586032000,586032000,None,8316000,None,110774000,None,None,2838000,None,None,60042000,None,None,None,0.0943,,410462000,74671000,73072000,907113000,None,358283000,None,,,,,1.32,8.42,1.728,,,,,,,,0.0696,,489876000,2025-10-23,annual,6.57,USD,pre-market,None,3814439000,0.12,0.371,0.164,357.66,416883000,345272000,80166000,None,554.23,643.92,0.7669,6609721000,4446971000,3518355000,4138906000,2162750000,620551000,4714547000,2469778000,25.26,None,778.64,320.42
2025-12-28,EME,24.83,16243320000.0,25.26,None,1.17,74.51,,294441000,456439000,456439000,,,,,,,,,609000,50136262,None,4214783000,4214783000,849284000,None,12915000,2840547000,None,None,22631000,,1.0,0.0016,,,,0.133,0.05,76420000,99051000,6.52,2022-12-31,21.23,919151000,3148817000.0,499764000,71030000,9738000,593975000,593975000,None,8316000,None,85641000,None,None,227818000,None,None,60042000,None,None,None,0.0943,,410462000,74671000,79346000,723190000,None,344405000,None,,,,,1.32,8.42,1.728,,,,,,,,0.0696,,157819000,2025-10-23,annual,6.57,USD,pre-market,None,3214281000,0.12,0.371,0.164,357.66,416883000,535174000,82785000,None,554.23,643.92,0.7669,5524607000,3461973000,2753522000,3550316000,2062634000,796793999,4714547000,1973589000,25.26,-1222645000,778.64,320.42
2025-12-28,EME,24.83,16243320000.0,25.26,None,1.17,74.51,,286687000,821345000,821345000,,,,,,,,,607000,54347534,None,4214783000,4214783000,734275000,None,12915000,2434662000,None,None,22631000,,1.0,0.0016,,,,0.133,0.05,76420000,99051000,6.52,2021-12-31,21.23,890268000,3148817000.0,499764000,71030000,9738000,589365000,589365000,None,8316000,None,54098000,None,None,240733000,None,None,60042000,None,None,None,0.0943,,410462000,74671000,80889000,765273000,None,581176000,None,,,,,1.32,8.42,1.728,,,,,,,,0.0696,,152066000,2025-10-23,annual,6.57,USD,pre-market,None,2835504000,0.12,0.371,0.164,357.66,416883000,540335000,74049000,None,554.23,643.92,0.7669,5441446000,3390994000,2361731000,3188357000,2050452000,826625999,4714547000,2252387000,25.26,-562036000,778.64,320.42
2025-12-28,EME,24.83,16243320000.0,25.26,None,1.17,74.51,,268960000,902867000,902867000,,,,,,,,,606000,55421271,None,4214783000,4214783000,671886000,None,12915000,2094052000,None,None,22631000,,1.0,0.0016,,,,0.133,0.05,76420000,99051000,6.52,2020-12-31,21.23,851783000,3148817000.0,499764000,71030000,9738000,582893000,582893000,None,8316000,None,53338000,None,None,253648000,None,None,60042000,None,None,None,0.0943,,410462000,74671000,70679000,698552000,None,847364000,None,,,,,1.32,8.42,1.728,,,,,,,,0.0696,,158427000,2025-10-23,annual,6.57,USD,pre-market,None,2480321000,0.12,0.371,0.164,357.66,416883000,535523000,70542000,None,554.23,643.92,0.7669,5063840000,3120936000,2163232000,3010596000,1942904000,847364000,4714547000,2052668000,25.26,-366490000,778.64,320.42
2025-12-28,EME,24.83,16243320000.0,25.26,None,1.17,74.51,,267773000,358818000,358818000,,,,,,,,,604000,56519281,None,4214783000,4214783000,665402000,None,14004000,2208643000,None,None,22631000,,1.0,0.0016,,,,0.133,0.05,76420000,99051000,6.52,2019-12-31,21.23,1063911000,3148817000.0,499764000,71030000,9738000,611444000,611444000,None,8316000,None,40446000,None,None,50000000,None,None,60042000,None,None,None,0.0943,,410462000,74671000,51976000,578330000,None,783968000,None,,,,,1.32,8.42,1.728,,,,,,,,0.0696,,156187000,2025-10-23,annual,6.57,USD,pre-market,None,2367481000,0.12,0.371,0.164,357.66,416883000,570325000,71236000,None,554.23,643.92,0.7669,4830358000,2659883000,1938610000,2772578000,2170475000,833968000,4714547000,2057134000,25.26,-253937000,778.64,320.42
2025-12-28,EME,24.83,16243320000.0,25.26,None,1.17,74.51,,None,363907000,363907000,,,,,,,,,601000,58443467,None,4214783000,4214783000,652091000,None,16013000,1931863000,None,None,22631000,,1.0,0.0016,,,,0.133,0.05,76420000,99051000,6.52,2018-12-31,21.23,990887000,3148817000.0,499764000,71030000,9738000,488286000,488286000,None,8316000,None,42321000,None,None,279764000,None,2899000,60042000,None,None,None,0.0943,,410462000,74671000,48116000,514004000,None,333204000,None,,,,,1.32,8.42,1.728,,,,,,,,0.0696,,134351000,2025-10-23,annual,6.57,USD,pre-market,None,2060440000,0.12,0.371,0.164,357.66,416883000,295777000,16013000,None,554.23,643.92,0.7669,4088807000,2386207000,1734398000,2347366000,1702600000,612968000,4714547000,1740545000,25.26,-253937000,778.64,320.42
2025-12-28,EME,24.83,16243320000.0,25.26,None,1.17,74.51,,None,467430000,467430000,,,,,,,,,599000,59618969,None,4214783000,4214783000,567840000,None,15364000,1730543000,None,None,22631000,,1.0,0.0016,,,,0.133,0.05,76420000,99051000,6.52,2017-12-31,21.23,964893000,3148817000.0,499764000,71030000,9738000,495036000,495036000,None,8316000,None,42724000,None,None,294786000,None,2309000,60042000,None,None,None,0.0943,,410462000,74671000,43812000,543592000,None,346049000,None,,,,,1.32,8.42,1.728,,,,,,,,0.0696,,127156000,2025-10-23,annual,6.57,USD,pre-market,None,1796556000,0.12,0.371,0.164,357.66,416883000,310150000,15364000,1958000,554.23,643.92,0.7669,3965904000,2284509000,1650952000,2291787000,1681395000,640834999,4714547000,1673267000,25.26,-37693000,778.64,320.42
2025-12-28,EME,24.83,16243320000.0,25.26,None,1.17,74.51,,None,464617000,464617000,,,,,,,,,606000,61206792,None,4214783000,4214783000,501213000,None,15030000,1626128000,None,None,22631000,,1.0,0.0016,,,,0.133,0.05,76420000,99051000,6.52,2016-12-31,21.23,979628000,3148817000.0,499764000,71030000,9738000,487398000,487398000,None,8316000,None,37426000,None,None,408296000,None,8792000,60042000,None,None,None,0.0943,,410462000,74671000,40944000,506289000,None,436158000,None,,,,,1.32,8.42,1.728,,,,,,,,0.0696,,127951000,2025-10-23,annual,6.57,USD,pre-market,None,1596269000,0.12,0.371,0.164,357.66,416883000,423326000,15030000,2043000,554.23,643.92,0.7669,3894170000,2210847000,1511774000,2314496000,1683323000,802722000,4714547000,1537089000,25.26,-10302000,778.64,320.42
2025-12-28,EME,24.83,16243320000.0,25.26,None,1.17,74.51,,None,486831000,486831000,,,,,,,,,617000,63307512,None,4214783000,4214783000,488251000,None,17541000,1477596000,None,None,22631000,,1.0,0.0016,,,,0.133,0.05,76420000,99051000,6.52,2015-12-31,21.23,843170000,3148817000.0,499764000,71030000,9738000,472834000,472834000,None,8316000,None,37545000,None,None,300065000,None,8359000,60042000,None,None,None,0.0943,,410462000,74671000,64140000,477394000,None,352621000,None,,,,,1.32,8.42,1.728,,,,,,,,0.0696,,122018000,2025-10-23,annual,6.57,USD,pre-market,None,1432980000,0.12,0.371,0.164,357.66,416883000,315100000,17541000,4232000,554.23,643.92,0.7669,3546470000,2067419000,1412421000,2062601000,1479051000,650180000,4714547000,1476711000,25.26,-10302000,778.64,320.42
2025-12-28,EME,24.83,16243320000.0,25.26,None,1.17,74.51,,None,432056000,432056000,,,,,,,,,636000,67062509,None,4214783000,4214783000,460478000,None,19041000,1337388000,None,None,22631000,,1.0,0.0016,,,,0.133,0.05,76420000,99051000,6.52,2014-12-31,21.23,834102000,3148817000.0,499764000,71030000,9738000,502060000,502060000,None,8316000,None,46854000,None,None,316399000,None,None,60042000,None,None,None,0.0943,,410462000,74671000,70305000,803898000,None,None,None,,,,,1.32,8.42,1.728,,,,,,,,0.0696,,122178000,2025-10-23,annual,6.57,USD,pre-market,None,1280991000,0.12,0.371,0.164,357.66,416883000,335440000,19041000,6474000,554.23,643.92,0.7669,3388967000,1886603000,1283417000,1959580000,1502364000,676163000,4714547000,1416013000,25.26,-10302000,778.64,320.42
2025-12-28,EME,24.83,16243320000.0,25.26,None,1.17,74.51,,None,439813000,439813000,,,,,,,,,676000,68076841,None,4214783000,4214783000,487738000,None,None,1358953000,None,None,22631000,,1.0,0.0016,,,,0.133,0.05,76420000,99051000,6.52,2013-12-31,21.23,834825000,3148817000.0,499764000,71030000,9738000,541497000,541497000,None,8316000,None,52123000,None,None,335331000,None,None,60042000,None,None,None,0.0943,,410462000,74671000,79216000,791673000,None,None,None,,,,,1.32,8.42,1.728,,,,,,,,0.0696,,123414000,2025-10-23,annual,6.57,USD,pre-market,None,1133873000,0.12,0.371,0.164,357.66,416883000,354663000,19332000,6934000,554.23,643.92,0.7669,3465915000,1930105000,1298743000,1986289000,1535810000,687546000,4714547000,1466265000,25.26,-10590000,778.64,320.42
2025-12-28,EME,24.83,16243320000.0,25.26,None,1.17,74.51,,None,605303000,605303000,,,,,,,,,680000,67738418,None,4214783000,4214783000,490621000,None,None,1315017000,None,None,22631000,,1.0,0.0016,,,,0.133,0.05,76420000,99051000,6.52,2012-12-31,21.23,566588000,3148817000.0,499764000,71030000,9738000,343748000,343748000,None,8316000,None,50512000,None,None,154112000,None,4959000,60042000,None,None,None,0.0943,,410462000,74671000,73621000,802111000,None,301260000,None,,,,,1.32,8.42,1.728,,,,,,,,0.0696,,116631000,2025-10-23,annual,6.57,USD,pre-market,None,1022239000,0.12,0.371,0.164,357.66,416883000,155899000,1787000,4879000,554.23,643.92,0.7669,3107070000,2044453000,1294519000,1749891000,1062617000,455372000,4714547000,1346080000,25.26,-11903000,778.64,320.42
2025-12-28,EME,24.83,16243320000.0,25.26,None,1.17,74.51,,None,511322000,511322000,,,,,,,,,681000,68375502,None,4214783000,4214783000,477801000,None,None,1302668000,None,None,22631000,,1.0,0.0016,,,,0.133,0.05,76420000,99051000,6.52,2011-12-31,21.23,566805000,3148817000.0,499764000,71030000,9738000,370373000,370373000,None,8316000,None,44914000,None,None,153335000,None,5618000,60042000,None,None,None,0.0943,,410462000,74671000,77749000,408373000,None,284697000,None,,,,,1.32,8.42,1.728,,,,,,,,0.0696,,101663000,2025-10-23,annual,6.57,USD,pre-market,None,910042000,0.12,0.371,0.164,357.66,416883000,156379000,3044000,0,554.23,643.92,0.7669,3014076000,1936653000,1330913000,1768945000,1077423000,438032000,4714547000,1234734000,25.26,-14476000,778.64,320.42
2025-12-28,EME,24.83,16243320000.0,25.26,None,1.17,74.51,,None,710836000,710836000,,,,,,,,,690000,66393782,None,4214783000,4214783000,416715000,None,None,1179180000,None,None,22631000,,1.0,0.0016,,,,0.133,0.05,76420000,99051000,6.52,2010-12-31,21.23,406804000,3148817000.0,499764000,71030000,9738000,245089000,245089000,None,8316000,None,32778000,None,None,151184000,None,6211000,60042000,None,None,None,0.0943,,410462000,74671000,57373000,358805000,None,208814000,None,,,,,1.32,8.42,1.728,,,,,,,,0.0696,,88615000,2025-10-23,annual,6.57,USD,pre-market,None,782576000,0.12,0.371,0.164,357.66,416883000,360487000,489000,0,554.23,643.92,0.7669,2755542000,1980167000,1232699000,1592697000,775375000,359997999,4714547000,1152943000,25.26,-15525000,778.64,320.42
2025-12-28,EME,24.83,16243320000.0,25.26,None,1.17,74.51,,None,726975000,726975000,,,,,,,,,687000,67445285,None,4214783000,4214783000,379764000,None,None,1057171000,None,None,22631000,,1.0,0.0016,,,,0.133,0.05,76420000,99051000,6.52,2009-12-31,21.23,593628000,3148817000.0,499764000,71030000,9738000,264522000,264522000,None,8316000,None,34468000,None,None,150251000,None,None,60042000,None,None,None,0.0943,,410462000,74671000,158751000,909741000,None,None,None,,,,,1.32,8.42,1.728,,,,,,,,0.0696,,92057000,2025-10-23,annual,6.57,USD,pre-market,None,869267000,0.12,0.371,0.164,357.66,416883000,465923000,45100000,None,554.23,643.92,0.7669,2981894000,1977365000,1334605000,1755428000,1004529000,420823000,4714547000,1218071000,25.26,-15451000,778.64,320.42
2025-12-28,EME,24.83,16243320000.0,25.26,None,1.17,74.51,,None,405869000,405869000,,,,,,,,,681000,67117261,None,4214783000,4214783000,500881000,None,None,1390973000,None,None,22631000,,1.0,0.0016,,,,0.133,0.05,76420000,99051000,6.52,2008-12-31,21.23,582714000,3148817000.0,499764000,71030000,9738000,292128000,292128000,None,8316000,None,54601000,None,None,196218000,None,None,60042000,None,None,None,0.0943,,410462000,74671000,162132000,1008388000,None,None,None,,,,,1.32,8.42,1.728,,,,,,,,0.0696,,96716000,2025-10-23,annual,6.57,USD,pre-market,None,708511000,0.12,0.371,0.164,357.66,416883000,200104000,3886000,None,554.23,643.92,0.7669,3008404000,2010740000,1513155000,1965059000,997664000,451904000,4714547000,1043345000,25.26,-14424000,778.64,320.42
2025-12-28,EME,24.83,16243320000.0,25.26,None,1.17,74.51,,None,251637000,251637000,,,,,,,,,678000,66731936,None,4214783000,4214783000,537314000,None,None,1574971000,None,None,22631000,,1.0,0.0016,,,,0.133,0.05,76420000,99051000,6.52,2007-12-31,21.23,563918000,3148817000.0,499764000,71030000,9738000,252146000,252146000,None,8316000,None,52247000,None,None,223453000,None,None,60042000,None,None,None,0.0943,,410462000,74671000,56935000,973118000,None,None,None,,,,,1.32,8.42,1.728,,,,,,,,0.0696,,83963000,2025-10-23,annual,6.57,USD,pre-market,None,526307000,0.12,0.371,0.164,357.66,416883000,227244000,3791000,None,554.23,643.92,0.7669,2871643000,1935790000,1514223000,1986602000,935853000,472379000,4714547000,885041000,25.26,-14130000,778.64,320.42
2025-12-28,EME,24.83,16243320000.0,25.26,None,1.17,74.51,,None,273735000,273735000,,,,,,,,,336000,65631818,None,4214783000,4214783000,502007000,None,None,1332266000,None,None,22631000,,1.0,0.0016,,,,0.133,0.05,76420000,99051000,6.52,2006-12-31,21.23,288165000,3148817000.0,499764000,71030000,9738000,38251000,38251000,None,8316000,None,18015000,None,None,1239000,None,None,60042000,None,None,None,0.0943,,410462000,74671000,38397000,705682000,None,None,None,,,,,1.32,8.42,1.728,,,,,,,,0.0696,,52780000,2025-10-23,annual,6.57,USD,pre-market,None,399804000,0.12,0.371,0.164,357.66,416883000,1898000,659000,None,554.23,643.92,0.7669,2089023000,1662413000,1208348000,1378714000,426610000,170366000,4714547000,710309000,25.26,-16884000,778.64,320.42
2025-12-28,EME,24.83,16243320000.0,25.26,None,1.17,74.51,,None,103785000,103785000,,,,,,,,,333000,63669762,None,4214783000,4214783000,452709000,None,None,1232014000,None,None,22631000,,1.0,0.0016,,,,0.133,0.05,76420000,99051000,6.52,2005-12-31,21.23,283412000,3148817000.0,499764000,71030000,9738000,300402000,300402000,None,8316000,None,10175000,None,None,1406000,None,None,60042000,None,None,None,0.0943,,410462000,74671000,43829000,592056000,None,None,None,,,,,1.32,8.42,1.728,,,,,,,,0.0696,,46443000,2025-10-23,annual,6.57,USD,pre-market,None,313170000,0.12,0.371,0.164,357.66,416883000,1957000,551000,None,554.23,643.92,0.7669,1778941000,1389803000,1045316000,1163505000,389138000,118189000,4714547000,615436000,25.26,-17929000,778.64,320.42
2025-12-28,EME,24.83,16243320000.0,25.26,None,1.17,74.51,26657000,None,103785000,103785000,-263902000,-38894000,None,None,None,None,None,None,333000,63669762,None,4214783000,4214783000,452709000,None,None,1232014000,None,None,22631000,47802000,1.0,0.0016,11192000,11192000,None,0.133,0.05,76420000,99051000,6.52,2025-09-30,21.23,283412000,3148817000.0,499764000,71030000,9738000,300402000,300402000,None,8316000,None,10175000,None,None,1406000,None,None,295373000,None,None,None,0.0943,475501000,410462000,74671000,43829000,592056000,None,None,None,None,None,None,None,1.32,8.42,1.728,None,None,None,None,None,432165000,None,0.0696,None,46443000,2025-10-23,quarterly,6.57,USD,pre-market,None,313170000,0.12,0.371,0.164,357.66,416883000,1957000,551000,None,554.23,643.92,0.7669,1778941000,1389803000,1045316000,1163505000,389138000,118189000,4714547000,615436000,25.26,-17929000,778.64,320.42
2025-12-28,EME,24.83,16243320000.0,25.26,None,1.17,74.51,28043000,None,103785000,103785000,-230296000,-63384000,None,None,None,None,None,None,333000,63669762,None,4214783000,4214783000,452709000,None,None,1232014000,None,None,22631000,46646000,1.0,0.0016,11189000,11189000,None,0.133,0.05,76420000,99051000,6.52,2025-06-30,21.23,283412000,3148817000.0,499764000,71030000,9738000,300402000,300402000,None,8316000,None,10175000,None,None,1406000,None,None,302160000,None,None,None,0.0943,193687000,410462000,74671000,43829000,592056000,None,None,None,None,None,None,None,1.32,8.42,1.728,None,None,None,None,None,-207333000,None,0.0696,None,46443000,2025-10-23,quarterly,6.57,USD,pre-market,None,313170000,0.12,0.371,0.164,357.66,416883000,1957000,551000,None,554.23,643.92,0.7669,1778941000,1389803000,1045316000,1163505000,389138000,118189000,4714547000,615436000,25.26,-17929000,778.64,320.42
2025-12-28,EME,24.83,16243320000.0,25.26,None,1.17,74.51,26131000,None,103785000,103785000,-829000,-875441000,None,None,None,None,None,None,333000,63669762,None,4214783000,4214783000,452709000,None,None,1232014000,None,None,22631000,41945000,1.0,0.0016,11451000,11451000,None,0.133,0.05,76420000,99051000,6.52,2025-03-31,21.23,283412000,3148817000.0,499764000,71030000,9738000,300402000,300402000,None,8316000,None,10175000,None,None,1406000,None,None,240677000,None,None,None,0.0943,108471000,410462000,74671000,43829000,592056000,None,None,None,None,None,None,None,1.32,8.42,1.728,None,None,None,None,None,-224832000,None,0.0696,None,46443000,2025-10-23,quarterly,6.57,USD,pre-market,None,313170000,0.12,0.371,0.164,357.66,416883000,1957000,551000,None,554.23,643.92,0.7669,1778941000,1389803000,1045316000,1163505000,389138000,118189000,4714547000,615436000,25.26,-17929000,778.64,320.42
2025-12-28,EME,24.83,16243320000.0,25.26,None,1.17,74.51,17706000,None,103785000,103785000,-100333000,-55597000,None,None,17982000,None,None,None,333000,63669762,None,4214783000,4214783000,452709000,None,None,1232014000,None,None,22631000,35322000,1.0,0.0016,11500000,11500000,None,0.133,0.05,76420000,99051000,6.52,2024-12-31,21.23,283412000,3148817000.0,499764000,71030000,9738000,300402000,300402000,None,8316000,None,10175000,None,None,1406000,None,None,292161000,None,None,None,0.0943,469492000,410462000,74671000,43829000,592056000,None,None,None,None,None,None,None,1.32,8.42,1.728,None,None,None,None,None,-84395000,None,0.0696,None,46443000,2025-10-23,quarterly,6.57,USD,pre-market,None,313170000,0.12,0.371,0.164,357.66,416883000,1957000,551000,None,554.23,643.92,0.7669,1778941000,1389803000,1045316000,1163505000,389138000,118189000,4714547000,615436000,25.26,-17929000,778.64,320.42
2025-12-28,EME,24.83,16243320000.0,25.26,None,1.17,74.51,17715000,None,103785000,103785000,-273588000,-32548000,None,None,None,None,None,None,333000,63669762,None,4214783000,4214783000,452709000,None,None,1232014000,None,None,22631000,34538000,1.0,0.0016,11665000,11665000,None,0.133,0.05,76420000,99051000,6.52,2024-09-30,21.23,283412000,3148817000.0,499764000,71030000,9738000,300402000,300402000,None,8316000,None,10175000,None,None,1406000,None,None,270263000,None,None,None,0.0943,526444000,410462000,74671000,43829000,592056000,None,None,None,None,None,None,None,1.32,8.42,1.728,None,None,None,None,None,-256416000,None,0.0696,None,46443000,2025-10-23,quarterly,6.57,USD,pre-market,None,313170000,0.12,0.371,0.164,357.66,416883000,1957000,551000,None,554.23,643.92,0.7669,1778941000,1389803000,1045316000,1163505000,389138000,118189000,4714547000,615436000,25.26,-17929000,778.64,320.42
2025-12-28,EME,24.83,16243320000.0,25.26,None,1.17,74.51,19251000,None,103785000,103785000,-122496000,-191700000,None,None,None,None,None,None,333000,63669762,None,4214783000,4214783000,452709000,None,None,1232014000,None,None,22631000,34232000,1.0,0.0016,11749000,11749000,None,0.133,0.05,76420000,99051000,6.52,2024-06-30,21.23,283412000,3148817000.0,499764000,71030000,9738000,300402000,300402000,None,8316000,None,10175000,None,None,1406000,None,None,247572000,None,None,None,0.0943,279694000,410462000,74671000,43829000,592056000,None,None,None,None,None,None,None,1.32,8.42,1.728,None,None,None,None,None,-110009000,None,0.0696,None,46443000,2025-10-23,quarterly,6.57,USD,pre-market,None,313170000,0.12,0.371,0.164,357.66,416883000,1957000,551000,None,554.23,643.92,0.7669,1778941000,1389803000,1045316000,1163505000,389138000,118189000,4714547000,615436000,25.26,-17929000,778.64,320.42
2025-12-28,EME,24.83,16243320000.0,25.26,None,1.17,74.51,20278000,None,103785000,103785000,-58948000,-19439000,None,None,None,None,None,None,333000,63669762,None,4214783000,4214783000,452709000,None,None,1232014000,None,None,22631000,29588000,1.0,0.0016,8470000,8470000,None,0.133,0.05,76420000,99051000,6.52,2024-03-31,21.23,283412000,3148817000.0,499764000,71030000,9738000,300402000,300402000,None,8316000,None,10175000,None,None,1406000,None,None,197149000,None,None,None,0.0943,132264000,410462000,74671000,43829000,592056000,None,None,None,None,None,None,None,1.32,8.42,1.728,None,None,None,None,None,-39000000,None,0.0696,None,46443000,2025-10-23,quarterly,6.57,USD,pre-market,None,313170000,0.12,0.371,0.164,357.66,416883000,1957000,551000,None,554.23,643.92,0.7669,1778941000,1389803000,1045316000,1163505000,389138000,118189000,4714547000,615436000,25.26,-17929000,778.64,320.42
2025-12-28,EME,24.83,16243320000.0,25.26,None,1.17,74.51,22098000,None,103785000,103785000,-135897000,-27259000,None,None,-23442000,None,None,None,333000,63669762,None,4214783000,4214783000,452709000,None,None,1232014000,None,None,22631000,31186000,1.0,0.0016,8486000,8486000,None,0.133,0.05,76420000,99051000,6.52,2023-12-31,21.23,283412000,3148817000.0,499764000,71030000,9738000,300402000,300402000,None,8316000,None,10175000,None,None,1406000,None,None,211515000,None,None,None,0.0943,423758000,410462000,74671000,43829000,592056000,None,None,None,None,None,None,None,1.32,8.42,1.728,None,None,None,None,None,-22414000,None,0.0696,None,46443000,2025-10-23,quarterly,6.57,USD,pre-market,None,313170000,0.12,0.371,0.164,357.66,416883000,1957000,551000,None,554.23,643.92,0.7669,1778941000,1389803000,1045316000,1163505000,389138000,118189000,4714547000,615436000,25.26,-17929000,778.64,320.42
2025-12-28,EME,24.83,16243320000.0,25.26,None,1.17,74.51,19742000,None,103785000,103785000,-149787000,-134032000,None,None,None,None,None,None,333000,63669762,None,4214783000,4214783000,452709000,None,None,1232014000,None,None,22631000,30286000,1.0,0.0016,8484000,8484000,None,0.133,0.05,76420000,99051000,6.52,2023-09-30,21.23,283412000,3148817000.0,499764000,71030000,9738000,300402000,300402000,None,8316000,None,10175000,None,None,1406000,None,None,169746000,None,None,None,0.0943,260965000,410462000,74671000,43829000,592056000,None,None,None,None,None,None,None,1.32,8.42,1.728,None,None,None,None,None,-98530000,None,0.0696,None,46443000,2025-10-23,quarterly,6.57,USD,pre-market,None,313170000,0.12,0.371,0.164,357.66,416883000,1957000,551000,None,554.23,643.92,0.7669,1778941000,1389803000,1045316000,1163505000,389138000,118189000,4714547000,615436000,25.26,-17929000,778.64,320.42
2025-12-28,EME,24.83,16243320000.0,25.26,None,1.17,74.51,13410000,None,103785000,103785000,-197876000,-23029000,78610000,None,None,None,None,None,333000,63669762,None,4214783000,4214783000,452709000,None,None,1232014000,None,None,22631000,28995000,1.0,0.0016,8563000,8563000,None,0.133,0.05,76420000,99051000,6.52,2023-06-30,21.23,283412000,3148817000.0,499764000,71030000,9738000,300402000,300402000,None,8316000,None,10175000,None,None,1406000,None,None,140595000,None,None,None,0.0943,299515000,410462000,74671000,43829000,592056000,None,None,None,None,None,None,None,1.32,8.42,1.728,None,None,None,None,None,-89266000,None,0.0696,None,46443000,2025-10-23,quarterly,6.57,USD,pre-market,None,313170000,0.12,0.371,0.164,357.66,416883000,1957000,551000,None,554.23,643.92,0.7669,1778941000,1389803000,1045316000,1163505000,389138000,118189000,4714547000,615436000,25.26,-17929000,778.64,320.42
2025-12-28,EME,24.83,16243320000.0,25.26,None,1.17,74.51,23154000,None,103785000,103785000,71506000,-25405000,-38482000,None,None,None,None,None,333000,63669762,None,4214783000,4214783000,452709000,None,None,1232014000,None,None,22631000,28498000,1.0,0.0016,7151000,7151000,None,0.133,0.05,76420000,99051000,6.52,2023-03-31,21.23,283412000,3148817000.0,499764000,71030000,9738000,300402000,300402000,None,8316000,None,10175000,None,None,1406000,None,None,111473000,None,None,None,0.0943,-84583000,410462000,74671000,43829000,592056000,None,None,None,None,None,None,None,1.32,8.42,1.728,None,None,None,None,None,-16033000,None,0.0696,None,46443000,2025-10-23,quarterly,6.57,USD,pre-market,None,313170000,0.12,0.371,0.164,357.66,416883000,1957000,551000,None,554.23,643.92,0.7669,1778941000,1389803000,1045316000,1163505000,389138000,118189000,4714547000,615436000,25.26,-17929000,778.64,320.42
2025-12-28,EME,24.83,16243320000.0,25.26,None,1.17,74.51,10572000,None,103785000,103785000,-197520000,-17902000,44157000,None,-31541000,None,None,-340091000,333000,63669762,None,4214783000,4214783000,452709000,None,None,1232014000,None,None,22631000,27978000,1.0,0.0016,7150000,7150000,None,0.133,0.05,76420000,99051000,6.52,2022-12-31,21.23,283412000,3148817000.0,499764000,71030000,9738000,300402000,300402000,None,8316000,None,10175000,None,None,1406000,None,None,126300000,None,None,None,0.0943,259579000,410462000,74671000,43829000,592056000,None,None,None,None,None,None,None,1.32,8.42,1.728,None,None,None,None,None,-4036000,None,0.0696,None,46443000,2025-10-23,quarterly,6.57,USD,pre-market,None,313170000,0.12,0.371,0.164,357.66,416883000,1957000,551000,None,554.23,643.92,0.7669,1778941000,1389803000,1045316000,1163505000,389138000,118189000,4714547000,615436000,25.26,-17929000,778.64,320.42
2025-12-28,EME,24.83,16243320000.0,25.26,None,1.17,74.51,10970000,None,103785000,103785000,-37508000,-69570000,150127000,None,-31541000,None,None,None,333000,63669762,None,4214783000,4214783000,452709000,None,None,1232014000,None,None,22631000,27496000,1.0,0.0016,6418000,6418000,None,0.133,0.05,76420000,99051000,6.52,2022-09-30,21.23,283412000,3148817000.0,499764000,71030000,9738000,300402000,300402000,None,8316000,None,10175000,None,None,1406000,None,None,105772000,None,None,None,0.0943,257205000,410462000,74671000,43829000,592056000,None,None,None,None,None,None,None,1.32,8.42,1.728,None,None,None,None,None,-202256000,None,0.0696,None,46443000,2025-10-23,quarterly,6.57,USD,pre-market,None,313170000,0.12,0.371,0.164,357.66,416883000,1957000,551000,None,554.23,643.92,0.7669,1778941000,1389803000,1045316000,1163505000,389138000,118189000,4714547000,615436000,25.26,-17929000,778.64,320.42
2025-12-28,EME,24.83,16243320000.0,25.26,None,1.17,74.51,16246000,None,103785000,103785000,-281577000,-39375000,-243989000,None,None,None,None,None,333000,63669762,None,4214783000,4214783000,452709000,None,None,1232014000,None,None,22631000,26008000,1.0,0.0016,6689000,6689000,None,0.133,0.05,76420000,99051000,6.52,2022-06-30,21.23,283412000,3148817000.0,499764000,71030000,9738000,300402000,300402000,None,8316000,None,10175000,None,None,1406000,None,None,100664000,None,None,None,0.0943,76963000,410462000,74671000,43829000,592056000,None,None,None,None,None,None,None,1.32,8.42,1.728,None,None,None,None,None,-272507000,None,0.0696,None,46443000,2025-10-23,quarterly,6.57,USD,pre-market,None,313170000,0.12,0.371,0.164,357.66,416883000,1957000,551000,None,554.23,643.92,0.7669,1778941000,1389803000,1045316000,1163505000,389138000,118189000,4714547000,615436000,25.26,-17929000,778.64,320.42
2025-12-28,EME,24.83,16243320000.0,25.26,None,1.17,74.51,11501000,None,103785000,103785000,-193513000,-13953000,-303280000,None,None,None,None,None,333000,63669762,None,4214783000,4214783000,452709000,None,None,1232014000,None,None,22631000,27129000,1.0,0.0016,6930000,6930000,None,0.133,0.05,76420000,99051000,6.52,2022-03-31,21.23,283412000,3148817000.0,499764000,71030000,9738000,300402000,300402000,None,8316000,None,10175000,None,None,1406000,None,None,73386000,None,None,None,0.0943,-95814000,410462000,74671000,43829000,592056000,None,None,None,None,None,None,None,1.32,8.42,1.728,None,None,None,None,None,-181810000,None,0.0696,None,46443000,2025-10-23,quarterly,6.57,USD,pre-market,None,313170000,0.12,0.371,0.164,357.66,416883000,1957000,551000,None,554.23,643.92,0.7669,1778941000,1389803000,1045316000,1163505000,389138000,118189000,4714547000,615436000,25.26,-17929000,778.64,320.42
2025-12-28,EME,24.83,16243320000.0,25.26,None,1.17,74.51,10238000,None,103785000,103785000,-32329000,-15590000,156957000,None,-116000,None,None,-246856000,333000,63669762,None,4214783000,4214783000,452709000,None,None,1232014000,None,None,22631000,28189000,1.0,0.0016,6939000,6939000,None,0.133,0.05,76420000,99051000,6.52,2021-12-31,21.23,283412000,3148817000.0,499764000,71030000,9738000,300402000,300402000,None,8316000,None,10175000,None,None,1406000,None,None,101668000,None,None,None,0.0943,204876000,410462000,74671000,43829000,592056000,None,None,None,None,None,None,None,1.32,8.42,1.728,None,None,None,None,None,-12299000,None,0.0696,None,46443000,2025-10-23,quarterly,6.57,USD,pre-market,None,313170000,0.12,0.371,0.164,357.66,416883000,1957000,551000,None,554.23,643.92,0.7669,1778941000,1389803000,1045316000,1163505000,389138000,118189000,4714547000,615436000,25.26,-17929000,778.64,320.42
2025-12-28,EME,24.83,16243320000.0,25.26,None,1.17,74.51,9220000,None,103785000,103785000,-56042000,-66547000,-1676000,None,-116000,None,None,None,333000,63669762,None,4214783000,4214783000,452709000,None,None,1232014000,None,None,22631000,29141000,1.0,0.0016,6988000,6988000,None,0.133,0.05,76420000,99051000,6.52,2021-09-30,21.23,283412000,3148817000.0,499764000,71030000,9738000,300402000,300402000,None,8316000,None,10175000,None,None,1406000,None,None,99740000,None,None,None,0.0943,120913000,410462000,74671000,43829000,592056000,None,None,None,None,None,None,None,1.32,8.42,1.728,None,None,None,None,None,-45217000,None,0.0696,None,46443000,2025-10-23,quarterly,6.57,USD,pre-market,None,313170000,0.12,0.371,0.164,357.66,416883000,1957000,551000,None,554.23,643.92,0.7669,1778941000,1389803000,1045316000,1163505000,389138000,118189000,4714547000,615436000,25.26,-17929000,778.64,320.42
2025-12-28,EME,24.83,16243320000.0,25.26,None,1.17,74.51,8530000,None,103785000,103785000,-133147000,-39175000,-90305000,None,-116000,None,None,None,333000,63669762,None,4214783000,4214783000,452709000,None,None,1232014000,None,None,22631000,28116000,1.0,0.0016,7115000,7115000,None,0.133,0.05,76420000,99051000,6.52,2021-06-30,21.23,283412000,3148817000.0,499764000,71030000,9738000,300402000,300402000,None,8316000,None,10175000,None,None,1406000,None,None,97348000,None,None,None,0.0943,82017000,410462000,74671000,43829000,592056000,None,None,None,None,None,None,None,1.32,8.42,1.728,None,None,None,None,None,-125113000,None,0.0696,None,46443000,2025-10-23,quarterly,6.57,USD,pre-market,None,313170000,0.12,0.371,0.164,357.66,416883000,1957000,551000,None,554.23,643.92,0.7669,1778941000,1389803000,1045316000,1163505000,389138000,118189000,4714547000,615436000,25.26,-17929000,778.64,320.42
2025-12-28,EME,24.83,16243320000.0,25.26,None,1.17,74.51,8204000,None,103785000,103785000,-23938000,-31764000,-144691000,None,-116000,None,None,None,333000,63669762,None,4214783000,4214783000,452709000,None,None,1232014000,None,None,22631000,26990000,1.0,0.0016,7121000,7121000,None,0.133,0.05,76420000,99051000,6.52,2021-03-31,21.23,283412000,3148817000.0,499764000,71030000,9738000,300402000,300402000,None,8316000,None,10175000,None,None,1406000,None,None,84945000,None,None,None,0.0943,-88989000,410462000,74671000,43829000,592056000,None,None,None,None,None,None,None,1.32,8.42,1.728,None,None,None,None,None,-12917000,None,0.0696,None,46443000,2025-10-23,quarterly,6.57,USD,pre-market,None,313170000,0.12,0.371,0.164,357.66,416883000,1957000,551000,None,554.23,643.92,0.7669,1778941000,1389803000,1045316000,1163505000,389138000,118189000,4714547000,615436000,25.26,-17929000,778.64,320.42
2025-12-28,EME,24.83,16243320000.0,25.26,None,1.17,74.51,13789000,None,103785000,103785000,-24313000,-17644000,None,None,-12709000,None,None,None,333000,63669762,None,4214783000,4214783000,452709000,None,None,1232014000,None,None,22631000,27025000,1.0,0.0016,4394000,4394000,None,0.133,0.05,76420000,99051000,6.52,2020-12-31,21.23,283412000,3148817000.0,499764000,71030000,9738000,300402000,300402000,None,8316000,None,10175000,None,None,1406000,None,None,79781000,None,None,None,0.0943,259532000,410462000,74671000,43829000,592056000,None,None,None,None,None,None,None,1.32,8.42,1.728,None,None,None,None,None,-13505000,None,0.0696,None,46443000,2025-10-23,quarterly,6.57,USD,pre-market,None,313170000,0.12,0.371,0.164,357.66,416883000,1957000,551000,None,554.23,643.92,0.7669,1778941000,1389803000,1045316000,1163505000,389138000,118189000,4714547000,615436000,25.26,-17929000,778.64,320.42
2025-12-28,EME,24.83,16243320000.0,25.26,None,1.17,74.51,8229000,None,103785000,103785000,-26293000,-48898000,194900000,None,-12709000,None,None,None,333000,63669762,None,4214783000,4214783000,452709000,None,None,1232014000,None,None,22631000,27022000,1.0,0.0016,4392000,4392000,None,0.133,0.05,76420000,99051000,6.52,2020-09-30,21.23,283412000,3148817000.0,499764000,71030000,9738000,300402000,300402000,None,8316000,None,10175000,None,None,1406000,None,None,61186000,None,None,None,0.0943,270091000,410462000,74671000,43829000,592056000,None,None,None,None,None,None,None,1.32,8.42,1.728,None,None,None,None,None,-24000,None,0.0696,None,46443000,2025-10-23,quarterly,6.57,USD,pre-market,None,313170000,0.12,0.371,0.164,357.66,416883000,1957000,551000,None,554.23,643.92,0.7669,1778941000,1389803000,1045316000,1163505000,389138000,118189000,4714547000,615436000,25.26,-17929000,778.64,320.42
2025-12-28,EME,24.83,16243320000.0,25.26,None,1.17,74.51,13916000,None,103785000,103785000,-207420000,-13900000,134236000,None,-12709000,None,None,None,333000,63669762,None,4214783000,4214783000,452709000,None,None,1232014000,None,None,22631000,26110000,1.0,0.0016,4388000,4388000,None,0.133,0.05,76420000,99051000,6.52,2020-06-30,21.23,283412000,3148817000.0,499764000,71030000,9738000,300402000,300402000,None,8316000,None,10175000,None,None,1406000,None,None,-83689000,None,None,None,0.0943,355556000,410462000,74671000,43829000,592056000,None,None,None,None,None,None,None,1.32,8.42,1.728,None,None,None,None,None,-58000,None,0.0696,None,46443000,2025-10-23,quarterly,6.57,USD,pre-market,None,313170000,0.12,0.371,0.164,357.66,416883000,1957000,551000,None,554.23,643.92,0.7669,1778941000,1389803000,1045316000,1163505000,389138000,118189000,4714547000,615436000,25.26,-17929000,778.64,320.42
2025-12-28,EME,24.83,16243320000.0,25.26,None,1.17,74.51,12035000,None,103785000,103785000,86119000,-14421000,-7115000,None,-12709000,None,None,None,333000,63669762,None,4214783000,4214783000,452709000,None,None,1232014000,None,None,22631000,26514000,1.0,0.0016,4500000,4500000,None,0.133,0.05,76420000,99051000,6.52,2020-03-31,21.23,283412000,3148817000.0,499764000,71030000,9738000,300402000,300402000,None,8316000,None,10175000,None,None,1406000,None,None,75665000,None,None,None,0.0943,-78813000,410462000,74671000,43829000,592056000,None,None,None,None,None,None,None,1.32,8.42,1.728,None,None,None,None,None,-99048000,None,0.0696,None,46443000,2025-10-23,quarterly,6.57,USD,pre-market,None,313170000,0.12,0.371,0.164,357.66,416883000,1957000,551000,None,554.23,643.92,0.7669,1778941000,1389803000,1045316000,1163505000,389138000,118189000,4714547000,615436000,25.26,-17929000,778.64,320.42
2025-12-28,EME,24.83,16243320000.0,25.26,None,1.17,74.51,12603000,None,103785000,103785000,37077000,-230382000,-14526000,None,4345000,None,None,-135954000,333000,63669762,None,4214783000,4214783000,452709000,None,None,1232014000,None,None,22631000,25175000,1.0,0.0016,4492000,4492000,None,0.133,0.05,76420000,99051000,6.52,2019-12-31,21.23,283412000,3148817000.0,499764000,71030000,9738000,300402000,300402000,None,8316000,None,10175000,None,None,1406000,None,None,86924000,None,None,None,0.0943,178779000,410462000,74671000,43829000,592056000,None,None,None,None,None,None,None,1.32,8.42,1.728,None,None,None,None,None,-2680000,None,0.0696,None,46443000,2025-10-23,quarterly,6.57,USD,pre-market,None,313170000,0.12,0.371,0.164,357.66,416883000,1957000,551000,None,554.23,643.92,0.7669,1778941000,1389803000,1045316000,1163505000,389138000,118189000,4714547000,615436000,25.26,-17929000,778.64,320.42
2025-12-28,EME,24.83,16243320000.0,25.26,None,1.17,74.51,13374000,None,103785000,103785000,-34081000,-29127000,155911000,None,4345000,None,None,None,333000,63669762,None,4214783000,4214783000,452709000,None,None,1232014000,None,None,22631000,22352000,1.0,0.0016,4491000,4491000,None,0.133,0.05,76420000,99051000,6.52,2019-09-30,21.23,283412000,3148817000.0,499764000,71030000,9738000,300402000,300402000,None,8316000,None,10175000,None,None,1406000,None,None,81834000,None,None,None,0.0943,219119000,410462000,74671000,43829000,592056000,None,None,None,None,None,None,None,1.32,8.42,1.728,None,None,None,None,None,-36000,None,0.0696,None,46443000,2025-10-23,quarterly,6.57,USD,pre-market,None,313170000,0.12,0.371,0.164,357.66,416883000,1957000,551000,None,554.23,643.92,0.7669,1778941000,1389803000,1045316000,1163505000,389138000,118189000,4714547000,615436000,25.26,-17929000,778.64,320.42
2025-12-28,EME,24.83,16243320000.0,25.26,None,1.17,74.51,9342000,None,103785000,103785000,-10435000,-41822000,-37020000,None,4345000,None,None,None,333000,63669762,None,4214783000,4214783000,452709000,None,None,1232014000,None,None,22631000,22365000,1.0,0.0016,4487000,4487000,None,0.133,0.05,76420000,99051000,6.52,2019-06-30,21.23,283412000,3148817000.0,499764000,71030000,9738000,300402000,300402000,None,8316000,None,10175000,None,None,1406000,None,None,83972000,None,None,None,0.0943,15237000,410462000,74671000,43829000,592056000,None,None,None,None,None,None,None,1.32,8.42,1.728,None,None,None,None,None,1646000,None,0.0696,None,46443000,2025-10-23,quarterly,6.57,USD,pre-market,None,313170000,0.12,0.371,0.164,357.66,416883000,1957000,551000,None,554.23,643.92,0.7669,1778941000,1389803000,1045316000,1163505000,389138000,118189000,4714547000,615436000,25.26,-17929000,778.64,320.42
2025-12-28,EME,24.83,16243320000.0,25.26,None,1.17,74.51,13113000,None,103785000,103785000,-11808000,-44008000,-113251000,None,4345000,None,None,None,333000,63669762,None,4214783000,4214783000,452709000,None,None,1232014000,None,None,22631000,22195000,1.0,0.0016,4480000,4480000,None,0.133,0.05,76420000,99051000,6.52,2019-03-31,21.23,283412000,3148817000.0,499764000,71030000,9738000,300402000,300402000,None,8316000,None,10175000,None,None,1406000,None,None,72410000,None,None,None,0.0943,-57435000,410462000,74671000,43829000,592056000,None,None,None,None,None,None,None,1.32,8.42,1.728,None,None,None,None,None,1323000,None,0.0696,None,46443000,2025-10-23,quarterly,6.57,USD,pre-market,None,313170000,0.12,0.371,0.164,357.66,416883000,1957000,551000,None,554.23,643.92,0.7669,1778941000,1389803000,1045316000,1163505000,389138000,118189000,4714547000,615436000,25.26,-17929000,778.64,320.42
2025-12-28,EME,24.83,16243320000.0,25.26,None,1.17,74.51,14805000,None,103785000,103785000,-132959000,-60851000,11309000,None,-3915000,None,None,-146101000,333000,63669762,None,4214783000,4214783000,452709000,None,None,1232014000,None,None,22631000,20748000,1.0,0.0016,4604000,4604000,None,0.133,0.05,76420000,99051000,6.52,2018-12-31,21.23,283412000,3148817000.0,499764000,71030000,9738000,300402000,300402000,None,8316000,None,10175000,None,None,1406000,None,None,77966000,None,None,None,0.0943,205119000,410462000,74671000,43829000,592056000,None,None,None,None,None,None,None,1.32,8.42,1.728,None,None,None,None,None,-125440000,None,0.0696,None,46443000,2025-10-23,quarterly,6.57,USD,pre-market,None,313170000,0.12,0.371,0.164,357.66,416883000,1957000,551000,None,554.23,643.92,0.7669,1778941000,1389803000,1045316000,1163505000,389138000,118189000,4714547000,615436000,25.26,-17929000,778.64,320.42
2025-12-28,EME,24.83,16243320000.0,25.26,None,1.17,74.51,12760000,None,103785000,103785000,-37579000,-12954000,48009000,None,-3915000,None,None,None,333000,63669762,None,4214783000,4214783000,452709000,None,None,1232014000,None,None,22631000,19582000,1.0,0.0016,4655000,4655000,None,0.133,0.05,76420000,99051000,6.52,2018-09-30,21.23,283412000,3148817000.0,499764000,71030000,9738000,300402000,300402000,None,8316000,None,10175000,None,None,1406000,None,None,79421000,None,None,None,0.0943,98542000,410462000,74671000,43829000,592056000,None,None,None,None,None,None,None,1.32,8.42,1.728,None,None,None,None,None,-30296000,None,0.0696,None,46443000,2025-10-23,quarterly,6.57,USD,pre-market,None,313170000,0.12,0.371,0.164,357.66,416883000,1957000,551000,None,554.23,643.92,0.7669,1778941000,1389803000,1045316000,1163505000,389138000,118189000,4714547000,615436000,25.26,-17929000,778.64,320.42
2025-12-28,EME,24.83,16243320000.0,25.26,None,1.17,74.51,9326000,None,103785000,103785000,-37213000,-32078000,-42854000,None,-3915000,None,None,None,333000,63669762,None,4214783000,4214783000,452709000,None,None,1232014000,None,None,22631000,20206000,1.0,0.0016,4677000,4677000,None,0.133,0.05,76420000,99051000,6.52,2018-06-30,21.23,283412000,3148817000.0,499764000,71030000,9738000,300402000,300402000,None,8316000,None,10175000,None,None,1406000,None,None,70816000,None,None,None,0.0943,26437000,410462000,74671000,43829000,592056000,None,None,None,None,None,None,None,1.32,8.42,1.728,None,None,None,None,None,-26023000,None,0.0696,None,46443000,2025-10-23,quarterly,6.57,USD,pre-market,None,313170000,0.12,0.371,0.164,357.66,416883000,1957000,551000,None,554.23,643.92,0.7669,1778941000,1389803000,1045316000,1163505000,389138000,118189000,4714547000,615436000,25.26,-17929000,778.64,320.42
2025-12-28,EME,24.83,16243320000.0,25.26,None,1.17,74.51,6588000,None,103785000,103785000,-45291000,-11839000,-116217000,None,-3915000,None,None,None,333000,63669762,None,4214783000,4214783000,452709000,None,None,1232014000,None,None,22631000,20379000,1.0,0.0016,4704000,4704000,None,0.133,0.05,76420000,99051000,6.52,2018-03-31,21.23,283412000,3148817000.0,499764000,71030000,9738000,300402000,300402000,None,8316000,None,10175000,None,None,1406000,None,None,55374000,None,None,None,0.0943,-59087000,410462000,74671000,43829000,592056000,None,None,None,None,None,None,None,1.32,8.42,1.728,None,None,None,None,None,-34485000,None,0.0696,None,46443000,2025-10-23,quarterly,6.57,USD,pre-market,None,313170000,0.12,0.371,0.164,357.66,416883000,1957000,551000,None,554.23,643.92,0.7669,1778941000,1389803000,1045316000,1163505000,389138000,118189000,4714547000,615436000,25.26,-17929000,778.64,320.42
2025-12-28,EME,24.83,16243320000.0,25.26,None,1.17,74.51,8571000,None,103785000,103785000,-109846000,-31381000,-13066000,311000,-4936000,None,None,-80514000,333000,63669762,None,4214783000,4214783000,452709000,None,None,1232014000,None,None,22631000,21954000,1.0,0.0016,4705000,4705000,None,0.133,0.05,76420000,99051000,6.52,2017-12-31,21.23,283412000,3148817000.0,499764000,71030000,9738000,300402000,300402000,None,8316000,None,10175000,None,None,1406000,None,None,53198000,None,None,None,0.0943,127850000,410462000,74671000,43829000,592056000,None,None,None,None,None,None,None,1.32,8.42,1.728,None,None,None,None,None,-2222000,None,0.0696,None,46443000,2025-10-23,quarterly,6.57,USD,pre-market,None,313170000,0.12,0.371,0.164,357.66,416883000,1957000,551000,None,554.23,643.92,0.7669,1778941000,1389803000,1045316000,1163505000,389138000,118189000,4714547000,615436000,25.26,-17929000,778.64,320.42
2025-12-28,EME,24.83,16243320000.0,25.26,None,1.17,74.51,8445000,None,103785000,103785000,-33538000,-7949000,95100000,1192000,0,None,None,None,333000,63669762,None,4214783000,4214783000,452709000,None,None,1232014000,None,None,22631000,21944000,1.0,0.0016,4735000,4735000,None,0.133,0.05,76420000,99051000,6.52,2017-09-30,21.23,283412000,3148817000.0,499764000,71030000,9738000,300402000,300402000,None,8316000,None,10175000,None,None,1406000,None,None,64597000,None,None,None,0.0943,135395000,410462000,74671000,43829000,592056000,None,None,None,None,None,None,None,1.32,8.42,1.728,None,None,None,None,None,-25169000,None,0.0696,None,46443000,2025-10-23,quarterly,6.57,USD,pre-market,None,313170000,0.12,0.371,0.164,357.66,416883000,1957000,551000,None,554.23,643.92,0.7669,1778941000,1389803000,1045316000,1163505000,389138000,118189000,4714547000,615436000,25.26,-17929000,778.64,320.42
2025-12-28,EME,24.83,16243320000.0,25.26,None,1.17,74.51,7093000,None,103785000,103785000,-19472000,-7194000,82642000,1249000,0,None,None,None,333000,63669762,None,4214783000,4214783000,452709000,None,None,1232014000,None,None,22631000,22240000,1.0,0.0016,4738000,4738000,None,0.133,0.05,76420000,99051000,6.52,2017-06-30,21.23,283412000,3148817000.0,499764000,71030000,9738000,300402000,300402000,None,8316000,None,10175000,None,None,1406000,None,None,56788000,None,None,None,0.0943,108059000,410462000,74671000,43829000,592056000,None,None,None,None,None,None,None,1.32,8.42,1.728,None,None,None,None,None,-10874000,None,0.0696,None,46443000,2025-10-23,quarterly,6.57,USD,pre-market,None,313170000,0.12,0.371,0.164,357.66,416883000,1957000,551000,None,554.23,643.92,0.7669,1778941000,1389803000,1045316000,1163505000,389138000,118189000,4714547000,615436000,25.26,-17929000,778.64,320.42
2025-12-28,EME,24.83,16243320000.0,25.26,None,1.17,74.51,10575000,None,103785000,103785000,-65614000,-91569000,-161863000,490000,0,None,None,None,333000,63669762,None,4214783000,4214783000,452709000,None,None,1232014000,None,None,22631000,22371000,1.0,0.0016,4793000,4793000,None,0.133,0.05,76420000,99051000,6.52,2017-03-31,21.23,283412000,3148817000.0,499764000,71030000,9738000,300402000,300402000,None,8316000,None,10175000,None,None,1406000,None,None,52610000,None,None,None,0.0943,-5170000,410462000,74671000,43829000,592056000,None,None,None,None,None,None,None,1.32,8.42,1.728,None,None,None,None,None,-54901000,None,0.0696,None,46443000,2025-10-23,quarterly,6.57,USD,pre-market,None,313170000,0.12,0.371,0.164,357.66,416883000,1957000,551000,None,554.23,643.92,0.7669,1778941000,1389803000,1045316000,1163505000,389138000,118189000,4714547000,615436000,25.26,-17929000,778.64,320.42
2025-12-28,EME,24.83,16243320000.0,25.26,None,1.17,74.51,10342000,None,103785000,103785000,-163770000,-10332000,-39941000,-1476000,954000,None,None,-98773000,333000,63669762,None,4214783000,4214783000,452709000,None,None,1232014000,None,None,22631000,19994000,1.0,0.0016,4856000,4856000,None,0.133,0.05,76420000,99051000,6.52,2016-12-31,21.23,283412000,3148817000.0,499764000,71030000,9738000,300402000,300402000,None,8316000,None,10175000,None,None,1406000,None,None,40887000,None,None,None,0.0943,135637000,410462000,74671000,43829000,592056000,None,None,None,None,None,None,None,1.32,8.42,1.728,None,None,None,None,None,-59416000,None,0.0696,None,46443000,2025-10-23,quarterly,6.57,USD,pre-market,None,313170000,0.12,0.371,0.164,357.66,416883000,1957000,551000,None,554.23,643.92,0.7669,1778941000,1389803000,1045316000,1163505000,389138000,118189000,4714547000,615436000,25.26,-17929000,778.64,320.42
2025-12-28,EME,24.83,16243320000.0,25.26,None,1.17,74.51,10356000,None,103785000,103785000,-8645000,-10015000,61539000,-940000,0,None,None,None,333000,63669762,None,4214783000,4214783000,452709000,None,None,1232014000,None,None,22631000,20519000,1.0,0.0016,4864000,4864000,None,0.133,0.05,76420000,99051000,6.52,2016-09-30,21.23,283412000,3148817000.0,499764000,71030000,9738000,300402000,300402000,None,8316000,None,10175000,None,None,1406000,None,None,51557000,None,None,None,0.0943,81139000,410462000,74671000,43829000,592056000,None,None,None,None,None,None,None,1.32,8.42,1.728,None,None,None,None,None,-731000,None,0.0696,None,46443000,2025-10-23,quarterly,6.57,USD,pre-market,None,313170000,0.12,0.371,0.164,357.66,416883000,1957000,551000,None,554.23,643.92,0.7669,1778941000,1389803000,1045316000,1163505000,389138000,118189000,4714547000,615436000,25.26,-17929000,778.64,320.42
2025-12-28,EME,24.83,16243320000.0,25.26,None,1.17,74.51,9934000,None,103785000,103785000,210286000,-241538000,50655000,-3039000,0,None,None,None,333000,63669762,None,4214783000,4214783000,452709000,None,None,1232014000,None,None,22631000,20474000,1.0,0.0016,4855000,4855000,None,0.133,0.05,76420000,99051000,6.52,2016-06-30,21.23,283412000,3148817000.0,499764000,71030000,9738000,300402000,300402000,None,8316000,None,10175000,None,None,1406000,None,None,55355000,None,None,None,0.0943,84946000,410462000,74671000,43829000,592056000,None,None,None,None,None,None,None,1.32,8.42,1.728,None,None,None,None,None,220144000,None,0.0696,None,46443000,2025-10-23,quarterly,6.57,USD,pre-market,None,313170000,0.12,0.371,0.164,357.66,416883000,1957000,551000,None,554.23,643.92,0.7669,1778941000,1389803000,1045316000,1163505000,389138000,118189000,4714547000,615436000,25.26,-17929000,778.64,320.42
2025-12-28,EME,24.83,16243320000.0,25.26,None,1.17,74.51,9016000,None,103785000,103785000,-47300000,-8786000,-94467000,-1220000,0,None,None,None,333000,63669762,None,4214783000,4214783000,452709000,None,None,1232014000,None,None,22631000,18802000,1.0,0.0016,4879000,4879000,None,0.133,0.05,76420000,99051000,6.52,2016-03-31,21.23,283412000,3148817000.0,499764000,71030000,9738000,300402000,300402000,None,8316000,None,10175000,None,None,1406000,None,None,34354000,None,None,None,0.0943,-37161000,410462000,74671000,43829000,592056000,None,None,None,None,None,None,None,1.32,8.42,1.728,None,None,None,None,None,-34074000,None,0.0696,None,46443000,2025-10-23,quarterly,6.57,USD,pre-market,None,313170000,0.12,0.371,0.164,357.66,416883000,1957000,551000,None,554.23,643.92,0.7669,1778941000,1389803000,1045316000,1163505000,389138000,118189000,4714547000,615436000,25.26,-17929000,778.64,320.42
2025-12-28,EME,24.83,16243320000.0,25.26,None,1.17,74.51,12598000,None,103785000,103785000,-90733000,-37510000,41431000,-1411000,9733000,None,None,-115303000,333000,63669762,None,4214783000,4214783000,452709000,None,None,1232014000,None,None,22631000,18992000,1.0,0.0016,5017000,5017000,None,0.133,0.05,76420000,99051000,6.52,2015-12-31,21.23,283412000,3148817000.0,499764000,71030000,9738000,300402000,300402000,None,8316000,None,10175000,None,None,1406000,None,None,51054000,None,None,None,0.0943,171085000,410462000,74671000,43829000,592056000,None,None,None,None,None,None,None,1.32,8.42,1.728,None,None,None,None,None,-83182000,None,0.0696,None,46443000,2025-10-23,quarterly,6.57,USD,pre-market,None,313170000,0.12,0.371,0.164,357.66,416883000,1957000,551000,None,554.23,643.92,0.7669,1778941000,1389803000,1045316000,1163505000,389138000,118189000,4714547000,615436000,25.26,-17929000,778.64,320.42
2025-12-28,EME,24.83,16243320000.0,25.26,None,1.17,74.51,7069000,None,103785000,103785000,-7964000,-7898000,84551000,-1234000,0,None,None,None,333000,63669762,None,4214783000,4214783000,452709000,None,None,1232014000,None,None,22631000,18304000,1.0,0.0016,5024000,5024000,None,0.133,0.05,76420000,99051000,6.52,2015-09-30,21.23,283412000,3148817000.0,499764000,71030000,9738000,300402000,300402000,None,8316000,None,10175000,None,None,1406000,None,None,41907000,None,None,None,0.0943,101647000,410462000,74671000,43829000,592056000,None,None,None,None,None,None,None,1.32,8.42,1.728,None,None,None,None,None,1010000,None,0.0696,None,46443000,2025-10-23,quarterly,6.57,USD,pre-market,None,313170000,0.12,0.371,0.164,357.66,416883000,1957000,551000,None,554.23,643.92,0.7669,1778941000,1389803000,1045316000,1163505000,389138000,118189000,4714547000,615436000,25.26,-17929000,778.64,320.42
2025-12-28,EME,24.83,16243320000.0,25.26,None,1.17,74.51,8857000,None,103785000,103785000,-12985000,-9035000,-8045000,2220000,0,None,None,None,333000,63669762,None,4214783000,4214783000,452709000,None,None,1232014000,None,None,22631000,18670000,1.0,0.0016,5015000,5015000,None,0.133,0.05,76420000,99051000,6.52,2015-06-30,21.23,283412000,3148817000.0,499764000,71030000,9738000,300402000,300402000,None,8316000,None,10175000,None,None,1406000,None,None,46836000,None,None,None,0.0943,11755000,410462000,74671000,43829000,592056000,None,None,None,None,None,None,None,1.32,8.42,1.728,None,None,None,None,None,1033000,None,0.0696,None,46443000,2025-10-23,quarterly,6.57,USD,pre-market,None,313170000,0.12,0.371,0.164,357.66,416883000,1957000,551000,None,554.23,643.92,0.7669,1778941000,1389803000,1045316000,1163505000,389138000,118189000,4714547000,615436000,25.26,-17929000,778.64,320.42
2025-12-28,EME,24.83,16243320000.0,25.26,None,1.17,74.51,6936000,None,103785000,103785000,-37791000,-5365000,-63162000,-2185000,0,None,None,None,333000,63669762,None,4214783000,4214783000,452709000,None,None,1232014000,None,None,22631000,18223000,1.0,0.0016,5039000,5039000,None,0.133,0.05,76420000,99051000,6.52,2015-03-31,21.23,283412000,3148817000.0,499764000,71030000,9738000,300402000,300402000,None,8316000,None,10175000,None,None,1406000,None,None,32710000,None,None,None,0.0943,-17821000,410462000,74671000,43829000,592056000,None,None,None,None,None,None,None,1.32,8.42,1.728,None,None,None,None,None,-21148000,None,0.0696,None,46443000,2025-10-23,quarterly,6.57,USD,pre-market,None,313170000,0.12,0.371,0.164,357.66,416883000,1957000,551000,None,554.23,643.92,0.7669,1778941000,1389803000,1045316000,1163505000,389138000,118189000,4714547000,615436000,25.26,-17929000,778.64,320.42
2025-12-28,EME,24.83,16243320000.0,25.26,None,1.17,74.51,10461000,None,103785000,103785000,-132476000,-8360000,-5390000,-2217000,5269000,None,None,27409000,333000,63669762,None,4214783000,4214783000,452709000,None,None,1232014000,None,None,22631000,18782000,1.0,0.0016,5184000,5184000,None,0.133,0.05,76420000,99051000,6.52,2014-12-31,21.23,283412000,3148817000.0,499764000,71030000,9738000,300402000,300402000,None,8316000,None,10175000,None,None,1406000,None,None,43808000,None,None,None,0.0943,137663000,410462000,74671000,43829000,592056000,None,None,None,None,None,None,None,1.32,8.42,1.728,None,None,None,None,None,-125599000,None,0.0696,None,46443000,2025-10-23,quarterly,6.57,USD,pre-market,None,313170000,0.12,0.371,0.164,357.66,416883000,1957000,551000,None,554.23,643.92,0.7669,1778941000,1389803000,1045316000,1163505000,389138000,118189000,4714547000,615436000,25.26,-17929000,778.64,320.42
2025-12-28,EME,24.83,16243320000.0,25.26,None,1.17,74.51,10995000,None,103785000,103785000,-67835000,1123000,327000,-2315000,0,None,None,None,333000,63669762,None,4214783000,4214783000,452709000,None,None,1232014000,None,None,22631000,18747000,1.0,0.0016,5366000,5366000,None,0.133,0.05,76420000,99051000,6.52,2014-09-30,21.23,283412000,3148817000.0,499764000,71030000,9738000,300402000,300402000,None,8316000,None,10175000,None,None,1406000,None,None,46777000,None,None,None,0.0943,69354000,410462000,74671000,43829000,592056000,None,None,None,None,None,None,None,1.32,8.42,1.728,None,None,None,None,None,-58063000,None,0.0696,None,46443000,2025-10-23,quarterly,6.57,USD,pre-market,None,313170000,0.12,0.371,0.164,357.66,416883000,1957000,551000,None,554.23,643.92,0.7669,1778941000,1389803000,1045316000,1163505000,389138000,118189000,4714547000,615436000,25.26,-17929000,778.64,320.42
2025-12-28,EME,24.83,16243320000.0,25.26,None,1.17,74.51,8506000,None,103785000,103785000,-26746000,-8110000,30451000,1351000,0,None,None,None,333000,63669762,None,4214783000,4214783000,452709000,None,None,1232014000,None,None,22631000,18590000,1.0,0.0016,5390000,5390000,None,0.133,0.05,76420000,99051000,6.52,2014-06-30,21.23,283412000,3148817000.0,499764000,71030000,9738000,300402000,300402000,None,8316000,None,10175000,None,None,1406000,None,None,41000000,None,None,None,0.0943,63956000,410462000,74671000,43829000,592056000,None,None,None,None,None,None,None,1.32,8.42,1.728,None,None,None,None,None,-18332000,None,0.0696,None,46443000,2025-10-23,quarterly,6.57,USD,pre-market,None,313170000,0.12,0.371,0.164,357.66,416883000,1957000,551000,None,554.23,643.92,0.7669,1778941000,1389803000,1045316000,1163505000,389138000,118189000,4714547000,615436000,25.26,-17929000,778.64,320.42
2025-12-28,EME,24.83,16243320000.0,25.26,None,1.17,74.51,8073000,None,103785000,103785000,-2893000,-6321000,-33145000,385000,0,None,None,None,333000,63669762,None,4214783000,4214783000,452709000,None,None,1232014000,None,None,22631000,18371000,1.0,0.0016,5353000,5353000,None,0.133,0.05,76420000,99051000,6.52,2014-03-31,21.23,283412000,3148817000.0,499764000,71030000,9738000,300402000,300402000,None,8316000,None,10175000,None,None,1406000,None,None,41842000,None,None,None,0.0943,-24316000,410462000,74671000,43829000,592056000,None,None,None,None,None,None,None,1.32,8.42,1.728,None,None,None,None,None,866000,None,0.0696,None,46443000,2025-10-23,quarterly,6.57,USD,pre-market,None,313170000,0.12,0.371,0.164,357.66,416883000,1957000,551000,None,554.23,643.92,0.7669,1778941000,1389803000,1045316000,1163505000,389138000,118189000,4714547000,615436000,25.26,-17929000,778.64,320.42
2025-12-28,EME,24.83,16243320000.0,25.26,None,1.17,74.51,11491000,None,103785000,103785000,-71568000,-16260000,-4224000,1582000,-865000,None,None,-3221000,333000,63669762,None,4214783000,4214783000,452709000,None,None,1232014000,None,None,22631000,20114000,1.0,0.0016,4028000,4028000,None,0.133,0.05,76420000,99051000,6.52,2013-12-31,21.23,283412000,3148817000.0,499764000,71030000,9738000,300402000,300402000,None,8316000,None,10175000,None,None,1406000,None,None,46269000,None,None,None,0.0943,82022000,410462000,74671000,43829000,592056000,None,None,None,None,None,None,None,1.32,8.42,1.728,None,None,None,None,None,-21072000,None,0.0696,None,46443000,2025-10-23,quarterly,6.57,USD,pre-market,None,313170000,0.12,0.371,0.164,357.66,416883000,1957000,551000,None,554.23,643.92,0.7669,1778941000,1389803000,1045316000,1163505000,389138000,118189000,4714547000,615436000,25.26,-17929000,778.64,320.42
2025-12-28,EME,24.83,16243320000.0,25.26,None,1.17,74.51,9186000,None,103785000,103785000,246657000,-456769000,-86348000,3506000,0,None,None,None,333000,63669762,None,4214783000,4214783000,452709000,None,None,1232014000,None,None,22631000,17642000,1.0,0.0016,4025000,4025000,None,0.133,0.05,76420000,99051000,6.52,2013-09-30,21.23,283412000,3148817000.0,499764000,71030000,9738000,300402000,300402000,None,8316000,None,10175000,None,None,1406000,None,None,28893000,None,None,None,0.0943,120258000,410462000,74671000,43829000,592056000,None,None,None,None,None,None,None,1.32,8.42,1.728,None,None,None,None,None,250387000,None,0.0696,None,46443000,2025-10-23,quarterly,6.57,USD,pre-market,None,313170000,0.12,0.371,0.164,357.66,416883000,1957000,551000,None,554.23,643.92,0.7669,1778941000,1389803000,1045316000,1163505000,389138000,118189000,4714547000,615436000,25.26,-17929000,778.64,320.42
2025-12-28,EME,24.83,16243320000.0,25.26,None,1.17,74.51,7815000,None,103785000,103785000,-7955000,-3937000,31283000,284000,0,None,None,None,333000,63669762,None,4214783000,4214783000,452709000,None,None,1232014000,None,None,22631000,15091000,1.0,0.0016,4027000,4027000,None,0.133,0.05,76420000,99051000,6.52,2013-06-30,21.23,283412000,3148817000.0,499764000,71030000,9738000,300402000,300402000,None,8316000,None,10175000,None,None,1406000,None,None,21474000,None,None,None,0.0943,42891000,410462000,74671000,43829000,592056000,None,None,None,None,None,None,None,1.32,8.42,1.728,None,None,None,None,None,-4998000,None,0.0696,None,46443000,2025-10-23,quarterly,6.57,USD,pre-market,None,313170000,0.12,0.371,0.164,357.66,416883000,1957000,551000,None,554.23,643.92,0.7669,1778941000,1389803000,1045316000,1163505000,389138000,118189000,4714547000,615436000,25.26,-17929000,778.64,320.42
2025-12-28,EME,24.83,16243320000.0,25.26,None,1.17,74.51,7005000,None,103785000,103785000,-103000,-6456000,-106201000,-4540000,0,None,None,None,333000,63669762,None,4214783000,4214783000,452709000,None,None,1232014000,None,None,22631000,14491000,1.0,0.0016,1043000,1043000,None,0.133,0.05,76420000,99051000,6.52,2013-03-31,21.23,283412000,3148817000.0,499764000,71030000,9738000,300402000,300402000,None,8316000,None,10175000,None,None,1406000,None,None,30718000,None,None,None,0.0943,-95102000,410462000,74671000,43829000,592056000,None,None,None,None,None,None,None,1.32,8.42,1.728,None,None,None,None,None,671000,None,0.0696,None,46443000,2025-10-23,quarterly,6.57,USD,pre-market,None,313170000,0.12,0.371,0.164,357.66,416883000,1957000,551000,None,554.23,643.92,0.7669,1778941000,1389803000,1045316000,1163505000,389138000,118189000,4714547000,615436000,25.26,-17929000,778.64,320.42
2025-12-28,EME,24.83,16243320000.0,25.26,None,1.17,74.51,8519000,None,103785000,103785000,-17526000,5536000,130923000,505000,-5597000,None,None,-12852000,333000,63669762,None,4214783000,4214783000,452709000,None,None,1232014000,None,None,22631000,16053000,1.0,0.0016,22485000,22485000,None,0.133,0.05,76420000,99051000,6.52,2012-12-31,21.23,283412000,3148817000.0,499764000,71030000,9738000,300402000,300402000,None,8316000,None,10175000,None,None,1406000,None,None,46788000,None,None,None,0.0943,142408000,410462000,74671000,43829000,592056000,None,None,None,None,None,None,None,1.32,8.42,1.728,None,None,None,None,None,5833000,None,0.0696,None,46443000,2025-10-23,quarterly,6.57,USD,pre-market,None,313170000,0.12,0.371,0.164,357.66,416883000,1957000,551000,None,554.23,643.92,0.7669,1778941000,1389803000,1045316000,1163505000,389138000,118189000,4714547000,615436000,25.26,-17929000,778.64,320.42
2025-12-28,EME,24.83,16243320000.0,25.26,None,1.17,74.51,10344000,None,103785000,103785000,-5869000,-9087000,40108000,1471000,0,None,None,None,333000,63669762,None,4214783000,4214783000,452709000,None,None,1232014000,None,None,22631000,15215000,1.0,0.0016,3328000,3328000,None,0.133,0.05,76420000,99051000,6.52,2012-09-30,21.23,283412000,3148817000.0,499764000,71030000,9738000,300402000,300402000,None,8316000,None,10175000,None,None,1406000,None,None,40310000,None,None,None,0.0943,53593000,410462000,74671000,43829000,592056000,None,None,None,None,None,None,None,1.32,8.42,1.728,None,None,None,None,None,-2723000,None,0.0696,None,46443000,2025-10-23,quarterly,6.57,USD,pre-market,None,313170000,0.12,0.371,0.164,357.66,416883000,1957000,551000,None,554.23,643.92,0.7669,1778941000,1389803000,1045316000,1163505000,389138000,118189000,4714547000,615436000,25.26,-17929000,778.64,320.42
2025-12-28,EME,24.83,16243320000.0,25.26,None,1.17,74.51,11186000,None,103785000,103785000,-14747000,-10294000,-4383000,-878000,0,None,None,None,333000,63669762,None,4214783000,4214783000,452709000,None,None,1232014000,None,None,22631000,15202000,1.0,0.0016,3337000,3337000,None,0.133,0.05,76420000,99051000,6.52,2012-06-30,21.23,283412000,3148817000.0,499764000,71030000,9738000,300402000,300402000,None,8316000,None,10175000,None,None,1406000,None,None,33980000,None,None,None,0.0943,21536000,410462000,74671000,43829000,592056000,None,None,None,None,None,None,None,1.32,8.42,1.728,None,None,None,None,None,-7997000,None,0.0696,None,46443000,2025-10-23,quarterly,6.57,USD,pre-market,None,313170000,0.12,0.371,0.164,357.66,416883000,1957000,551000,None,554.23,643.92,0.7669,1778941000,1389803000,1045316000,1163505000,389138000,118189000,4714547000,615436000,25.26,-17929000,778.64,320.42
2025-12-28,EME,24.83,16243320000.0,25.26,None,1.17,74.51,7826000,None,103785000,103785000,-12445000,-28701000,-72667000,1608000,0,None,None,None,333000,63669762,None,4214783000,4214783000,452709000,None,None,1232014000,None,None,22631000,14496000,1.0,0.0016,3323000,3323000,None,0.133,0.05,76420000,99051000,6.52,2012-03-31,21.23,283412000,3148817000.0,499764000,71030000,9738000,300402000,300402000,None,8316000,None,10175000,None,None,1406000,None,None,27808000,None,None,None,0.0943,-33129000,410462000,74671000,43829000,592056000,None,None,None,None,None,None,None,1.32,8.42,1.728,None,None,None,None,None,-13192000,None,0.0696,None,46443000,2025-10-23,quarterly,6.57,USD,pre-market,None,313170000,0.12,0.371,0.164,357.66,416883000,1957000,551000,None,554.23,643.92,0.7669,1778941000,1389803000,1045316000,1163505000,389138000,118189000,4714547000,615436000,25.26,-17929000,778.64,320.42
2025-12-28,EME,24.83,16243320000.0,25.26,None,1.17,74.51,10086000,None,103785000,103785000,-29521000,-26169000,34956000,-107000,-10549000,None,None,-75529000,333000,63669762,None,4214783000,4214783000,452709000,None,None,1232014000,None,None,22631000,14970000,1.0,0.0016,4386000,4386000,None,0.133,0.05,76420000,99051000,6.52,2011-12-31,21.23,283412000,3148817000.0,499764000,71030000,9738000,300402000,300402000,None,8316000,None,10175000,None,None,1406000,None,None,37490000,None,None,None,0.0943,90753000,410462000,74671000,43829000,592056000,None,None,None,None,None,None,None,1.32,8.42,1.728,None,None,None,None,None,-127000,None,0.0696,None,46443000,2025-10-23,quarterly,6.57,USD,pre-market,None,313170000,0.12,0.371,0.164,357.66,416883000,1957000,551000,None,554.23,643.92,0.7669,1778941000,1389803000,1045316000,1163505000,389138000,118189000,4714547000,615436000,25.26,-17929000,778.64,320.42
2025-12-28,EME,24.83,16243320000.0,25.26,None,1.17,74.51,8941000,None,103785000,103785000,231000,17819000,69820000,-1871000,0,None,None,None,333000,63669762,None,4214783000,4214783000,452709000,None,None,1232014000,None,None,22631000,15213000,1.0,0.0016,0,0,None,0.133,0.05,76420000,99051000,6.52,2011-09-30,21.23,283412000,3148817000.0,499764000,71030000,9738000,300402000,300402000,None,8316000,None,10175000,None,None,1406000,None,None,41483000,None,None,None,0.0943,53641000,410462000,74671000,43829000,592056000,None,None,None,None,None,None,None,1.32,8.42,1.728,None,None,None,None,None,1728000,None,0.0696,None,46443000,2025-10-23,quarterly,6.57,USD,pre-market,None,313170000,0.12,0.371,0.164,357.66,416883000,1957000,551000,None,554.23,643.92,0.7669,1778941000,1389803000,1045316000,1163505000,389138000,118189000,4714547000,615436000,25.26,-17929000,778.64,320.42
2025-12-28,EME,24.83,16243320000.0,25.26,None,1.17,74.51,6037000,None,103785000,103785000,-1679000,-265396000,-225438000,235000,0,None,None,None,333000,63669762,None,4214783000,4214783000,452709000,None,None,1232014000,None,None,22631000,11987000,1.0,0.0016,1300000,1300000,None,0.133,0.05,76420000,99051000,6.52,2011-06-30,21.23,283412000,3148817000.0,499764000,71030000,9738000,300402000,300402000,None,8316000,None,10175000,None,None,1406000,None,None,28809000,None,None,None,0.0943,41402000,410462000,74671000,43829000,592056000,None,None,None,None,None,None,None,1.32,8.42,1.728,None,None,None,None,None,127000,None,0.0696,None,46443000,2025-10-23,quarterly,6.57,USD,pre-market,None,313170000,0.12,0.371,0.164,357.66,416883000,1957000,551000,None,554.23,643.92,0.7669,1778941000,1389803000,1045316000,1163505000,389138000,118189000,4714547000,615436000,25.26,-17929000,778.64,320.42
2025-12-28,EME,24.83,16243320000.0,25.26,None,1.17,74.51,4517000,None,103785000,103785000,1681000,-46772000,-78852000,2610000,0,None,None,None,333000,63669762,None,4214783000,4214783000,452709000,None,None,1232014000,None,None,22631000,11606000,1.0,0.0016,0,0,None,0.133,0.05,76420000,99051000,6.52,2011-03-31,21.23,283412000,3148817000.0,499764000,71030000,9738000,300402000,300402000,None,8316000,None,10175000,None,None,1406000,None,None,24594000,None,None,None,0.0943,-36371000,410462000,74671000,43829000,592056000,None,None,None,None,None,None,None,1.32,8.42,1.728,None,None,None,None,None,1308000,None,0.0696,None,46443000,2025-10-23,quarterly,6.57,USD,pre-market,None,313170000,0.12,0.371,0.164,357.66,416883000,1957000,551000,None,554.23,643.92,0.7669,1778941000,1389803000,1045316000,1163505000,389138000,118189000,4714547000,615436000,25.26,-17929000,778.64,320.42
2025-12-28,EME,24.83,16243320000.0,25.26,None,1.17,74.51,5389000,None,103785000,103785000,2463000,-33326000,None,None,10875000,None,None,None,333000,63669762,None,4214783000,4214783000,452709000,None,None,1232014000,None,None,22631000,11411000,1.0,0.0016,0,0,None,0.133,0.05,76420000,99051000,6.52,2010-12-31,21.23,283412000,3148817000.0,499764000,71030000,9738000,300402000,300402000,None,8316000,None,10175000,None,None,1406000,None,None,43983000,None,None,None,0.0943,99275000,410462000,74671000,43829000,592056000,None,None,None,None,None,None,None,1.32,8.42,1.728,None,None,None,None,None,0,None,0.0696,None,46443000,2025-10-23,quarterly,6.57,USD,pre-market,None,313170000,0.12,0.371,0.164,357.66,416883000,1957000,551000,None,554.23,643.92,0.7669,1778941000,1389803000,1045316000,1163505000,389138000,118189000,4714547000,615436000,25.26,-17929000,778.64,320.42
2025-12-28,EME,24.83,16243320000.0,25.26,None,1.17,74.51,6101000,None,103785000,103785000,-5371000,-6040000,None,None,0,None,None,None,333000,63669762,None,4214783000,4214783000,452709000,None,None,1232014000,None,None,22631000,10136000,1.0,0.0016,0,0,None,0.133,0.05,76420000,99051000,6.52,2010-09-30,21.23,283412000,3148817000.0,499764000,71030000,9738000,300402000,300402000,None,8316000,None,10175000,None,None,1406000,None,None,-177640000,None,None,None,0.0943,49627000,410462000,74671000,43829000,592056000,None,None,None,None,None,None,None,1.32,8.42,1.728,None,None,None,None,None,0,None,0.0696,None,46443000,2025-10-23,quarterly,6.57,USD,pre-market,None,313170000,0.12,0.371,0.164,357.66,416883000,1957000,551000,None,554.23,643.92,0.7669,1778941000,1389803000,1045316000,1163505000,389138000,118189000,4714547000,615436000,25.26,-17929000,778.64,320.42
2025-12-28,EME,24.83,16243320000.0,25.26,None,1.17,74.51,4380000,None,103785000,103785000,335000,3155000,None,None,0,None,None,None,333000,63669762,None,4214783000,4214783000,452709000,None,None,1232014000,None,None,22631000,10263000,1.0,0.0016,300000,300000,None,0.133,0.05,76420000,99051000,6.52,2010-06-30,21.23,283412000,3148817000.0,499764000,71030000,9738000,300402000,300402000,None,8316000,None,10175000,None,None,1406000,None,None,28556000,None,None,None,0.0943,-1137000,410462000,74671000,43829000,592056000,None,None,None,None,None,None,None,1.32,8.42,1.728,None,None,None,None,None,0,None,0.0696,None,46443000,2025-10-23,quarterly,6.57,USD,pre-market,None,313170000,0.12,0.371,0.164,357.66,416883000,1957000,551000,None,554.23,643.92,0.7669,1778941000,1389803000,1045316000,1163505000,389138000,118189000,4714547000,615436000,25.26,-17929000,778.64,320.42
2025-12-28,EME,24.83,16243320000.0,25.26,None,1.17,74.51,3489000,None,103785000,103785000,-44588000,3487000,None,None,None,None,None,None,333000,63669762,None,4214783000,4214783000,452709000,None,None,1232014000,None,None,22631000,10105000,1.0,0.0016,300000,300000,None,0.133,0.05,76420000,99051000,6.52,2010-03-31,21.23,283412000,3148817000.0,499764000,71030000,9738000,300402000,300402000,None,8316000,None,10175000,None,None,1406000,None,None,22417000,None,None,None,0.0943,-79113000,410462000,74671000,43829000,592056000,None,None,None,None,None,None,None,1.32,8.42,1.728,None,None,None,None,None,None,None,0.0696,None,46443000,2025-10-23,quarterly,6.57,USD,pre-market,None,313170000,0.12,0.371,0.164,357.66,416883000,1957000,551000,None,554.23,643.92,0.7669,1778941000,1389803000,1045316000,1163505000,389138000,118189000,4714547000,615436000,25.26,-17929000,778.64,320.42
2025-12-28,EME,24.83,16243320000.0,25.26,None,1.17,74.51,6853000,None,103785000,103785000,2064000,-12367000,None,None,38607000,None,None,None,333000,63669762,None,4214783000,4214783000,452709000,None,None,1232014000,None,None,22631000,11594000,1.0,0.0016,None,None,None,0.133,0.05,76420000,99051000,6.52,2009-12-31,21.23,283412000,3148817000.0,499764000,71030000,9738000,300402000,300402000,None,8316000,None,10175000,None,None,1406000,None,None,40001000,None,None,None,0.0943,86917000,410462000,74671000,43829000,592056000,None,None,None,None,None,None,None,1.32,8.42,1.728,None,None,None,None,None,None,None,0.0696,None,46443000,2025-10-23,quarterly,6.57,USD,pre-market,None,313170000,0.12,0.371,0.164,357.66,416883000,1957000,551000,None,554.23,643.92,0.7669,1778941000,1389803000,1045316000,1163505000,389138000,118189000,4714547000,615436000,25.26,-17929000,778.64,320.42
2025-12-28,EME,24.83,16243320000.0,25.26,None,1.17,74.51,4024000,None,103785000,103785000,210000,-5855000,None,None,None,None,None,None,333000,63669762,None,4214783000,4214783000,452709000,None,None,1232014000,None,None,22631000,11177000,1.0,0.0016,None,None,None,0.133,0.05,76420000,99051000,6.52,2009-09-30,21.23,283412000,3148817000.0,499764000,71030000,9738000,300402000,300402000,None,8316000,None,10175000,None,None,1406000,None,None,40477000,None,None,None,0.0943,133846000,410462000,74671000,43829000,592056000,None,None,None,None,None,None,None,1.32,8.42,1.728,None,None,None,None,None,None,None,0.0696,None,46443000,2025-10-23,quarterly,6.57,USD,pre-market,None,313170000,0.12,0.371,0.164,357.66,416883000,1957000,551000,None,554.23,643.92,0.7669,1778941000,1389803000,1045316000,1163505000,389138000,118189000,4714547000,615436000,25.26,-17929000,778.64,320.42
2025-12-28,EME,24.83,16243320000.0,25.26,None,1.17,74.51,5278000,None,103785000,103785000,-1014000,-13128000,None,None,None,None,None,None,333000,63669762,None,4214783000,4214783000,452709000,None,None,1232014000,None,None,22631000,11216000,1.0,0.0016,None,None,None,0.133,0.05,76420000,99051000,6.52,2009-06-30,21.23,283412000,3148817000.0,499764000,71030000,9738000,300402000,300402000,None,8316000,None,10175000,None,None,1406000,None,None,45228000,None,None,None,0.0943,126496000,410462000,74671000,43829000,592056000,None,None,None,None,None,None,None,1.32,8.42,1.728,None,None,None,None,None,None,None,0.0696,None,46443000,2025-10-23,quarterly,6.57,USD,pre-market,None,313170000,0.12,0.371,0.164,357.66,416883000,1957000,551000,None,554.23,643.92,0.7669,1778941000,1389803000,1045316000,1163505000,389138000,118189000,4714547000,615436000,25.26,-17929000,778.64,320.42
2025-12-28,EME,24.83,16243320000.0,25.26,None,1.17,74.51,7945000,None,103785000,103785000,433000,-21221000,None,None,None,None,None,None,333000,63669762,None,4214783000,4214783000,452709000,None,None,1232014000,None,None,22631000,11758000,1.0,0.0016,None,None,None,0.133,0.05,76420000,99051000,6.52,2009-03-31,21.23,283412000,3148817000.0,499764000,71030000,9738000,300402000,300402000,None,8316000,None,10175000,None,None,1406000,None,None,37371000,None,None,None,0.0943,11853000,410462000,74671000,43829000,592056000,None,None,None,None,None,None,None,1.32,8.42,1.728,None,None,None,None,None,None,None,0.0696,None,46443000,2025-10-23,quarterly,6.57,USD,pre-market,None,313170000,0.12,0.371,0.164,357.66,416883000,1957000,551000,None,554.23,643.92,0.7669,1778941000,1389803000,1045316000,1163505000,389138000,118189000,4714547000,615436000,25.26,-17929000,778.64,320.42
2025-12-28,EME,24.83,16243320000.0,25.26,None,1.17,74.51,12323000,None,103785000,103785000,-133000,-50562000,None,None,50679000,None,None,None,333000,63669762,None,4214783000,4214783000,452709000,None,None,1232014000,None,None,22631000,11841000,1.0,0.0016,None,None,None,0.133,0.05,76420000,99051000,6.52,2008-12-31,21.23,283412000,3148817000.0,499764000,71030000,9738000,300402000,300402000,None,8316000,None,10175000,None,None,1406000,None,None,60287000,None,None,None,0.0943,135323000,410462000,74671000,43829000,592056000,None,None,None,None,None,None,None,1.32,8.42,1.728,None,None,None,None,None,None,None,0.0696,None,46443000,2025-10-23,quarterly,6.57,USD,pre-market,None,313170000,0.12,0.371,0.164,357.66,416883000,1957000,551000,None,554.23,643.92,0.7669,1778941000,1389803000,1045316000,1163505000,389138000,118189000,4714547000,615436000,25.26,-17929000,778.64,320.42
2025-12-28,EME,24.83,16243320000.0,25.26,None,1.17,74.51,9105000,None,103785000,103785000,642000,-12453000,None,None,None,None,None,None,333000,63669762,None,4214783000,4214783000,452709000,None,None,1232014000,None,None,22631000,12151000,1.0,0.0016,None,None,None,0.133,0.05,76420000,99051000,6.52,2008-09-30,21.23,283412000,3148817000.0,499764000,71030000,9738000,300402000,300402000,None,8316000,None,10175000,None,None,1406000,None,None,48635000,None,None,None,0.0943,88953000,410462000,74671000,43829000,592056000,None,None,None,None,None,None,None,1.32,8.42,1.728,None,None,None,None,None,None,None,0.0696,None,46443000,2025-10-23,quarterly,6.57,USD,pre-market,None,313170000,0.12,0.371,0.164,357.66,416883000,1957000,551000,None,554.23,643.92,0.7669,1778941000,1389803000,1045316000,1163505000,389138000,118189000,4714547000,615436000,25.26,-17929000,778.64,320.42
2025-12-28,EME,24.83,16243320000.0,25.26,None,1.17,74.51,8304000,None,103785000,103785000,-890000,-34862000,None,None,None,None,None,None,333000,63669762,None,4214783000,4214783000,452709000,None,None,1232014000,None,None,22631000,12602000,1.0,0.0016,None,None,None,0.133,0.05,76420000,99051000,6.52,2008-06-30,21.23,283412000,3148817000.0,499764000,71030000,9738000,300402000,300402000,None,8316000,None,10175000,None,None,1406000,None,None,43954000,None,None,None,0.0943,85974000,410462000,74671000,43829000,592056000,None,None,None,None,None,None,None,1.32,8.42,1.728,None,None,None,None,None,None,None,0.0696,None,46443000,2025-10-23,quarterly,6.57,USD,pre-market,None,313170000,0.12,0.371,0.164,357.66,416883000,1957000,551000,None,554.23,643.92,0.7669,1778941000,1389803000,1045316000,1163505000,389138000,118189000,4714547000,615436000,25.26,-17929000,778.64,320.42
2025-12-28,EME,24.83,16243320000.0,25.26,None,1.17,74.51,7782000,None,103785000,103785000,-24617000,-26250000,None,None,None,None,None,None,333000,63669762,None,4214783000,4214783000,452709000,None,None,1232014000,None,None,22631000,11923000,1.0,0.0016,None,None,None,0.133,0.05,76420000,99051000,6.52,2008-03-31,21.23,283412000,3148817000.0,499764000,71030000,9738000,300402000,300402000,None,8316000,None,10175000,None,None,1406000,None,None,29328000,None,None,None,0.0943,24776000,410462000,74671000,43829000,592056000,None,None,None,None,None,None,None,1.32,8.42,1.728,None,None,None,None,None,None,None,0.0696,None,46443000,2025-10-23,quarterly,6.57,USD,pre-market,None,313170000,0.12,0.371,0.164,357.66,416883000,1957000,551000,None,554.23,643.92,0.7669,1778941000,1389803000,1045316000,1163505000,389138000,118189000,4714547000,615436000,25.26,-17929000,778.64,320.42
2025-12-28,EME,24.83,16243320000.0,25.26,None,1.17,74.51,7141000,None,103785000,103785000,-70517000,-25587000,None,None,148688000,None,None,None,333000,63669762,None,4214783000,4214783000,452709000,None,None,1232014000,None,None,22631000,16582000,1.0,0.0016,None,None,None,0.133,0.05,76420000,99051000,6.52,2007-12-31,21.23,283412000,3148817000.0,499764000,71030000,9738000,300402000,300402000,None,8316000,None,10175000,None,None,1406000,None,None,50330000,None,None,None,0.0943,126281000,410462000,74671000,43829000,592056000,None,None,None,None,None,None,None,1.32,8.42,1.728,None,None,None,None,None,None,None,0.0696,None,46443000,2025-10-23,quarterly,6.57,USD,pre-market,None,313170000,0.12,0.371,0.164,357.66,416883000,1957000,551000,None,554.23,643.92,0.7669,1778941000,1389803000,1045316000,1163505000,389138000,118189000,4714547000,615436000,25.26,-17929000,778.64,320.42
2025-12-28,EME,24.83,16243320000.0,25.26,None,1.17,74.51,4513000,None,103785000,103785000,302845000,-487673000,None,None,None,None,None,None,333000,63669762,None,4214783000,4214783000,452709000,None,None,1232014000,None,None,22631000,9444000,1.0,0.0016,None,None,None,0.133,0.05,76420000,99051000,6.52,2007-09-30,21.23,283412000,3148817000.0,499764000,71030000,9738000,300402000,300402000,None,8316000,None,10175000,None,None,1406000,None,None,38336000,None,None,None,0.0943,70447000,410462000,74671000,43829000,592056000,None,None,None,None,None,None,None,1.32,8.42,1.728,None,None,None,None,None,None,None,0.0696,None,46443000,2025-10-23,quarterly,6.57,USD,pre-market,None,313170000,0.12,0.371,0.164,357.66,416883000,1957000,551000,None,554.23,643.92,0.7669,1778941000,1389803000,1045316000,1163505000,389138000,118189000,4714547000,615436000,25.26,-17929000,778.64,320.42
2025-12-28,EME,24.83,16243320000.0,25.26,None,1.17,74.51,4171000,None,103785000,103785000,10168000,-5936000,None,None,None,None,None,None,333000,63669762,None,4214783000,4214783000,452709000,None,None,1232014000,None,None,22631000,5199000,1.0,0.0016,None,None,None,0.133,0.05,76420000,99051000,6.52,2007-06-30,21.23,283412000,3148817000.0,499764000,71030000,9738000,300402000,300402000,None,8316000,None,10175000,None,None,1406000,None,None,26150000,None,None,None,0.0943,53929000,410462000,74671000,43829000,592056000,None,None,None,None,None,None,None,1.32,8.42,1.728,None,None,None,None,None,None,None,0.0696,None,46443000,2025-10-23,quarterly,6.57,USD,pre-market,None,313170000,0.12,0.371,0.164,357.66,416883000,1957000,551000,None,554.23,643.92,0.7669,1778941000,1389803000,1045316000,1163505000,389138000,118189000,4714547000,615436000,25.26,-17929000,778.64,320.42
2025-12-28,EME,24.83,16243320000.0,25.26,None,1.17,74.51,5676000,None,103785000,103785000,1250000,-7154000,None,None,None,None,None,None,333000,63669762,None,4214783000,4214783000,452709000,None,None,1232014000,None,None,22631000,6446000,1.0,0.0016,None,None,None,0.133,0.05,76420000,99051000,6.52,2007-03-31,21.23,283412000,3148817000.0,499764000,71030000,9738000,300402000,300402000,None,8316000,None,10175000,None,None,1406000,None,None,11992000,None,None,None,0.0943,8364000,410462000,74671000,43829000,592056000,None,None,None,None,None,None,None,1.32,8.42,1.728,None,None,None,None,None,None,None,0.0696,None,46443000,2025-10-23,quarterly,6.57,USD,pre-market,None,313170000,0.12,0.371,0.164,357.66,416883000,1957000,551000,None,554.23,643.92,0.7669,1778941000,1389803000,1045316000,1163505000,389138000,118189000,4714547000,615436000,25.26,-17929000,778.64,320.42
2025-12-28,EME,24.83,16243320000.0,25.26,None,1.17,74.51,6562000,None,103785000,103785000,5861000,-45769000,None,None,100612000,None,None,None,333000,63669762,None,4214783000,4214783000,452709000,None,None,1232014000,None,None,22631000,6118000,1.0,0.0016,None,None,None,0.133,0.05,76420000,99051000,6.52,2006-12-31,21.23,283412000,3148817000.0,499764000,71030000,9738000,300402000,300402000,None,8316000,None,10175000,None,None,1406000,None,None,40207000,None,None,None,0.0943,60596000,410462000,74671000,43829000,592056000,None,None,None,None,None,None,None,1.32,8.42,1.728,None,None,None,None,None,None,None,0.0696,None,46443000,2025-10-23,quarterly,6.57,USD,pre-market,None,313170000,0.12,0.371,0.164,357.66,416883000,1957000,551000,None,554.23,643.92,0.7669,1778941000,1389803000,1045316000,1163505000,389138000,118189000,4714547000,615436000,25.26,-17929000,778.64,320.42
2025-12-28,EME,24.83,16243320000.0,25.26,None,1.17,74.51,3455000,None,103785000,103785000,2540000,-10234000,None,None,None,None,None,None,333000,63669762,None,4214783000,4214783000,452709000,None,None,1232014000,None,None,22631000,4876000,1.0,0.0016,None,None,None,0.133,0.05,76420000,99051000,6.52,2006-09-30,21.23,283412000,3148817000.0,499764000,71030000,9738000,300402000,300402000,None,8316000,None,10175000,None,None,1406000,None,None,22553000,None,None,None,0.0943,71316000,410462000,74671000,43829000,592056000,None,None,None,None,None,None,None,1.32,8.42,1.728,None,None,None,None,None,None,None,0.0696,None,46443000,2025-10-23,quarterly,6.57,USD,pre-market,None,313170000,0.12,0.371,0.164,357.66,416883000,1957000,551000,None,554.23,643.92,0.7669,1778941000,1389803000,1045316000,1163505000,389138000,118189000,4714547000,615436000,25.26,-17929000,778.64,320.42
2025-12-28,EME,24.83,16243320000.0,25.26,None,1.17,74.51,3709000,None,103785000,103785000,1851000,-7082000,None,None,None,None,None,None,333000,63669762,None,4214783000,4214783000,452709000,None,None,1232014000,None,None,22631000,5196000,1.0,0.0016,None,None,None,0.133,0.05,76420000,99051000,6.52,2006-06-30,21.23,283412000,3148817000.0,499764000,71030000,9738000,300402000,300402000,None,8316000,None,10175000,None,None,1406000,None,None,16861000,None,None,None,0.0943,94987000,410462000,74671000,43829000,592056000,None,None,None,None,None,None,None,1.32,8.42,1.728,None,None,None,None,None,None,None,0.0696,None,46443000,2025-10-23,quarterly,6.57,USD,pre-market,None,313170000,0.12,0.371,0.164,357.66,416883000,1957000,551000,None,554.23,643.92,0.7669,1778941000,1389803000,1045316000,1163505000,389138000,118189000,4714547000,615436000,25.26,-17929000,778.64,320.42
2025-12-28,EME,24.83,16243320000.0,25.26,None,1.17,74.51,6007000,None,103785000,103785000,6246000,-1330000,None,None,-41000000,None,None,None,333000,63669762,None,4214783000,4214783000,452709000,None,None,1232014000,None,None,22631000,5120000,1.0,0.0016,12000000,12000000,None,0.133,0.05,76420000,99051000,6.52,2006-03-31,21.23,283412000,3148817000.0,499764000,71030000,9738000,300402000,300402000,None,8316000,None,10175000,None,None,1406000,None,None,7013000,None,None,None,0.0943,-17557000,410462000,74671000,43829000,592056000,None,None,None,None,None,None,None,1.32,8.42,1.728,None,None,None,None,None,None,None,0.0696,None,46443000,2025-10-23,quarterly,6.57,USD,pre-market,None,313170000,0.12,0.371,0.164,357.66,416883000,1957000,551000,None,554.23,643.92,0.7669,1778941000,1389803000,1045316000,1163505000,389138000,118189000,4714547000,615436000,25.26,-17929000,778.64,320.42
2025-12-28,EME,24.83,16243320000.0,25.26,None,1.17,74.51,4265000,None,103785000,103785000,-2076000,-8685000,None,None,28837000,None,None,None,333000,63669762,None,4214783000,4214783000,452709000,None,None,1232014000,None,None,22631000,6847000,1.0,0.0016,None,None,None,0.133,0.05,76420000,99051000,6.52,2005-12-31,21.23,283412000,3148817000.0,499764000,71030000,9738000,300402000,300402000,None,8316000,None,10175000,None,None,1406000,None,None,19332000,None,None,None,0.0943,46547000,410462000,74671000,43829000,592056000,None,None,None,None,None,None,None,1.32,8.42,1.728,None,None,None,None,None,None,None,0.0696,None,46443000,2025-10-23,quarterly,6.57,USD,pre-market,None,313170000,0.12,0.371,0.164,357.66,416883000,1957000,551000,None,554.23,643.92,0.7669,1778941000,1389803000,1045316000,1163505000,389138000,118189000,4714547000,615436000,25.26,-17929000,778.64,320.42
2025-12-28,EME,24.83,16243320000.0,25.26,None,1.17,74.51,2252000,None,103785000,103785000,-67487000,-3610000,None,None,None,None,None,None,333000,63669762,None,4214783000,4214783000,452709000,None,None,1232014000,None,None,22631000,5031000,1.0,0.0016,None,None,None,0.133,0.05,76420000,99051000,6.52,2005-09-30,21.23,283412000,3148817000.0,499764000,71030000,9738000,300402000,300402000,None,8316000,None,10175000,None,None,1406000,None,None,30864000,None,None,None,0.0943,68462000,410462000,74671000,43829000,592056000,None,None,None,None,None,None,None,1.32,8.42,1.728,None,None,None,None,None,None,None,0.0696,None,46443000,2025-10-23,quarterly,6.57,USD,pre-market,None,313170000,0.12,0.371,0.164,357.66,416883000,1957000,551000,None,554.23,643.92,0.7669,1778941000,1389803000,1045316000,1163505000,389138000,118189000,4714547000,615436000,25.26,-17929000,778.64,320.42
2025-12-28,EME,24.83,16243320000.0,25.26,None,1.17,74.51,74950000,None,103785000,103785000,-555365000,-299284000,None,None,17982000,None,None,None,333000,63669762,None,4214783000,4214783000,452709000,None,None,1232014000,None,None,22631000,133680000,1.0,0.0016,43384000,43384000,None,0.133,0.05,76420000,99051000,6.52,2024-12-31,21.23,283412000,3148817000.0,499764000,71030000,9738000,300402000,300402000,None,8316000,None,10175000,None,None,1406000,None,None,1007145000,None,None,None,0.0943,1407894000,410462000,74671000,43829000,592056000,None,None,None,None,None,None,None,1.32,8.42,1.728,None,None,None,None,None,-489820000,None,0.0696,None,46443000,2025-10-23,annual,6.57,USD,pre-market,None,313170000,0.12,0.371,0.164,357.66,416883000,1957000,551000,None,554.23,643.92,0.7669,1778941000,1389803000,1045316000,1163505000,389138000,118189000,4714547000,615436000,25.26,-17929000,778.64,320.42
2025-12-28,EME,24.83,16243320000.0,25.26,None,1.17,74.51,78404000,None,103785000,103785000,-412054000,-161291000,None,None,-23442000,None,None,None,333000,63669762,None,4214783000,4214783000,452709000,None,None,1232014000,None,None,22631000,118965000,1.0,0.0016,32684000,32684000,None,0.133,0.05,76420000,99051000,6.52,2023-12-31,21.23,283412000,3148817000.0,499764000,71030000,9738000,300402000,300402000,None,8316000,None,10175000,None,None,1406000,None,None,633329000,None,None,None,0.0943,899655000,410462000,74671000,43829000,592056000,None,None,None,None,None,None,None,1.32,8.42,1.728,None,None,None,None,None,-127713000,None,0.0696,None,46443000,2025-10-23,annual,6.57,USD,pre-market,None,313170000,0.12,0.371,0.164,357.66,416883000,1957000,551000,None,554.23,643.92,0.7669,1778941000,1389803000,1045316000,1163505000,389138000,118189000,4714547000,615436000,25.26,-17929000,778.64,320.42
2025-12-28,EME,24.83,16243320000.0,25.26,None,1.17,74.51,49289000,None,103785000,103785000,-710118000,-140800000,-352985000,None,-31541000,None,None,-340091000,333000,63669762,None,4214783000,4214783000,452709000,None,None,1232014000,None,None,22631000,108611000,1.0,0.0016,27187000,27187000,None,0.133,0.05,76420000,99051000,6.52,2022-12-31,21.23,283412000,3148817000.0,499764000,71030000,9738000,300402000,300402000,None,8316000,None,10175000,None,None,1406000,None,None,406122000,None,None,None,0.0943,497933000,410462000,74671000,43829000,592056000,None,None,None,None,None,None,None,1.32,8.42,1.728,None,None,None,None,None,-660609000,None,0.0696,None,46443000,2025-10-23,annual,6.57,USD,pre-market,None,313170000,0.12,0.371,0.164,357.66,416883000,1957000,551000,None,554.23,643.92,0.7669,1778941000,1389803000,1045316000,1163505000,389138000,118189000,4714547000,615436000,25.26,-17929000,778.64,320.42
2025-12-28,EME,24.83,16243320000.0,25.26,None,1.17,74.51,36192000,None,103785000,103785000,-245456000,-153076000,-79715000,None,-116000,None,None,-246856000,333000,63669762,None,4214783000,4214783000,452709000,None,None,1232014000,None,None,22631000,112436000,1.0,0.0016,28163000,28163000,None,0.133,0.05,76420000,99051000,6.52,2021-12-31,21.23,283412000,3148817000.0,499764000,71030000,9738000,300402000,300402000,None,8316000,None,10175000,None,None,1406000,None,None,383701000,None,None,None,0.0943,318817000,410462000,74671000,43829000,592056000,None,None,None,None,None,None,None,1.32,8.42,1.728,None,None,None,None,None,-195546000,None,0.0696,None,46443000,2025-10-23,annual,6.57,USD,pre-market,None,313170000,0.12,0.371,0.164,357.66,416883000,1957000,551000,None,554.23,643.92,0.7669,1778941000,1389803000,1045316000,1163505000,389138000,118189000,4714547000,615436000,25.26,-17929000,778.64,320.42
2025-12-28,EME,24.83,16243320000.0,25.26,None,1.17,74.51,47969000,None,103785000,103785000,-171907000,-94863000,539596000,None,-12709000,None,None,139377000,333000,63669762,None,4214783000,4214783000,452709000,None,None,1232014000,None,None,22631000,106671000,1.0,0.0016,17674000,17674000,None,0.133,0.05,76420000,99051000,6.52,2020-12-31,21.23,283412000,3148817000.0,499764000,71030000,9738000,300402000,300402000,None,8316000,None,10175000,None,None,1406000,None,None,132943000,None,None,None,0.0943,806366000,410462000,74671000,43829000,592056000,None,None,None,None,None,None,None,1.32,8.42,1.728,None,None,None,None,None,-112553000,None,0.0696,None,46443000,2025-10-23,annual,6.57,USD,pre-market,None,313170000,0.12,0.371,0.164,357.66,416883000,1957000,551000,None,554.23,643.92,0.7669,1778941000,1389803000,1045316000,1163505000,389138000,118189000,4714547000,615436000,25.26,-17929000,778.64,320.42
2025-12-28,EME,24.83,16243320000.0,25.26,None,1.17,74.51,48432000,None,103785000,103785000,-19247000,-345339000,-8886000,None,4345000,None,None,-135954000,333000,63669762,None,4214783000,4214783000,452709000,None,None,1232014000,None,None,22631000,92087000,1.0,0.0016,17950000,17950000,None,0.133,0.05,76420000,99051000,6.52,2019-12-31,21.23,283412000,3148817000.0,499764000,71030000,9738000,300402000,300402000,None,8316000,None,10175000,None,None,1406000,None,None,325140000,None,None,None,0.0943,355700000,410462000,74671000,43829000,592056000,None,None,None,None,None,None,None,1.32,8.42,1.728,None,None,None,None,None,6090000,None,0.0696,None,46443000,2025-10-23,annual,6.57,USD,pre-market,None,313170000,0.12,0.371,0.164,357.66,416883000,1957000,551000,None,554.23,643.92,0.7669,1778941000,1389803000,1045316000,1163505000,389138000,118189000,4714547000,615436000,25.26,-17929000,778.64,320.42
2025-12-28,EME,24.83,16243320000.0,25.26,None,1.17,74.51,43479000,None,103785000,103785000,-253042000,-117722000,-99753000,None,-3915000,None,None,-146101000,333000,63669762,None,4214783000,4214783000,452709000,None,None,1232014000,None,None,22631000,80915000,1.0,0.0016,18640000,18640000,None,0.133,0.05,76420000,99051000,6.52,2018-12-31,21.23,283412000,3148817000.0,499764000,71030000,9738000,300402000,300402000,None,8316000,None,10175000,None,None,1406000,None,None,283577000,None,None,None,0.0943,271011000,410462000,74671000,43829000,592056000,None,None,None,None,None,None,None,1.32,8.42,1.728,None,None,None,None,None,-216244000,None,0.0696,None,46443000,2025-10-23,annual,6.57,USD,pre-market,None,313170000,0.12,0.371,0.164,357.66,416883000,1957000,551000,None,554.23,643.92,0.7669,1778941000,1389803000,1045316000,1163505000,389138000,118189000,4714547000,615436000,25.26,-17929000,778.64,320.42
2025-12-28,EME,24.83,16243320000.0,25.26,None,1.17,74.51,34684000,None,103785000,103785000,-228470000,-138093000,2813000,3242000,-4936000,None,None,-80514000,333000,63669762,None,4214783000,4214783000,452709000,None,None,1232014000,None,None,22631000,88509000,1.0,0.0016,18971000,18971000,None,0.133,0.05,76420000,99051000,6.52,2017-12-31,21.23,283412000,3148817000.0,499764000,71030000,9738000,300402000,300402000,None,8316000,None,10175000,None,None,1406000,None,None,227193000,None,None,None,0.0943,366134000,410462000,74671000,43829000,592056000,None,None,None,None,None,None,None,1.32,8.42,1.728,None,None,None,None,None,-93166000,None,0.0696,None,46443000,2025-10-23,annual,6.57,USD,pre-market,None,313170000,0.12,0.371,0.164,357.66,416883000,1957000,551000,None,554.23,643.92,0.7669,1778941000,1389803000,1045316000,1163505000,389138000,118189000,4714547000,615436000,25.26,-17929000,778.64,320.42
2025-12-28,EME,24.83,16243320000.0,25.26,None,1.17,74.51,39648000,None,103785000,103785000,-9429000,-270671000,-22214000,-6675000,954000,None,None,-98773000,333000,63669762,None,4214783000,4214783000,452709000,None,None,1232014000,None,None,22631000,79789000,1.0,0.0016,19454000,19454000,None,0.133,0.05,76420000,99051000,6.52,2016-12-31,21.23,283412000,3148817000.0,499764000,71030000,9738000,300402000,300402000,None,8316000,None,10175000,None,None,1406000,None,None,182153000,None,None,None,0.0943,264561000,410462000,74671000,43829000,592056000,None,None,None,None,None,None,None,1.32,8.42,1.728,None,None,None,None,None,-94221000,None,0.0696,None,46443000,2025-10-23,annual,6.57,USD,pre-market,None,313170000,0.12,0.371,0.164,357.66,416883000,1957000,551000,None,554.23,643.92,0.7669,1778941000,1389803000,1045316000,1163505000,389138000,118189000,4714547000,615436000,25.26,-17929000,778.64,320.42
2025-12-28,EME,24.83,16243320000.0,25.26,None,1.17,74.51,35460000,None,103785000,103785000,-149473000,-59808000,54775000,-2610000,9733000,None,None,-115303000,333000,63669762,None,4214783000,4214783000,452709000,None,None,1232014000,None,None,22631000,74189000,1.0,0.0016,20095000,20095000,None,0.133,0.05,76420000,99051000,6.52,2015-12-31,21.23,283412000,3148817000.0,499764000,71030000,9738000,300402000,300402000,None,8316000,None,10175000,None,None,1406000,None,None,172507000,None,None,None,0.0943,266666000,410462000,74671000,43829000,592056000,None,None,None,None,None,None,None,1.32,8.42,1.728,None,None,None,None,None,-104330000,None,0.0696,None,46443000,2025-10-23,annual,6.57,USD,pre-market,None,313170000,0.12,0.371,0.164,357.66,416883000,1957000,551000,None,554.23,643.92,0.7669,1778941000,1389803000,1045316000,1163505000,389138000,118189000,4714547000,615436000,25.26,-17929000,778.64,320.42
2025-12-28,EME,24.83,16243320000.0,25.26,None,1.17,74.51,38035000,None,103785000,103785000,-229950000,-21668000,-7757000,-2796000,5269000,None,None,27409000,333000,63669762,None,4214783000,4214783000,452709000,None,None,1232014000,None,None,22631000,74490000,1.0,0.0016,21293000,21293000,None,0.133,0.05,76420000,99051000,6.52,2014-12-31,21.23,283412000,3148817000.0,499764000,71030000,9738000,300402000,300402000,None,8316000,None,10175000,None,None,1406000,None,None,173427000,None,None,None,0.0943,246657000,410462000,74671000,43829000,592056000,None,None,None,None,None,None,None,1.32,8.42,1.728,None,None,None,None,None,-201994000,None,0.0696,None,46443000,2025-10-23,annual,6.57,USD,pre-market,None,313170000,0.12,0.371,0.164,357.66,416883000,1957000,551000,None,554.23,643.92,0.7669,1778941000,1389803000,1045316000,1163505000,389138000,118189000,4714547000,615436000,25.26,-17929000,778.64,320.42
2025-12-28,EME,24.83,16243320000.0,25.26,None,1.17,74.51,35497000,None,103785000,103785000,167031000,-483422000,-165490000,832000,-865000,None,None,-3221000,333000,63669762,None,4214783000,4214783000,452709000,None,None,1232014000,None,None,22631000,67338000,1.0,0.0016,12080000,12080000,None,0.133,0.05,76420000,99051000,6.52,2013-12-31,21.23,283412000,3148817000.0,499764000,71030000,9738000,300402000,300402000,None,8316000,None,10175000,None,None,1406000,None,None,127354000,None,None,None,0.0943,150069000,410462000,74671000,43829000,592056000,None,None,None,None,None,None,None,1.32,8.42,1.728,None,None,None,None,None,-26070000,None,0.0696,None,46443000,2025-10-23,annual,6.57,USD,pre-market,None,313170000,0.12,0.371,0.164,357.66,416883000,1957000,551000,None,554.23,643.92,0.7669,1778941000,1389803000,1045316000,1163505000,389138000,118189000,4714547000,615436000,25.26,-17929000,778.64,320.42
2025-12-28,EME,24.83,16243320000.0,25.26,None,1.17,74.51,37875000,None,103785000,103785000,-50587000,-42546000,93981000,2706000,-5597000,None,None,-12852000,333000,63669762,None,4214783000,4214783000,452709000,None,None,1232014000,None,None,22631000,60966000,1.0,0.0016,34073000,34073000,None,0.133,0.05,76420000,99051000,6.52,2012-12-31,21.23,283412000,3148817000.0,499764000,71030000,9738000,300402000,300402000,None,8316000,None,10175000,None,None,1406000,None,None,148886000,None,None,None,0.0943,184408000,410462000,74671000,43829000,592056000,None,None,None,None,None,None,None,1.32,8.42,1.728,None,None,None,None,None,-23912000,None,0.0696,None,46443000,2025-10-23,annual,6.57,USD,pre-market,None,313170000,0.12,0.371,0.164,357.66,416883000,1957000,551000,None,554.23,643.92,0.7669,1778941000,1389803000,1045316000,1163505000,389138000,118189000,4714547000,615436000,25.26,-17929000,778.64,320.42
2025-12-28,EME,24.83,16243320000.0,25.26,None,1.17,74.51,29581000,None,103785000,103785000,-29288000,-320518000,-199514000,867000,-10549000,None,None,-75529000,333000,63669762,None,4214783000,4214783000,452709000,None,None,1232014000,None,None,22631000,53776000,1.0,0.0016,3336000,3336000,None,0.133,0.05,76420000,99051000,6.52,2011-12-31,21.23,283412000,3148817000.0,499764000,71030000,9738000,300402000,300402000,None,8316000,None,10175000,None,None,1406000,None,None,133671000,None,None,None,0.0943,149425000,410462000,74671000,43829000,592056000,None,None,None,None,None,None,None,1.32,8.42,1.728,None,None,None,None,None,-27523000,None,0.0696,None,46443000,2025-10-23,annual,6.57,USD,pre-market,None,313170000,0.12,0.371,0.164,357.66,416883000,1957000,551000,None,554.23,643.92,0.7669,1778941000,1389803000,1045316000,1163505000,389138000,118189000,4714547000,615436000,25.26,-17929000,778.64,320.42
2025-12-28,EME,24.83,16243320000.0,25.26,None,1.17,74.51,19359000,None,103785000,103785000,-47161000,-32724000,-16139000,-4906000,2118000,None,None,-8342000,333000,63669762,None,4214783000,4214783000,452709000,None,None,1232014000,None,None,22631000,41915000,1.0,0.0016,2500000,2500000,None,0.133,0.05,76420000,99051000,6.52,2010-12-31,21.23,283412000,3148817000.0,499764000,71030000,9738000,300402000,300402000,None,8316000,None,10175000,None,None,1406000,None,None,-82684000,None,None,None,0.0943,68652000,410462000,74671000,43829000,592056000,None,None,None,None,None,None,None,1.32,8.42,1.728,None,None,None,None,None,155818000,None,0.0696,None,46443000,2025-10-23,annual,6.57,USD,pre-market,None,313170000,0.12,0.371,0.164,357.66,416883000,1957000,551000,None,554.23,643.92,0.7669,1778941000,1389803000,1045316000,1163505000,389138000,118189000,4714547000,615436000,25.26,-17929000,778.64,320.42
2025-12-28,EME,24.83,16243320000.0,25.26,None,1.17,74.51,24100000,None,103785000,103785000,1693000,-52571000,None,None,20135000,None,None,None,333000,63669762,None,4214783000,4214783000,452709000,None,None,1232014000,None,None,22631000,45745000,1.0,0.0016,1350000,1350000,None,0.133,0.05,76420000,99051000,6.52,2009-12-31,21.23,283412000,3148817000.0,499764000,71030000,9738000,300402000,300402000,None,8316000,None,10175000,None,None,1406000,None,None,163077000,None,None,None,0.0943,359112000,410462000,74671000,43829000,592056000,None,None,None,None,None,None,None,1.32,8.42,1.728,None,None,None,None,None,None,None,0.0696,None,46443000,2025-10-23,annual,6.57,USD,pre-market,None,313170000,0.12,0.371,0.164,357.66,416883000,1957000,551000,None,554.23,643.92,0.7669,1778941000,1389803000,1045316000,1163505000,389138000,118189000,4714547000,615436000,25.26,-17929000,778.64,320.42
2025-12-28,EME,24.83,16243320000.0,25.26,None,1.17,74.51,37514000,None,103785000,103785000,-24998000,-124127000,None,None,-601000,None,None,None,333000,63669762,None,4214783000,4214783000,452709000,None,None,1232014000,None,None,22631000,48517000,1.0,0.0016,None,None,None,0.133,0.05,76420000,99051000,6.52,2008-12-31,21.23,283412000,3148817000.0,499764000,71030000,9738000,300402000,300402000,None,8316000,None,10175000,None,None,1406000,None,None,182204000,None,None,None,0.0943,335026000,410462000,74671000,43829000,592056000,None,None,None,None,None,None,None,1.32,8.42,1.728,None,None,None,None,None,None,None,0.0696,None,46443000,2025-10-23,annual,6.57,USD,pre-market,None,313170000,0.12,0.371,0.164,357.66,416883000,1957000,551000,None,554.23,643.92,0.7669,1778941000,1389803000,1045316000,1163505000,389138000,118189000,4714547000,615436000,25.26,-17929000,778.64,320.42
2025-12-28,EME,24.83,16243320000.0,25.26,None,1.17,74.51,21501000,None,103785000,103785000,243746000,-526350000,None,None,148688000,None,None,None,333000,63669762,None,4214783000,4214783000,452709000,None,None,1232014000,None,None,22631000,37671000,1.0,0.0016,None,None,None,0.133,0.05,76420000,99051000,6.52,2007-12-31,21.23,283412000,3148817000.0,499764000,71030000,9738000,300402000,300402000,None,8316000,None,10175000,None,None,1406000,None,None,126808000,None,None,None,0.0943,259021000,410462000,74671000,43829000,592056000,None,None,None,None,None,None,None,1.32,8.42,1.728,None,None,None,None,None,None,None,0.0696,None,46443000,2025-10-23,annual,6.57,USD,pre-market,None,313170000,0.12,0.371,0.164,357.66,416883000,1957000,551000,None,554.23,643.92,0.7669,1778941000,1389803000,1045316000,1163505000,389138000,118189000,4714547000,615436000,25.26,-17929000,778.64,320.42
2025-12-28,EME,24.83,16243320000.0,25.26,None,1.17,74.51,19733000,None,103785000,103785000,16498000,-64415000,None,None,100612000,None,None,None,333000,63669762,None,4214783000,4214783000,452709000,None,None,1232014000,None,None,22631000,21310000,1.0,0.0016,None,None,None,0.133,0.05,76420000,99051000,6.52,2006-12-31,21.23,283412000,3148817000.0,499764000,71030000,9738000,300402000,300402000,None,8316000,None,10175000,None,None,1406000,None,None,86634000,None,None,None,0.0943,209342000,410462000,74671000,43829000,592056000,None,None,None,None,None,None,None,1.32,8.42,1.728,None,None,None,None,None,None,None,0.0696,None,46443000,2025-10-23,annual,6.57,USD,pre-market,None,313170000,0.12,0.371,0.164,357.66,416883000,1957000,551000,None,554.23,643.92,0.7669,1778941000,1389803000,1045316000,1163505000,389138000,118189000,4714547000,615436000,25.26,-17929000,778.64,320.42
2025-12-28,EME,24.83,16243320000.0,25.26,None,1.17,74.51,12445000,None,103785000,103785000,-78529000,-20104000,None,None,28837000,None,None,None,333000,63669762,None,4214783000,4214783000,452709000,None,None,1232014000,None,None,22631000,22631000,1.0,0.0016,None,None,None,0.133,0.05,76420000,99051000,6.52,2005-12-31,21.23,283412000,3148817000.0,499764000,71030000,9738000,300402000,300402000,None,8316000,None,10175000,None,None,1406000,None,None,60042000,None,None,None,0.0943,143309000,410462000,74671000,43829000,592056000,None,None,None,None,None,None,None,1.32,8.42,1.728,None,None,None,None,None,None,None,0.0696,None,46443000,2025-10-23,annual,6.57,USD,pre-market,None,313170000,0.12,0.371,0.164,357.66,416883000,1957000,551000,None,554.23,643.92,0.7669,1778941000,1389803000,1045316000,1163505000,389138000,118189000,4714547000,615436000,25.26,-17929000,778.64,320.42
