date,symbol,eps,revenue_ttm,pe_ratio,accumulateddepreciationamortizationppe,beta,book_value,capitalexpenditures,capitalleaseobligations,cashandcashequivalentsatcarryingvalue,cashandshortterminvestments,cashflowfromfinancing,cashflowfrominvestment,changeincashandcashequivalents,changeinexchangerate,changeininventory,changeinoperatingassets,changeinoperatingliabilities,changeinreceivables,commonstock,commonstocksharesoutstanding,comprehensiveincomenetoftax,costofgoodsandservicessold,costofrevenue,currentaccountspayable,currentdebt,currentlongtermdebt,currentnetreceivables,deferredrevenue,depreciation,depreciationandamortization,depreciationdepletionandamortization,dividend_per_share,dividend_yield,dividendpayout,dividendpayoutcommonstock,dividendpayoutpreferredstock,earnings_growth_yoy,earnings_surprise,ebit,ebitda,estimated_eps,fiscaldateending,forward_pe,goodwill,gross_profit_ttm,grossprofit,incomebeforetax,incometaxexpense,intangibleassets,intangibleassetsexcludinggoodwill,interestanddebtexpense,interestexpense,interestincome,inventory,investmentincomenet,investments,longtermdebt,longtermdebtnoncurrent,longterminvestments,netincome,netincomefromcontinuingoperations,netinterestincome,noninterestincome,operating_margin_ttm,operatingcashflow,operatingexpenses,operatingincome,othercurrentassets,othercurrentliabilities,othernoncurrentassets,othernoncurrentliabilities,othernonoperatingincome,paymentsforoperatingactivities,paymentsforrepurchaseofcommonstock,paymentsforrepurchaseofequity,paymentsforrepurchaseofpreferredstock,peg_ratio,price_to_book,price_to_sales_ttm,proceedsfromissuanceofcommonstock,proceedsfromissuanceoflongtermdebtandcapitalsecuritiesnet,proceedsfromissuanceofpreferredstock,proceedsfromoperatingactivities,proceedsfromrepaymentsofshorttermdebt,proceedsfromrepurchaseofequity,proceedsfromsaleoftreasurystock,profit_margin,profitloss,propertyplantequipment,report_date,report_type,reported_eps,reportedcurrency,reporttime,researchanddevelopment,retainedearnings,return_on_assets_ttm,return_on_equity_ttm,revenue_growth_yoy,revenue_per_share_ttm,sellinggeneralandadministrative,shortlongtermdebttotal,shorttermdebt,shortterminvestments,sma_200,sma_50,surprise_pct,totalassets,totalcurrentassets,totalcurrentliabilities,totalliabilities,totalnoncurrentassets,totalnoncurrentliabilities,totalrevenue,totalshareholderequity,trailing_pe,treasurystock,week_52_high,week_52_low
1996-03-31,EOG,,,,,,,,,,,,,,,,,,,,,,,,,,,,,,,,,,,,,,0.0,,,0.04,,,,,,,,,,,,,,,,,,,,,,,,,,,,,,,,,,,,,,,,,,,,,,,,,1996-04-11,,0.04,,pre-market,,,,,,,,,,,,,0.0,,,,,,,,,,,,
1996-06-30,EOG,,,,,,,,,,,,,,,,,,,,,,,,,,,,,,,,,,,,,,0.0,,,0.06,,,,,,,,,,,,,,,,,,,,,,,,,,,,,,,,,,,,,,,,,,,,,,,,,1996-07-11,,0.06,,pre-market,,,,,,,,,,,,,0.0,,,,,,,,,,,,
1996-09-30,EOG,,,,,,,,,,,,,,,,,,,,,,,,,,,,,,,,,,,,,,-0.01,,,0.06,,,,,,,,,,,,,,,,,,,,,,,,,,,,,,,,,,,,,,,,,,,,,,,,,1996-10-10,,0.05,,pre-market,,,,,,,,,,,,,-16.6667,,,,,,,,,,,,
1996-12-31,EOG,,,,,,,,,,,,,,,,,,,,,,,,,,,,,,,,,,,,,,0.0,,,0.06,,,,,,,,,,,,,,,,,,,,,,,,,,,,,,,,,,,,,,,,,,,,,,,,,1997-01-20,,0.06,,pre-market,,,,,,,,,,,,,0.0,,,,,,,,,,,,
1997-03-31,EOG,,,,,,,,,,,,,,,,,,,,,,,,,,,,,,,,,,,,,,-0.01,,,0.05,,,,,,,,,,,,,,,,,,,,,,,,,,,,,,,,,,,,,,,,,,,,,,,,,1997-04-10,,0.04,,pre-market,,,,,,,,,,,,,-20.0,,,,,,,,,,,,
1997-06-30,EOG,,,,,,,,,,,,,,,,,,,,,,,,,,,,,,,,,,,,,,0.01,,,0.03,,,,,,,,,,,,,,,,,,,,,,,,,,,,,,,,,,,,,,,,,,,,,,,,,1997-07-14,,0.04,,pre-market,,,,,,,,,,,,,33.3333,,,,,,,,,,,,
1997-09-30,EOG,,,,,,,,,,,,,,,,,,,,,,,,,,,,,,,,,,,,,,0.01,,,0.04,,,,,,,,,,,,,,,,,,,,,,,,,,,,,,,,,,,,,,,,,,,,,,,,,1997-10-17,,0.05,,pre-market,,,,,,,,,,,,,25.0,,,,,,,,,,,,
1997-12-31,EOG,,,,,,,,,,,,,,,,,,,,,,,,,,,,,,,,,,,,,,0.0,,,0.07,,,,,,,,,,,,,,,,,,,,,,,,,,,,,,,,,,,,,,,,,,,,,,,,,1998-01-15,,0.07,,pre-market,,,,,,,,,,,,,0.0,,,,,,,,,,,,
1998-03-31,EOG,,,,,,,,,,,,,,,,,,,,,,,,,,,,,,,,,,,,,,0.0,,,0.04,,,,,,,,,,,,,,,,,,,,,,,,,,,,,,,,,,,,,,,,,,,,,,,,,1998-04-13,,0.04,,pre-market,,,,,,,,,,,,,0.0,,,,,,,,,,,,
1998-06-30,EOG,,,,,,,,,,,,,,,,,,,,,,,,,,,,,,,,,,,,,,0.0,,,0.02,,,,,,,,,,,,,,,,,,,,,,,,,,,,,,,,,,,,,,,,,,,,,,,,,1998-07-13,,0.02,,pre-market,,,,,,,,,,,,,0.0,,,,,,,,,,,,
1998-09-30,EOG,,,,,,,,,,,,,,,,,,,,,,,,,,,,,,,,,,,,,,0.0,,,0.01,,,,,,,,,,,,,,,,,,,,,,,,,,,,,,,,,,,,,,,,,,,,,,,,,1998-10-12,,0.01,,pre-market,,,,,,,,,,,,,0.0,,,,,,,,,,,,
1998-12-31,EOG,,,,,,,,,,,,,,,,,,,,,,,,,,,,,,,,,,,,,,0.01,,,0.01,,,,,,,,,,,,,,,,,,,,,,,,,,,,,,,,,,,,,,,,,,,,,,,,,1999-01-18,,0.02,,pre-market,,,,,,,,,,,,,100.0,,,,,,,,,,,,
1999-03-31,EOG,,,,,,,,,,,,,,,,,,,,,,,,,,,,,,,,,,,,,,0.0,,,0.01,,,,,,,,,,,,,,,,,,,,,,,,,,,,,,,,,,,,,,,,,,,,,,,,,1999-04-12,,-0.02,,pre-market,,,,,,,,,,,,,100.0,,,,,,,,,,,,
1999-06-30,EOG,,,,,,,,,,,,,,,,,,,,,,,,,,,,,,,,,,,,,,0.0,,,0.02,,,,,,,,,,,,,,,,,,,,,,,,,,,,,,,,,,,,,,,,,,,,,,,,,1999-07-12,,0.02,,pre-market,,,,,,,,,,,,,0.0,,,,,,,,,,,,
1999-09-30,EOG,,,,,,,,,,,,,,,,,,,,,,,,,,,,,,,,,,,,,,0.02,,,0.05,,,,,,,,,,,,,,,,,,,,,,,,,,,,,,,,,,,,,,,,,,,,,,,,,1999-10-19,,0.07,,pre-market,,,,,,,,,,,,,40.0,,,,,,,,,,,,
1999-12-31,EOG,,,,,,,,,,,,,,,,,,,,,,,,,,,,,,,,,,,,,,0.0,,,0.06,,,,,,,,,,,,,,,,,,,,,,,,,,,,,,,,,,,,,,,,,,,,,,,,,2000-02-09,,0.06,,pre-market,,,,,,,,,,,,,0.0,,,,,,,,,,,,
2000-03-31,EOG,,,,,,,,,,,,,,,,,,,,,,,,,,,,,,,,,,,,,,0.02,,,0.06,,,,,,,,,,,,,,,,,,,,,,,,,,,,,,,,,,,,,,,,,,,,,,,,,2000-04-19,,0.08,,pre-market,,,,,,,,,,,,,33.3333,,,,,,,,,,,,
2000-06-30,EOG,,,,,,,,,,,,,,,,,,,,,,,,,,,,,,,,,,,,,,0.01,,,0.15,,,,,,,,,,,,,,,,,,,,,,,,,,,,,,,,,,,,,,,,,,,,,,,,,2000-07-25,,0.16,,pre-market,,,,,,,,,,,,,6.6667,,,,,,,,,,,,
2000-09-30,EOG,,,,,,,,,,,,,,,,,,,,,,,,,,,,,,,,,,,,,,0.13,,,0.11,,,,,,,,,,,,,,,,,,,,,,,,,,,,,,,,,,,,,,,,,,,,,,,,,2000-10-17,,0.24,,pre-market,,,,,,,,,,,,,118.1818,,,,,,,,,,,,
2000-12-31,EOG,,,,,,,,,,,,,,,,,,,,,,,,,,,,,,,,,,,,,,0.07,,,0.26,,,,,,,,,,,,,,,,,,,,,,,,,,,,,,,,,,,,,,,,,,,,,,,,,2001-02-07,,0.33,,pre-market,,,,,,,,,,,,,26.9231,,,,,,,,,,,,
2001-03-31,EOG,,,,,,,,,,,,,,,,,,,,,,,,,,,,,,,,,,,,,,0.04,,,0.41,,,,,,,,,,,,,,,,,,,,,,,,,,,,,,,,,,,,,,,,,,,,,,,,,2001-04-23,,0.45,,pre-market,,,,,,,,,,,,,9.7561,,,,,,,,,,,,
2001-06-30,EOG,,,,,,,,,,,,,,,,,,,,,,,,,,,,,,,,,,,,,,0.01,,,0.23,,,,,,,,,,,,,,,,,,,,,,,,,,,,,,,,,,,,,,,,,,,,,,,,,2001-07-30,,0.24,,pre-market,,,,,,,,,,,,,4.3478,,,,,,,,,,,,
2001-09-30,EOG,,,,,,,,,,,,,,,,,,,,,,,,,,,,,,,,,,,,,,0.02,,,0.09,,,,,,,,,,,,,,,,,,,,,,,,,,,,,,,,,,,,,,,,,,,,,,,,,2001-10-23,,0.11,,pre-market,,,,,,,,,,,,,22.2222,,,,,,,,,,,,
2001-12-31,EOG,,,,,,,,,,,,,,,,,,,,,,,,,,,,,,,,,,,,,,0.0,,,0.09,,,,,,,,,,,,,,,,,,,,,,,,,,,,,,,,,,,,,,,,,,,,,,,,,2002-01-29,,0.01,,pre-market,,,,,,,,,,,,,22.2222,,,,,,,,,,,,
2002-03-31,EOG,,,,,,,,,,,,,,,,,,,,,,,,,,,,,,,,,,,,,,0.02,,,-0.01,,,,,,,,,,,,,,,,,,,,,,,,,,,,,,,,,,,,,,,,,,,,,,,,,2002-04-29,,0.01,,pre-market,,,,,,,,,,,,,200.0,,,,,,,,,,,,
2002-06-30,EOG,,,,,,,,,,,,,,,,,,,,,,,,,,,,,,,,,,,,,,0.01,,,0.04,,,,,,,,,,,,,,,,,,,,,,,,,,,,,,,,,,,,,,,,,,,,,,,,,2002-08-12,,0.05,,pre-market,,,,,,,,,,,,,25.0,,,,,,,,,,,,
2002-09-30,EOG,,,,,,,,,,,,,,,,,,,,,,,,,,,,,,,,,,,,,,0.01,,,0.05,,,,,,,,,,,,,,,,,,,,,,,,,,,,,,,,,,,,,,,,,,,,,,,,,2002-10-21,,0.06,,pre-market,,,,,,,,,,,,,20.0,,,,,,,,,,,,
2002-12-31,EOG,,,,,,,,,,,,,,,,,,,,,,,,,,,,,,,,,,,,,,0.0,,,0.08,,,,,,,,,,,,,,,,,,,,,,,,,,,,,,,,,,,,,,,,,,,,,,,,,2003-02-03,,0.08,,pre-market,,,,,,,,,,,,,0.0,,,,,,,,,,,,
2003-03-31,EOG,,,,,,,,,,,,,,,,,,,,,,,,,,,,,,,,,,,,,,0.01,,,0.3,,,,,,,,,,,,,,,,,,,,,,,,,,,,,,,,,,,,,,,,,,,,,,,,,2003-05-04,,0.31,,pre-market,,,,,,,,,,,,,3.3333,,,,,,,,,,,,
2003-06-30,EOG,,,,,,,,,,,,,,,,,,,,,,,,,,,,,,,,,,,,,,0.03,,,0.21,,,,,,,,,,,,,,,,,,,,,,,,,,,,,,,,,,,,,,,,,,,,,,,,,2003-08-05,,0.24,,pre-market,,,,,,,,,,,,,14.2857,,,,,,,,,,,,
2003-09-30,EOG,,,,,,,,,,,,,,,,,,,,,,,,,,,,,,,,,,,,,,0.02,,,0.18,,,,,,,,,,,,,,,,,,,,,,,,,,,,,,,,,,,,,,,,,,,,,,,,,2003-11-03,,0.2,,pre-market,,,,,,,,,,,,,11.1111,,,,,,,,,,,,
2003-12-31,EOG,,,,,,,,,,,,,,,,,,,,,,,,,,,,,,,,,,,,,,0.03,,,0.15,,,,,,,,,,,,,,,,,,,,,,,,,,,,,,,,,,,,,,,,,,,,,,,,,2004-02-04,,0.18,,pre-market,,,,,,,,,,,,,20.0,,,,,,,,,,,,
2004-03-31,EOG,,,,,,,,,,,,,,,,,,,,,,,,,,,,,,,,,,,,,,0.05,,,0.22,,,,,,,,,,,,,,,,,,,,,,,,,,,,,,,,,,,,,,,,,,,,,,,,,2004-05-02,,0.27,,pre-market,,,,,,,,,,,,,22.7273,,,,,,,,,,,,
2004-06-30,EOG,,,,,,,,,,,,,,,,,,,,,,,,,,,,,,,,,,,,,,0.01,,,0.25,,,,,,,,,,,,,,,,,,,,,,,,,,,,,,,,,,,,,,,,,,,,,,,,,2004-08-02,,0.26,,pre-market,,,,,,,,,,,,,4.0,,,,,,,,,,,,
2004-09-30,EOG,,,,,,,,,,,,,,,,,,,,,,,,,,,,,,,,,,,,,,0.02,,,0.26,,,,,,,,,,,,,,,,,,,,,,,,,,,,,,,,,,,,,,,,,,,,,,,,,2004-10-26,,0.28,,pre-market,,,,,,,,,,,,,7.6923,,,,,,,,,,,,
2004-12-31,EOG,,,,,,,,,,,,,,,,,,,,,,,,,,,,,,,,,,,,,,0.03,,,0.37,,,,,,,,,,,,,,,,,,,,,,,,,,,,,,,,,,,,,,,,,,,,,,,,,2005-02-02,,0.4,,pre-market,,,,,,,,,,,,,8.1081,,,,,,,,,,,,
2005-03-31,EOG,,,,,,,,,,,,,,,,,,,,,,,,,,,,,,,,,,,,,,0.03,,,0.4,,,,,,,,,,,,,,,,,,,,,,,,,,,,,,,,,,,,,,,,,,,,,,,,,2005-04-26,,0.43,,pre-market,,,,,,,,,,,,,7.5,,,,,,,,,,,,
2005-06-30,EOG,,,,,,,,,,,,,,,,,,,,,,,,,,,,,,,,,,,,,,0.05,,,0.44,,,,,,,,,,,,,,,,,,,,,,,,,,,,,,,,,,,,,,,,,,,,,,,,,2005-07-26,,0.49,,pre-market,,,,,,,,,,,,,11.3636,,,,,,,,,,,,
2005-09-30,EOG,,,,,,,,,,,,,,,,,,,,,,,,,,,,,,,,,,,,,,0.01,,,0.69,,,,,,,,,,,,,,,,,,,,,,,,,,,,,,,,,,,,,,,,,,,,,,,,,2005-11-01,,0.7,,pre-market,,,,,,,,,,,,,1.4493,,,,,,,,,,,,
2005-12-31,EOG,,,,,,,,,,,,,,,,,,,,,,,,,,,,,,,,,,,,,,0.06,,,0.93,,,,,,,,,,,,,,,,,,,,,,,,,,,,,,,,,,,,,,,,,,,,,,,,,2006-02-01,,0.99,,pre-market,,,,,,,,,,,,,6.4516,,,,,,,,,,,,
2006-03-31,EOG,,,,,,,,,,,,,,,,,,,,,,,,,,,,,,,,,,,,,,0.15,,,0.62,,,,,,,,,,,,,,,,,,,,,,,,,,,,,,,,,,,,,,,,,,,,,,,,,2006-05-04,,0.77,,pre-market,,,,,,,,,,,,,24.1935,,,,,,,,,,,,
2006-06-30,EOG,,,,,,,,,,,,,,,,,,,,,,,,,,,,,,,,,,,,,,0.05,,,0.53,,,,,,,,,,,,,,,,,,,,,,,,,,,,,,,,,,,,,,,,,,,,,,,,,2006-07-31,,0.58,,pre-market,,,,,,,,,,,,,9.434,,,,,,,,,,,,
2006-09-30,EOG,,,,,,,,,,,,,,,,,,,,,,,,,,,,,,,,,,,,,,0.03,,,0.53,,,,,,,,,,,,,,,,,,,,,,,,,,,,,,,,,,,,,,,,,,,,,,,,,2006-10-30,,0.56,,pre-market,,,,,,,,,,,,,5.6604,,,,,,,,,,,,
2006-12-31,EOG,,,,,,,,,,,,,,,,,,,,,,,,,,,,,,,,,,,,,,0.02,,,0.49,,,,,,,,,,,,,,,,,,,,,,,,,,,,,,,,,,,,,,,,,,,,,,,,,2007-02-01,,0.51,,pre-market,,,,,,,,,,,,,4.0816,,,,,,,,,,,,
2007-03-31,EOG,,,,,,,,,,,,,,,,,,,,,,,,,,,,,,,,,,,,,,0.05,,,0.51,,,,,,,,,,,,,,,,,,,,,,,,,,,,,,,,,,,,,,,,,,,,,,,,,2007-04-30,,0.56,,pre-market,,,,,,,,,,,,,9.8039,,,,,,,,,,,,
2007-06-30,EOG,,,,,,,,,,,,,,,,,,,,,,,,,,,,,,,,,,,,,,0.07,,,0.52,,,,,,,,,,,,,,,,,,,,,,,,,,,,,,,,,,,,,,,,,,,,,,,,,2007-08-02,,0.59,,pre-market,,,,,,,,,,,,,13.4615,,,,,,,,,,,,
2007-09-30,EOG,,,,,,,,,,,,,,,,,,,,,,,,,,,,,,,,,,,,,,0.0,,,0.4,,,,,,,,,,,,,,,,,,,,,,,,,,,,,,,,,,,,,,,,,,,,,,,,,2007-10-29,,0.4,,pre-market,,,,,,,,,,,,,0.0,,,,,,,,,,,,
2007-12-31,EOG,,,,,,,,,,,,,,,,,,,,,,,,,,,,,,,,,,,,,,0.1,,,0.55,,,,,,,,,,,,,,,,,,,,,,,,,,,,,,,,,,,,,,,,,,,,,,,,,2008-02-07,,0.65,,pre-market,,,,,,,,,,,,,18.1818,,,,,,,,,,,,
2008-03-31,EOG,,,,,,,,,,,,,,,,,,,,,,,,,,,,,,,,,,,,,,0.13,,,0.82,,,,,,,,,,,,,,,,,,,,,,,,,,,,,,,,,,,,,,,,,,,,,,,,,2008-05-01,,0.95,,pre-market,,,,,,,,,,,,,15.8537,,,,,,,,,,,,
2008-06-30,EOG,,,,,,,,,,,,,,,,,,,,,,,,,,,,,,,,,,,,,,0.07,,,1.19,,,,,,,,,,,,,,,,,,,,,,,,,,,,,,,,,,,,,,,,,,,,,,,,,2008-07-29,,1.26,,pre-market,,,,,,,,,,,,,5.8824,,,,,,,,,,,,
2008-09-30,EOG,,,,,,,,,,,,,,,,,,,,,,,,,,,,,,,,,,,,,,0.05,,,1.12,,,,,,,,,,,,,,,,,,,,,,,,,,,,,,,,,,,,,,,,,,,,,,,,,2008-11-03,,1.17,,pre-market,,,,,,,,,,,,,4.4643,,,,,,,,,,,,
2008-12-31,EOG,,,,,,,,,,,,,,,,,,,,,,,,,,,,,,,,,,,,,,-0.15,,,0.52,,,,,,,,,,,,,,,,,,,,,,,,,,,,,,,,,,,,,,,,,,,,,,,,,2009-02-04,,0.37,,pre-market,,,,,,,,,,,,,-28.8462,,,,,,,,,,,,
2009-03-31,EOG,,,,,,,,,,,,,,,,,,,,,,,,,,,,,,,,,,,,,,-0.03,,,0.3,,,,,,,,,,,,,,,,,,,,,,,,,,,,,,,,,,,,,,,,,,,,,,,,,2009-05-04,,0.27,,pre-market,,,,,,,,,,,,,-10.0,,,,,,,,,,,,
2009-06-30,EOG,,,,,,,,,,,,,,,,,,,,,,,,,,,,,,,,,,,,,,0.16,,,0.21,,,,,,,,,,,,,,,,,,,,,,,,,,,,,,,,,,,,,,,,,,,,,,,,,2009-08-06,,0.37,,pre-market,,,,,,,,,,,,,76.1905,,,,,,,,,,,,
2009-09-30,EOG,,,,,,,,,,,,,,,,,,,,,,,,,,,,,,,,,,,,,,0.08,,,0.33,,,,,,,,,,,,,,,,,,,,,,,,,,,,,,,,,,,,,,,,,,,,,,,,,2009-11-05,,0.41,,pre-market,,,,,,,,,,,,,24.2424,,,,,,,,,,,,
2009-12-31,EOG,,,,,,,,,,,,,,,,,,,,,,,,,,,,,,,,,,,,,,-0.03,,,0.49,,,,,,,,,,,,,,,,,,,,,,,,,,,,,,,,,,,,,,,,,,,,,,,,,2010-02-09,,0.46,,pre-market,,,,,,,,,,,,,-6.1224,,,,,,,,,,,,
2010-03-31,EOG,,,,,,,,,,,,,,,,,,,,,,,,,,,,,,,,,,,,,,-0.03,,,0.26,,,,,,,,,,,,,,,,,,,,,,,,,,,,,,,,,,,,,,,,,,,,,,,,,2010-05-03,,0.23,,pre-market,,,,,,,,,,,,,-11.5385,,,,,,,,,,,,
2010-06-30,EOG,,,,,,,,,,,,,,,,,,,,,,,,,,,,,,,,,,,,,,-0.03,,,0.12,,,,,,,,,,,,,,,,,,,,,,,,,,,,,,,,,,,,,,,,,,,,,,,,,2010-08-05,,0.09,,pre-market,,,,,,,,,,,,,-25.0,,,,,,,,,,,,
2010-09-30,EOG,,,,,,,,,,,,,,,,,,,,,,,,,,,,,,,,,,,,,,0.0,,,0.09,,,,,,,,,,,,,,,,,,,,,,,,,,,,,,,,,,,,,,,,,,,,,,,,,2010-11-02,,0.09,,pre-market,,,,,,,,,,,,,0.0,,,,,,,,,,,,
2010-12-31,EOG,,,,,,,,,,,,,,,,,,,,,,,,,,,,,,,,,,,,,,0.05,,,0.13,,,,,,,,,,,,,,,,,,,,,,,,,,,,,,,,,,,,,,,,,,,,,,,,,2011-02-17,,0.18,,pre-market,,,,,,,,,,,,,38.4615,,,,,,,,,,,,
2011-03-31,EOG,,,,,,,,,,,,,,,,,,,,,,,,,,,,,,,,,,,,,,0.07,,,0.27,,,,,,,,,,,,,,,,,,,,,,,,,,,,,,,,,,,,,,,,,,,,,,,,,2011-05-05,,0.34,,pre-market,,,,,,,,,,,,,25.9259,,,,,,,,,,,,
2011-06-30,EOG,,,,,,,,,,,,,,,,,,,,,,,,,,,,,,,,,,,,,,0.16,,,0.4,,,,,,,,,,,,,,,,,,,,,,,,,,,,,,,,,,,,,,,,,,,,,,,,,2011-08-04,,0.56,,pre-market,,,,,,,,,,,,,40.0,,,,,,,,,,,,
2011-09-30,EOG,,,,,,,,,,,,,,,,,,,,,,,,,,,,,,,,,,,,,,0.03,,,0.39,,,,,,,,,,,,,,,,,,,,,,,,,,,,,,,,,,,,,,,,,,,,,,,,,2011-11-01,,0.42,,pre-market,,,,,,,,,,,,,7.6923,,,,,,,,,,,,
2011-12-31,EOG,,,,,,,,,,,,,,,,,,,,,,,,,,,,,,,,,,,,,,0.13,,,0.44,,,,,,,,,,,,,,,,,,,,,,,,,,,,,,,,,,,,,,,,,,,,,,,,,2012-02-16,,0.57,,pre-market,,,,,,,,,,,,,29.5455,,,,,,,,,,,,
2012-03-31,EOG,,,,,,,,,,,,,,,,,,,,,,,,,,,,,,,,,,,,,,0.01,,,0.58,,,,,,,,,,,,,,,,,,,,,,,,,,,,,,,,,,,,,,,,,,,,,,,,,2012-05-08,,0.59,,pre-market,,,,,,,,,,,,,1.7241,,,,,,,,,,,,
2012-06-30,EOG,,,,,,,,,,,,,,,,,,,,,,,,,,,,,,,,,,,,,,0.13,,,0.45,,,,,,,,,,,,,,,,,,,,,,,,,,,,,,,,,,,,,,,,,,,,,,,,,2012-08-02,,0.58,,pre-market,,,,,,,,,,,,,28.8889,,,,,,,,,,,,
2012-09-30,EOG,,,,,,,,,,,,,,,,,,,,,,,,,,,,,,,,,,,,,,0.31,,,0.56,,,,,,,,,,,,,,,,,,,,,,,,,,,,,,,,,,,,,,,,,,,,,,,,,2012-11-05,,0.87,,pre-market,,,,,,,,,,,,,55.3571,,,,,,,,,,,,
2012-12-31,EOG,,,,,,,,,,,,,,,,,,,,,,,,,,,,,,,,,,,,,,0.13,,,0.68,,,,,,,,,,,,,,,,,,,,,,,,,,,,,,,,,,,,,,,,,,,,,,,,,2013-02-13,,0.81,,pre-market,,,,,,,,,,,,,19.1176,,,,,,,,,,,,
2013-03-31,EOG,,,,,,,,,,,,,,,,,,,,,,,,,,,,,,,,,,,,,,0.31,,,0.59,,,,,,,,,,,,,,,,,,,,,,,,,,,,,,,,,,,,,,,,,,,,,,,,,2013-05-06,,0.9,,pre-market,,,,,,,,,,,,,52.5424,,,,,,,,,,,,
2013-06-30,EOG,,,,,,,,,,,,,,,,,,,,,,,,,,,,,,,,,,,,,,0.18,,,0.87,,,,,,,,,,,,,,,,,,,,,,,,,,,,,,,,,,,,,,,,,,,,,,,,,2013-08-06,,1.05,,pre-market,,,,,,,,,,,,,20.6897,,,,,,,,,,,,
2013-09-30,EOG,,,,,,,,,,,,,,,,,,,,,,,,,,,,,,,,,,,,,,0.13,,,1.03,,,,,,,,,,,,,,,,,,,,,,,,,,,,,,,,,,,,,,,,,,,,,,,,,2013-11-06,,1.16,,pre-market,,,,,,,,,,,,,12.6214,,,,,,,,,,,,
2013-12-31,EOG,,,,,,,,,,,,,,,,,,,,,,,,,,,,,,,,,,,,,,0.03,,,0.97,,,,,,,,,,,,,,,,,,,,,,,,,,,,,,,,,,,,,,,,,,,,,,,,,2014-02-24,,1.0,,pre-market,,,,,,,,,,,,,3.0928,,,,,,,,,,,,
2014-03-31,EOG,,,,,,,,,,,,,,,,,,,,,,,,,,,,,,,,,,,,,,0.2,,,1.2,,,,,,,,,,,,,,,,,,,,,,,,,,,,,,,,,,,,,,,,,,,,,,,,,2014-05-05,,1.4,,pre-market,,,,,,,,,,,,,16.6667,,,,,,,,,,,,
2014-06-30,EOG,,,,,,,,,,,,,,,,,,,,,,,,,,,,,,,,,,,,,,0.08,,,1.37,,,,,,,,,,,,,,,,,,,,,,,,,,,,,,,,,,,,,,,,,,,,,,,,,2014-08-05,,1.45,,pre-market,,,,,,,,,,,,,5.8394,,,,,,,,,,,,
2014-09-30,EOG,,,,,,,,,,,,,,,,,,,,,,,,,,,,,,,,,,,,,,0.01,,,1.3,,,,,,,,,,,,,,,,,,,,,,,,,,,,,,,,,,,,,,,,,,,,,,,,,2014-11-04,,1.31,,post-market,,,,,,,,,,,,,0.7692,,,,,,,,,,,,
2014-12-31,EOG,,,,,,,,,,,,,,,,,,,,,,,,,,,,,,,,,,,,,,-0.23,,,1.02,,,,,,,,,,,,,,,,,,,,,,,,,,,,,,,,,,,,,,,,,,,,,,,,,2015-02-18,,0.79,,post-market,,,,,,,,,,,,,-22.549,,,,,,,,,,,,
2015-03-31,EOG,,,,,,,,,,,,,,,,,,,,,,,,,,,,,,,,,,,,,,0.0,,,1.02,,,,,,,,,,,,,,,,,,,,,,,,,,,,,,,,,,,,,,,,,,,,,,,,,2015-05-04,,0.03,,post-market,,,,,,,,,,,,,-22.549,,,,,,,,,,,,
2015-06-30,EOG,,,,,,,,,,,,,,,,,,,,,,,,,,,,,,,,,,,,,,0.18,,,0.1,,,,,,,,,,,,,,,,,,,,,,,,,,,,,,,,,,,,,,,,,,,,,,,,,2015-08-06,,0.28,,post-market,,,,,,,,,,,,,180.0,,,,,,,,,,,,
2015-09-30,EOG,,,,,,,,,,,,,,,,,,,,,,,,,,,,,,,,,,,,,,0.32,,,-0.3,,,,,,,,,,,,,,,,,,,,,,,,,,,,,,,,,,,,,,,,,,,,,,,,,2015-11-05,,0.02,,post-market,,,,,,,,,,,,,106.6667,,,,,,,,,,,,
2015-12-31,EOG,,,,,,,,,,,,,,,,,,,,,,,,,,,,,,,,,,,,,,0.04,,,-0.31,,,,,,,,,,,,,,,,,,,,,,,,,,,,,,,,,,,,,,,,,,,,,,,,,2016-02-25,,-0.27,,post-market,,,,,,,,,,,,,12.9032,,,,,,,,,,,,
2016-03-31,EOG,,,,,,,,,,,,,,,,,,,,,,,,,,,,,,,,,,,,,,0.01,,,-0.84,,,,,,,,,,,,,,,,,,,,,,,,,,,,,,,,,,,,,,,,,,,,,,,,,2016-05-05,,-0.83,,post-market,,,,,,,,,,,,,1.1905,,,,,,,,,,,,
2016-06-30,EOG,,,,,,,,,,,,,,,,,,,,,,,,,,,,,,,,,,,,,,0.1,,,-0.48,,,,,,,,,,,,,,,,,,,,,,,,,,,,,,,,,,,,,,,,,,,,,,,,,2016-08-04,,-0.38,,post-market,,,,,,,,,,,,,20.8333,,,,,,,,,,,,
2016-09-30,EOG,,,,,,,,,,,,,,,,,,,,,,,,,,,,,,,,,,,,,,-0.09,,,-0.31,,,,,,,,,,,,,,,,,,,,,,,,,,,,,,,,,,,,,,,,,,,,,,,,,2016-11-03,,-0.4,,post-market,,,,,,,,,,,,,-29.0323,,,,,,,,,,,,
2016-12-31,EOG,,,,,,,,,,,,,,,,,,,,,,,,,,,,,,,,,,,,,,0.13,,,-0.14,,,,,,,,,,,,,,,,,,,,,,,,,,,,,,,,,,,,,,,,,,,,,,,,,2017-02-27,,-0.01,,post-market,,,,,,,,,,,,,92.8571,,,,,,,,,,,,
2017-03-31,EOG,,,,,,,,,,,,,,,,,,,,,,,,,,,,,,,,,,,,,,0.0,,,0.15,,,,,,,,,,,,,,,,,,,,,,,,,,,,,,,,,,,,,,,,,,,,,,,,,2017-05-08,,0.15,,post-market,,,,,,,,,,,,,0.0,,,,,,,,,,,,
2017-06-30,EOG,,,,,,,,,,,,,,,,,,,,,,,,,,,,,,,,,,,,,,-0.03,,,0.11,,,,,,,,,,,,,,,,,,,,,,,,,,,,,,,,,,,,,,,,,,,,,,,,,2017-08-01,,0.08,,post-market,,,,,,,,,,,,,-27.2727,,,,,,,,,,,,
2017-09-30,EOG,,,,,,,,,,,,,,,,,,,,,,,,,,,,,,,,,,,,,,0.09,,,0.1,,,,,,,,,,,,,,,,,,,,,,,,,,,,,,,,,,,,,,,,,,,,,,,,,2017-11-02,,0.19,,post-market,,,,,,,,,,,,,90.0,,,,,,,,,,,,
2017-12-31,EOG,,,,,,,,,,,,,,,,,,,,,,,,,,,,,,,,,,,,,,0.16,,,0.53,,,,,,,,,,,,,,,,,,,,,,,,,,,,,,,,,,,,,,,,,,,,,,,,,2018-02-27,,0.69,,post-market,,,,,,,,,,,,,30.1887,,,,,,,,,,,,
2018-03-31,EOG,,,,,,,,,,,,,,,,,,,,,,,,,,,,,,,,,,,,,,0.18,,,1.01,,,,,,,,,,,,,,,,,,,,,,,,,,,,,,,,,,,,,,,,,,,,,,,,,2018-05-03,,1.19,,post-market,,,,,,,,,,,,,17.8218,,,,,,,,,,,,
2018-06-30,EOG,,,,,,,,,,,,,,,,,,,,,,,,,,,,,,,,,,,,,,0.14,,,1.23,,,,,,,,,,,,,,,,,,,,,,,,,,,,,,,,,,,,,,,,,,,,,,,,,2018-08-02,,1.37,,post-market,,,,,,,,,,,,,11.3821,,,,,,,,,,,,
2018-09-30,EOG,,,,,,,,,,,,,,,,,,,,,,,,,,,,,,,,,,,,,,0.23,,,1.52,,,,,,,,,,,,,,,,,,,,,,,,,,,,,,,,,,,,,,,,,,,,,,,,,2018-11-01,,1.75,,post-market,,,,,,,,,,,,,15.1316,,,,,,,,,,,,
2018-12-31,EOG,,,,,,,,,,,,,,,,,,,,,,,,,,,,,,,,,,,,,,-0.1,,,1.34,,,,,,,,,,,,,,,,,,,,,,,,,,,,,,,,,,,,,,,,,,,,,,,,,2019-02-26,,1.24,,post-market,,,,,,,,,,,,,-7.4627,,,,,,,,,,,,
2019-03-31,EOG,,,,,,,,,,,,,,,,,,,,,,,,,,,,,,,,,,,,,,0.17,,,1.02,,,,,,,,,,,,,,,,,,,,,,,,,,,,,,,,,,,,,,,,,,,,,,,,,2019-05-02,,1.19,,post-market,,,,,,,,,,,,,16.6667,,,,,,,,,,,,
2019-06-30,EOG,,,,,,,,,,,,,,,,,,,,,,,,,,,,,,,,,,,,,,-0.01,,,1.32,,,,,,,,,,,,,,,,,,,,,,,,,,,,,,,,,,,,,,,,,,,,,,,,,2019-08-01,,1.31,,post-market,,,,,,,,,,,,,-0.7576,,,,,,,,,,,,
2019-09-30,EOG,,,,,,,,,,,,,,,,,,,,,,,,,,,,,,,,,,,,,,0.0,,,1.13,,,,,,,,,,,,,,,,,,,,,,,,,,,,,,,,,,,,,,,,,,,,,,,,,2019-11-06,,1.13,,post-market,,,,,,,,,,,,,0.0,,,,,,,,,,,,
2019-12-31,EOG,,,,,,,,,,,,,,,,,,,,,,,,,,,,,,,,,,,,,,0.2,,,1.15,,,,,,,,,,,,,,,,,,,,,,,,,,,,,,,,,,,,,,,,,,,,,,,,,2020-02-27,,1.35,,post-market,,,,,,,,,,,,,17.3913,,,,,,,,,,,,
2020-03-31,EOG,,,,,,,,,,,,,,,,,,,,,,,,,,,,,,,,,,,,,,-0.11,,,0.66,,,,,,,,,,,,,,,,,,,,,,,,,,,,,,,,,,,,,,,,,,,,,,,,,2020-05-07,,0.55,,post-market,,,,,,,,,,,,,-16.6667,,,,,,,,,,,,
2020-06-30,EOG,,,,,,,,,,,,,,,,,,,,,,,,,,,,,,,,,,,,,,-0.18,,,-0.05,,,,,,,,,,,,,,,,,,,,,,,,,,,,,,,,,,,,,,,,,,,,,,,,,2020-08-06,,-0.23,,post-market,,,,,,,,,,,,,-360.0,,,,,,,,,,,,
2020-09-30,EOG,,,,,,,,,,,,,,,,,,,,,,,,,,,,,,,,,,,,,,0.24,,,0.19,,,,,,,,,,,,,,,,,,,,,,,,,,,,,,,,,,,,,,,,,,,,,,,,,2020-11-05,,0.43,,post-market,,,,,,,,,,,,,126.3158,,,,,,,,,,,,
2020-12-31,EOG,,,,,,,,,,,,,,,,,,,,,,,,,,,,,,,,,,,,,,0.36,,,0.35,,,,,,,,,,,,,,,,,,,,,,,,,,,,,,,,,,,,,,,,,,,,,,,,,2021-02-25,,0.71,,post-market,,,,,,,,,,,,,102.8571,,,,,,,,,,,,
2021-03-31,EOG,,,,,,,,,,,,,,,,,,,,,,,,,,,,,,,,,,,,,,0.14,,,1.48,,,,,,,,,,,,,,,,,,,,,,,,,,,,,,,,,,,,,,,,,,,,,,,,,2021-05-06,,1.62,,post-market,,,,,,,,,,,,,9.4595,,,,,,,,,,,,
2021-06-30,EOG,,,,,,,,,,,,,,,,,,,,,,,,,,,,,,,,,,,,,,0.17,,,1.56,,,,,,,,,,,,,,,,,,,,,,,,,,,,,,,,,,,,,,,,,,,,,,,,,2021-08-04,,1.73,,post-market,,,,,,,,,,,,,10.8974,,,,,,,,,,,,
2021-09-30,EOG,,,,,,,,,,,,,,,,,,,,,,,,,,,,,,,,,,,,,,0.12,,,2.04,,,,,,,,,,,,,,,,,,,,,,,,,,,,,,,,,,,,,,,,,,,,,,,,,2021-11-04,,2.16,,post-market,,,,,,,,,,,,,5.8824,,,,,,,,,,,,
2021-12-31,EOG,,,,,,,,,,,,,,,,,,,,,,,,,,,,,,,,,,,,,,-0.1,,,3.19,,,,,,,,,,,,,,,,,,,,,,,,,,,,,,,,,,,,,,,,,,,,,,,,,2022-02-24,,3.09,,post-market,,,,,,,,,,,,,-3.1348,,,,,,,,,,,,
2022-03-31,EOG,,,,,,,,,,,,,,,,,,,,,,,,,,,,,,,,,,,,,,0.28,,,3.72,,,,,,,,,,,,,,,,,,,,,,,,,,,,,,,,,,,,,,,,,,,,,,,,,2022-05-05,,4.0,,post-market,,,,,,,,,,,,,7.5269,,,,,,,,,,,,
2022-06-30,EOG,,,,,,,,,,,,,,,,,,,,,,,,,,,,,,,,,,,,,,0.11,,,2.63,,,,,,,,,,,,,,,,,,,,,,,,,,,,,,,,,,,,,,,,,,,,,,,,,2022-08-04,,2.74,,post-market,,,,,,,,,,,,,4.1825,,,,,,,,,,,,
2022-09-30,EOG,,,,,,,,,,,,,,,,,,,,,,,,,,,,,,,,,,,,,,-0.02,,,3.73,,,,,,,,,,,,,,,,,,,,,,,,,,,,,,,,,,,,,,,,,,,,,,,,,2022-11-03,,3.71,,post-market,,,,,,,,,,,,,-0.5362,,,,,,,,,,,,
2022-12-31,EOG,,,,,,,,,,,,,,,,,,,,,,,,,,,,,,,,,,,,,,-0.07,,,3.37,,,,,,,,,,,,,,,,,,,,,,,,,,,,,,,,,,,,,,,,,,,,,,,,,2023-02-23,,3.3,,post-market,,,,,,,,,,,,,-2.0772,,,,,,,,,,,,
2023-03-31,EOG,,,,,,,,,,,,,,,,,,,,,,,,,,,,,,,,,,,,,,0.21,,,2.48,,,,,,,,,,,,,,,,,,,,,,,,,,,,,,,,,,,,,,,,,,,,,,,,,2023-05-04,,2.69,,post-market,,,,,,,,,,,,,8.4677,,,,,,,,,,,,
2023-06-30,EOG,,,,,,,,,,,,,,,,,,,,,,,,,,,,,,,,,,,,,,0.17,,,2.32,,,,,,,,,,,,,,,,,,,,,,,,,,,,,,,,,,,,,,,,,,,,,,,,,2023-08-03,,2.49,,post-market,,,,,,,,,,,,,7.3276,,,,,,,,,,,,
2023-09-30,EOG,,,,,,,,,,,,,,,,,,,,,,,,,,,,,,,,,,,,,,0.42,,,3.02,,,,,,,,,,,,,,,,,,,,,,,,,,,,,,,,,,,,,,,,,,,,,,,,,2023-11-02,,3.44,,post-market,,,,,,,,,,,,,13.9073,,,,,,,,,,,,
2023-12-31,EOG,,,,,,,,,,,,,,,,,,,,,,,,,,,,,,,,,,,,,,0.0,,,3.07,,,,,,,,,,,,,,,,,,,,,,,,,,,,,,,,,,,,,,,,,,,,,,,,,2024-02-22,,3.07,,post-market,,,,,,,,,,,,,0.0,,,,,,,,,,,,
2024-03-31,EOG,,,,,,,,,,,,,,,,,,,,,,,,,,,,,,,,,,,,,,0.11,,,2.71,,,,,,,,,,,,,,,,,,,,,,,,,,,,,,,,,,,,,,,,,,,,,,,,,2024-05-02,,2.82,,post-market,,,,,,,,,,,,,4.059,,,,,,,,,,,,
2024-06-30,EOG,,,,,,,,,,,,,,,,,,,,,,,,,,,,,,,,,,,,,,0.2,,,2.96,,,,,,,,,,,,,,,,,,,,,,,,,,,,,,,,,,,,,,,,,,,,,,,,,2024-08-01,,3.16,,post-market,,,,,,,,,,,,,6.7568,,,,,,,,,,,,
2024-09-30,EOG,,,,,,,,,,,,,,,,,,,,,,,,,,,,,,,,,,,,,,0.12,,,2.77,,,,,,,,,,,,,,,,,,,,,,,,,,,,,,,,,,,,,,,,,,,,,,,,,2024-11-07,,2.89,,post-market,,,,,,,,,,,,,4.3321,,,,,,,,,,,,
2024-12-31,EOG,,,,,,,,,,,,,,,,,,,,,,,,,,,,,,,,,,,,,,0.1742,,,2.5658,,,,,,,,,,,,,,,,,,,,,,,,,,,,,,,,,,,,,,,,,,,,,,,,,2025-02-20,,2.74,,post-market,,,,,,,,,,,,,6.7893,,,,,,,,,,,,
2025-03-31,EOG,,,,,,,,,,,,,,,,,,,,,,,,,,,,,,,,,,,,,,0.0981,,,2.7719,,,,,,,,,,,,,,,,,,,,,,,,,,,,,,,,,,,,,,,,,,,,,,,,,2025-04-30,,2.87,,pre-market,,,,,,,,,,,,,3.5391,,,,,,,,,,,,
2025-06-30,EOG,,,,,,,,,,,,,,,,,,,,,,,,,,,,,,,,,,,,,,0.09,,,2.23,,,,,,,,,,,,,,,,,,,,,,,,,,,,,,,,,,,,,,,,,,,,,,,,,2025-08-07,,2.32,,pre-market,,,,,,,,,,,,,4.0359,,,,,,,,,,,,
2025-09-30,EOG,,,,,,,,,,,,,,,,,,,,,,,,,,,,,,,,,,,,,,0.34,,,2.37,,,,,,,,,,,,,,,,,,,,,,,,,,,,,,,,,,,,,,,,,,,,,,,,,2025-10-30,,2.71,,pre-market,,,,,,,,,,,,,14.346,,,,,,,,,,,,
2025-12-28,EOG,10.07,22653999000.0,10.28,,0.504,55.69,,,,,,,,,,,,,,,,,,,,,,,,,,3.945,0.038,,,,-0.085,0.34,,,2.37,,10.04,,14111000000.0,,,,,,,,,,,,,,,,,,,0.332,,,,,,,,,,,,,2.308,1.854,2.494,,,,,,,,0.244,,,2025-10-30,,2.71,,pre-market,,,0.0909,0.185,-0.024,41.34,,,,,114.54,106.96,14.346,,,,,,,,,10.28,,134.2,99.8
2025-12-28,EOG,10.07,22653999000.0,10.28,,0.504,55.69,,,,,,,,,,,,,,,None,2187000000,2187000000,,,,,,None,1169000000,,3.945,0.038,,,,-0.085,0.34,1895000000,3064000000,2.37,2025-09-30,10.04,,14111000000.0,3545000000,1824000000,353000000,,,None,71000000,71000000,,None,,,,,1471000000,1471000000,-71000000,None,0.332,,1709000000,1836000000,,,,,None,,,,,2.308,1.854,2.494,,,,,,,,0.244,,,2025-10-30,quarterly,2.71,USD,pre-market,None,,0.0909,0.185,-0.024,41.34,239000000,,,,114.54,106.96,14.346,,,,,,,5732000000,,10.28,,134.2,99.8
2025-12-28,EOG,10.07,22653999000.0,10.28,,0.504,55.69,,,,,,,,,,,,,,,None,1904000000,1904000000,,,,,,None,1053000000,,3.945,0.038,,,,-0.085,0.34,1802000000,2855000000,2.37,2025-06-30,10.04,,14111000000.0,3451000000,1751000000,406000000,,,None,51000000,51000000,,None,,,,,1345000000,1345000000,-51000000,None,0.332,,1704000000,1747000000,,,,,None,,,,,2.308,1.854,2.494,,,,,,,,0.244,,,2025-10-30,quarterly,2.71,USD,pre-market,None,,0.0909,0.185,-0.024,41.34,186000000,,,,114.54,106.96,14.346,,,,,,,5355000000,,10.28,,134.2,99.8
2025-12-28,EOG,10.07,22653999000.0,10.28,,0.504,55.69,,,,,,,,,,,,,,,None,1854000000,1854000000,,,,,,None,1013000000,,3.945,0.038,,,,-0.085,0.34,1924000000,2937000000,2.37,2025-03-31,10.04,,14111000000.0,3988000000,1877000000,414000000,,,None,47000000,47000000,,None,,,,,1463000000,1463000000,-47000000,None,0.332,,2129000000,1859000000,,,,,None,,,,,2.308,1.854,2.494,,,,,,,,0.244,,,2025-10-30,quarterly,2.71,USD,pre-market,None,,0.0909,0.185,-0.024,41.34,171000000,,,,114.54,106.96,14.346,,,,,,,5842000000,,10.28,,134.2,99.8
2025-12-28,EOG,10.07,22653999000.0,10.28,,0.504,55.69,,,,,,,,,,,,,,,None,132000000,132000000,,,,,,None,1019000000,,3.945,0.038,,,,-0.085,0.34,1662000000,2681000000,2.37,2024-12-31,10.04,,14111000000.0,5518000000,1624000000,373000000,,,None,38000000,38000000,,None,,,,,1251000000,1251000000,239000000,None,0.332,,3926000000,1592000000,,,,,None,,,,,2.308,1.854,2.494,,,,,,,,0.244,,,2025-10-30,quarterly,2.71,USD,pre-market,None,,0.0909,0.185,-0.024,41.34,189000000,,,,114.54,106.96,14.346,,,,,,,5650000000,,10.28,,134.2,99.8
2025-12-28,EOG,10.07,22653999000.0,10.28,,0.504,55.69,,,,,,,,,,,,,,,None,1868000000,1868000000,,,,,,None,1031000000,,3.945,0.038,,,,-0.085,0.34,2165000000,3196000000,2.37,2024-09-30,10.04,,14111000000.0,3997000000,2134000000,461000000,,,None,31000000,31000000,,None,,,,,1673000000,1673000000,-31000000,None,0.332,,1908000000,2089000000,,,,,None,,,,,2.308,1.854,2.494,,,,,,,,0.244,,,2025-10-30,quarterly,2.71,USD,pre-market,None,,0.0909,0.185,-0.024,41.34,167000000,,,,114.54,106.96,14.346,,,,,,,5865000000,,10.28,,134.2,99.8
2025-12-28,EOG,10.07,22653999000.0,10.28,,0.504,55.69,,,,,,,,,,,,,,,None,1797000000,1797000000,,,,,,None,984000000,,3.945,0.038,,,,-0.085,0.34,2196000000,3180000000,2.37,2024-06-30,10.04,,14111000000.0,4232000000,2160000000,470000000,,,None,36000000,None,,None,,,,,1690000000,1690000000,-36000000,None,0.332,,2102000000,2130000000,,,,,None,,,,,2.308,1.854,2.494,,,,,,,,0.244,,,2025-10-30,quarterly,2.71,USD,pre-market,None,,0.0909,0.185,-0.024,41.34,151000000,,,,114.54,106.96,14.346,,,,,,,6029000000,,10.28,,134.2,99.8
2025-12-28,EOG,10.07,22653999000.0,10.28,,0.504,55.69,,,,,,,,,,,,,,,None,1883000000,1883000000,,,,,,None,1074000000,,3.945,0.038,,,,-0.085,0.34,2333000000,3407000000,2.37,2024-03-31,10.04,,14111000000.0,3951000000,2300000000,511000000,,,None,33000000,None,,None,,,,,1789000000,1789000000,-33000000,None,0.332,,1680000000,2271000000,,,,,None,,,,,2.308,1.854,2.494,,,,,,,,0.244,,,2025-10-30,quarterly,2.71,USD,pre-market,None,,0.0909,0.185,-0.024,41.34,162000000,,,,114.54,106.96,14.346,,,,,,,5834000000,,10.28,,134.2,99.8
2025-12-28,EOG,10.07,22653999000.0,10.28,,0.504,55.69,,,,,,,,,,,,,,,None,1486000000,1486000000,,,,,,None,930000000,,3.945,0.038,,,,-0.085,0.34,2570000000,3500000000,2.37,2023-12-31,10.04,,14111000000.0,4544000000,2535000000,547000000,,,None,35000000,None,,None,,,,,1988000000,1988000000,205000000,None,0.332,,2040000000,2504000000,,,,,None,,,,,2.308,1.854,2.494,,,,,,,,0.244,,,2025-10-30,quarterly,2.71,USD,pre-market,None,,0.0909,0.185,-0.024,41.34,192000000,,,,114.54,106.96,14.346,,,,,,,6030000000,,10.28,,134.2,99.8
2025-12-28,EOG,10.07,22653999000.0,10.28,,0.504,55.69,,,,,,,,,,,,,,,None,1673000000,1673000000,,,,,,None,898000000,,3.945,0.038,,,,-0.085,0.34,2609000000,3507000000,2.37,2023-09-30,10.04,,14111000000.0,4440000000,2573000000,543000000,,,None,36000000,36000000,,None,,,,,2030000000,2030000000,-36000000,None,0.332,,1883000000,2557000000,,,,,None,,,,,2.308,1.854,2.494,,,,,,,,0.244,,,2025-10-30,quarterly,2.71,USD,pre-market,None,,0.0909,0.185,-0.024,41.34,161000000,,,,114.54,106.96,14.346,,,,,,,6113000000,,10.28,,134.2,99.8
2025-12-28,EOG,10.07,22653999000.0,10.28,,0.504,55.69,,,,,,,,,,,,,,,None,1610000000,1610000000,,,,,,None,866000000,,3.945,0.038,,,,-0.085,0.34,2021000000,2887000000,2.37,2023-06-30,10.04,,14111000000.0,3850000000,1986000000,433000000,,,None,35000000,35000000,,None,,,,,1553000000,1553000000,-35000000,None,0.332,,1880000000,1970000000,,,,,51000000,,,,,2.308,1.854,2.494,,,,,,,,0.244,,,2025-10-30,quarterly,2.71,USD,pre-market,None,,0.0909,0.185,-0.024,41.34,142000000,,,,114.54,106.96,14.346,,,,,,,5460000000,,10.28,,134.2,99.8
2025-12-28,EOG,10.07,22653999000.0,10.28,,0.504,55.69,,,,,,,,,,,,,,,None,1552000000,1552000000,,,,,,None,798000000,,3.945,0.038,,,,-0.085,0.34,2637000000,3435000000,2.37,2023-03-31,10.04,,14111000000.0,4027000000,2595000000,572000000,,,None,42000000,42000000,,None,,,,,2023000000,2023000000,-42000000,None,0.332,,1455000000,2572000000,,,,,65000000,,,,,2.308,1.854,2.494,,,,,,,,0.244,,,2025-10-30,quarterly,2.71,USD,pre-market,None,,0.0909,0.185,-0.024,41.34,145000000,,,,114.54,106.96,14.346,,,,,,,5579000000,,10.28,,134.2,99.8
2025-12-28,EOG,10.07,22653999000.0,10.28,,0.504,55.69,,,,,,,,,,,,,,,None,1390000000,1390000000,,,,,,None,926000000,,3.945,0.038,,,,-0.085,0.34,2853000000,3779000000,2.37,2022-12-31,10.04,,14111000000.0,5329000000,2859000000,582000000,,,None,42000000,42000000,,None,,,,,2277000000,2277000000,-42000000,None,0.332,,3866000000,2853000000,,,,,48000000,,,,,2.308,1.854,2.494,,,,,,,,0.244,,,2025-10-30,quarterly,2.71,USD,pre-market,None,,0.0909,0.185,-0.024,41.34,156000000,,,,114.54,106.96,14.346,,,,,,,6719000000,,10.28,,134.2,99.8
2025-12-28,EOG,10.07,22653999000.0,10.28,,0.504,55.69,,,,,,,,,,,,,,,None,1408000000,1408000000,,,,,,None,946000000,,3.945,0.038,,,,-0.085,0.34,3664000000,4610000000,2.37,2022-09-30,10.04,,14111000000.0,6185000000,3663000000,809000000,,,None,41000000,41000000,,None,,,,,2854000000,2854000000,-41000000,None,0.332,,3929000000,3664000000,,,,,40000000,,,,,2.308,1.854,2.494,,,,,,,,0.244,,,2025-10-30,quarterly,2.71,USD,pre-market,None,,0.0909,0.185,-0.024,41.34,162000000,,,,114.54,106.96,14.346,,,,,,,7593000000,,10.28,,134.2,99.8
2025-12-28,EOG,10.07,22653999000.0,10.28,,0.504,55.69,,,,,,,,,,,,,,,None,1387000000,1387000000,,,,,,None,1785000000,,3.945,0.038,,,,-0.085,0.34,2903000000,4688000000,2.37,2022-06-30,10.04,,14111000000.0,6020000000,2882000000,644000000,,,None,48000000,48000000,,None,,,,,2238000000,2238000000,-48000000,None,0.332,,4504000000,2903000000,,,,,27000000,,,,,2.308,1.854,2.494,,,,,,,,0.244,,,2025-10-30,quarterly,2.71,USD,pre-market,None,,0.0909,0.185,-0.024,41.34,128000000,,,,114.54,106.96,14.346,,,,,,,7407000000,,10.28,,134.2,99.8
2025-12-28,EOG,10.07,22653999000.0,10.28,,0.504,55.69,,,,,,,,,,,,,,,None,1537000000,1537000000,,,,,,None,846000000,,3.945,0.038,,,,-0.085,0.34,546000000,1392000000,2.37,2022-03-31,10.04,,14111000000.0,2446000000,497000000,107000000,,,None,48000000,48000000,,None,,,,,390000000,390000000,-48000000,None,0.332,,3437000000,546000000,,,,,-1000000,,,,,2.308,1.854,2.494,,,,,,,,0.244,,,2025-10-30,quarterly,2.71,USD,pre-market,None,,0.0909,0.185,-0.024,41.34,124000000,,,,114.54,106.96,14.346,,,,,,,3983000000,,10.28,,134.2,99.8
2025-12-28,EOG,10.07,22653999000.0,10.28,,0.504,55.69,,,,,,,,,,,,,,,None,1382000000,1382000000,,,,,,None,910000000,,3.945,0.038,,,,-0.085,0.34,2537000000,3447000000,2.37,2021-12-31,10.04,,14111000000.0,4526000000,2499000000,514000000,,,None,38000000,38000000,,None,,,,,1985000000,1985000000,-38000000,None,0.332,,3516000000,2528000000,,,,,9000000,,,,,2.308,1.854,2.494,,,,,,,,0.244,,,2025-10-30,quarterly,2.71,USD,pre-market,154000000,,0.0909,0.185,-0.024,41.34,139000000,,,,114.54,106.96,14.346,,,,,,,6044000000,,10.28,,134.2,99.8
2025-12-28,EOG,10.07,22653999000.0,10.28,,0.504,55.69,,,,,,,,,,,,,,,None,1342000000,1342000000,,,,,,None,927000000,,3.945,0.038,,,,-0.085,0.34,1477000000,2404000000,2.37,2021-09-30,10.04,,14111000000.0,3423000000,1429000000,334000000,,,None,48000000,48000000,,None,,,,,1095000000,1095000000,-48000000,None,0.332,,3294000000,1471000000,,,,,6000000,,,,,2.308,1.854,2.494,,,,,,,,0.244,,,2025-10-30,quarterly,2.71,USD,pre-market,44000000,,0.0909,0.185,-0.024,41.34,142000000,,,,114.54,106.96,14.346,,,,,,,4765000000,,10.28,,134.2,99.8
2025-12-28,EOG,10.07,22653999000.0,10.28,,0.504,55.69,,,,,,,,,,,,,,,None,1312000000,1312000000,,,,,,None,914000000,,3.945,0.038,,,,-0.085,0.34,1169000000,2083000000,2.37,2021-06-30,10.04,,14111000000.0,2827000000,1124000000,217000000,,,None,45000000,45000000,,None,,,,,907000000,907000000,-45000000,None,0.332,,2968000000,1171000000,,,,,-2000000,,,,,2.308,1.854,2.494,,,,,,,,0.244,,,2025-10-30,quarterly,2.71,USD,pre-market,None,,0.0909,0.185,-0.024,41.34,120000000,,,,114.54,106.96,14.346,,,,,,,4139000000,,10.28,,134.2,99.8
2025-12-28,EOG,10.07,22653999000.0,10.28,,0.504,55.69,,,,,,,,,,,,,,,None,1309000000,1309000000,,,,,,None,900000000,,3.945,0.038,,,,-0.085,0.34,928000000,1828000000,2.37,2021-03-31,10.04,,14111000000.0,2385000000,881000000,204000000,,,None,47000000,47000000,,None,,,,,677000000,677000000,-47000000,None,0.332,,2762000000,932000000,,,,,-4000000,,,,,2.308,1.854,2.494,,,,,,,,0.244,,,2025-10-30,quarterly,2.71,USD,pre-market,33000000,,0.0909,0.185,-0.024,41.34,110000000,,,,114.54,106.96,14.346,,,,,,,3694000000,,10.28,,134.2,99.8
2025-12-28,EOG,10.07,22653999000.0,10.28,,0.504,55.69,,,,,,,,,,,,,,,None,1250632000,1250632000,,,,,,None,870564000,,3.945,0.038,,,,-0.085,0.34,480881000,1351445000,2.37,2020-12-31,10.04,,14111000000.0,1633009000,427760000,90294000,,,None,53121000,53121000,,None,,,,,337466000,337466000,-53121000,None,0.332,,1145347000,487662000,,,,,-6781000,,,,,2.308,1.854,2.494,,,,,,,,0.244,,,2025-10-30,quarterly,2.71,USD,pre-market,145788000,,0.0909,0.185,-0.024,41.34,113235000,,,,114.54,106.96,14.346,,,,,,,2883641000,,10.28,,134.2,99.8
2025-12-28,EOG,10.07,22653999000.0,10.28,,0.504,55.69,,,,,,,,,,,,,,,None,1165000000,1165000000,,,,,,None,823000000,,3.945,0.038,,,,-0.085,0.34,0,823000000,2.37,2020-09-30,10.04,,14111000000.0,1138000000,-53000000,-11000000,,,None,53000000,53242000,,None,,,,,-42000000,-42467000,-53242000,None,0.332,,1141000000,-3000000,,,,,3401000,,,,,2.308,1.854,2.494,,,,,,,,0.244,,,2025-10-30,quarterly,2.71,USD,pre-market,38413000,,0.0909,0.185,-0.024,41.34,125000000,,,,114.54,106.96,14.346,,,,,,,2303000000,,10.28,,134.2,99.8
2025-12-28,EOG,10.07,22653999000.0,10.28,,0.504,55.69,,,,,,,,,,,,,,,None,1049000000,1049000000,,,,,,None,707000000,,3.945,0.038,,,,-0.085,0.34,-1091000000,-384000000,2.37,2020-06-30,10.04,,14111000000.0,162000000,-1145000000,-235000000,,,None,54000000,54213000,,None,,,,,-910000000,-909384000,-54213000,None,0.332,,1249000000,-1087000000,,,,,-4500000,,,,,2.308,1.854,2.494,,,,,,,,0.244,,,2025-10-30,quarterly,2.71,USD,pre-market,None,,0.0909,0.185,-0.024,41.34,132000000,,,,114.54,106.96,14.346,,,,,,,1211000000,,10.28,,134.2,99.8
2025-12-28,EOG,10.07,22653999000.0,10.28,,0.504,55.69,,,,,,,,,,,,,,,None,1458000000,1458000000,,,,,,None,1000000000,,3.945,0.038,,,,-0.085,0.34,76000000,1076000000,2.37,2020-03-31,10.04,,14111000000.0,2017000000,31000000,21000000,,,None,45000000,44690000,,None,,,,,10000000,9813000,-44690000,None,0.332,,1959000000,58000000,,,,,18108000,,,,,2.308,1.854,2.494,,,,,,,,0.244,,,2025-10-30,quarterly,2.71,USD,pre-market,None,,0.0909,0.185,-0.024,41.34,114000000,,,,114.54,106.96,14.346,,,,,,,3475000000,,10.28,,134.2,99.8
2025-12-28,EOG,10.07,22653999000.0,10.28,,0.504,55.69,,,,,,,,,,,,,,,None,1421361000,1421361000,,,,,,None,959208000,,3.945,0.038,,,,-0.085,0.34,871903000,1831111000,2.37,2019-12-31,10.04,,14111000000.0,2806381000,831208000,194687000,,,None,40695000,40695000,,None,,,,,636521000,636521000,-40695000,None,0.332,,1942630000,863751000,,,,,8152000,,,,,2.308,1.854,2.494,,,,,,,,0.244,,,2025-10-30,quarterly,2.71,USD,pre-market,None,,0.0909,0.185,-0.024,41.34,125187000,,,,114.54,106.96,14.346,,,,,,,4227742000,,10.28,,134.2,99.8
2025-12-28,EOG,10.07,22653999000.0,10.28,,0.504,55.69,,,,,,,,,,,,,,,None,1430029000,1430029000,,,,,,None,953597000,,3.945,0.038,,,,-0.085,0.34,837077000,1790674000,2.37,2019-09-30,10.04,,14111000000.0,2757771000,797457000,182335000,,,None,39620000,39620000,,None,,,,,615122000,615122000,-39620000,None,0.332,,1929812000,827959000,,,,,9118000,,,,,2.308,1.854,2.494,,,,,,,,0.244,,,2025-10-30,quarterly,2.71,USD,pre-market,None,,0.0909,0.185,-0.024,41.34,135758000,,,,114.54,106.96,14.346,,,,,,,4187800000,,10.28,,134.2,99.8
2025-12-28,EOG,10.07,22653999000.0,10.28,,0.504,55.69,,,,,,,,,,,,,,,None,1417228000,1417228000,,,,,,None,957304000,,3.945,0.038,,,,-0.085,0.34,1139274000,2096578000,2.37,2019-06-30,10.04,,14111000000.0,3069290000,1089366000,241525000,,,None,49908000,49908000,,None,,,,,847841000,847841000,-49908000,None,0.332,,1938519000,1130771000,,,,,8503000,,,,,2.308,1.854,2.494,,,,,,,,0.244,,,2025-10-30,quarterly,2.71,USD,pre-market,None,,0.0909,0.185,-0.024,41.34,121780000,,,,114.54,106.96,14.346,,,,,,,4486518000,,10.28,,134.2,99.8
2025-12-28,EOG,10.07,22653999000.0,10.28,,0.504,55.69,,,,,,,,,,,,,,,None,1327181000,1327181000,,,,,,None,879595000,,3.945,0.038,,,,-0.085,0.34,882142000,1761737000,2.37,2019-03-31,10.04,,14111000000.0,2712486000,827236000,191810000,,,None,54906000,54906000,,None,,,,,635426000,635426000,-54906000,None,0.332,,1835956000,876530000,,,,,5612000,,,,,2.308,1.854,2.494,,,,,,,,0.244,,,2025-10-30,quarterly,2.71,USD,pre-market,None,,0.0909,0.185,-0.024,41.34,106672000,,,,114.54,106.96,14.346,,,,,,,4039667000,,10.28,,134.2,99.8
2025-12-28,EOG,10.07,22653999000.0,10.28,,0.504,55.69,,,,,,,,,,,,,,,None,1378801000,1378801000,,,,,,None,919963000,,3.945,0.038,,,,-0.085,0.34,1144360000,2064323000,2.37,2018-12-31,10.04,,14111000000.0,2990880000,1088340000,195572000,,,None,56020000,None,,None,,,,,892768000,892768000,None,None,0.332,,1867740000,1123140000,,,,,21220000,,,,,2.308,1.854,2.494,,,,,,,,0.244,,,2025-10-30,quarterly,2.71,USD,pre-market,0,,0.0909,0.185,-0.024,41.34,116904000,,,,114.54,106.96,14.346,,,,,,,4369681000,,10.28,,134.2,99.8
2025-12-28,EOG,10.07,22653999000.0,10.28,,0.504,55.69,,,,,,,,,,,,,,,None,1353811000,1353811000,,,,,,None,918180000,,3.945,0.038,,,,-0.085,0.34,1509995000,2428175000,2.37,2018-09-30,10.04,,14111000000.0,3327876000,1446363000,255411000,,,None,63632000,None,,None,,,,,1190952000,1190952000,None,None,0.332,,1821189000,1506687000,,,,,3308000,,,,,2.308,1.854,2.494,,,,,,,,0.244,,,2025-10-30,quarterly,2.71,USD,pre-market,0,,0.0909,0.185,-0.024,41.34,111284000,,,,114.54,106.96,14.346,,,,,,,4681687000,,10.28,,134.2,99.8
2025-12-28,EOG,10.07,22653999000.0,10.28,,0.504,55.69,,,,,,,,,,,,,,,None,1272447000,1272447000,,,,,,None,848674000,,3.945,0.038,,,,-0.085,0.34,956380000,1805054000,2.37,2018-06-30,10.04,,14111000000.0,3128716000,892936000,196205000,,,None,63444000,None,,None,,,,,696731000,696731000,None,None,0.332,,2163785000,964931000,,,,,-8551000,,,,,2.308,1.854,2.494,,,,,,,,0.244,,,2025-10-30,quarterly,2.71,USD,pre-market,0,,0.0909,0.185,-0.024,41.34,104083000,,,,114.54,106.96,14.346,,,,,,,4401163000,,10.28,,134.2,99.8
2025-12-28,EOG,10.07,22653999000.0,10.28,,0.504,55.69,,,,,,,,,,,,,,,None,1150000000,1150000000,,,,,,None,748591000,,3.945,0.038,,,,-0.085,0.34,875315000,1623906000,2.37,2018-03-31,10.04,,14111000000.0,2574311000,813359000,174770000,,,None,61956000,None,,None,,,,,638589000,638589000,None,None,0.332,,1699723000,874588000,,,,,727000,,,,,2.308,1.854,2.494,,,,,,,,0.244,,,2025-10-30,quarterly,2.71,USD,pre-market,0,,0.0909,0.185,-0.024,41.34,94698000,,,,114.54,106.96,14.346,,,,,,,3724311000,,10.28,,134.2,99.8
2025-12-28,EOG,10.07,22653999000.0,10.28,,0.504,55.69,,,,,,,,,,,,,,,None,1206981000,1206981000,,,,,,None,881745000,,3.945,0.038,,,,-0.085,0.34,476715000,1358460000,2.37,2017-12-31,10.04,,14111000000.0,2226969000,413353000,-2017115000,,,None,63362000,None,,None,,,,,2430468000,2430468000,None,None,0.332,,1751057000,475912000,,,,,766000,,,,,2.308,1.854,2.494,,,,,,,,0.244,,,2025-10-30,quarterly,2.71,USD,pre-market,0,,0.0909,0.185,-0.024,41.34,117005000,,,,114.54,106.96,14.346,,,,,,,3433950000,,10.28,,134.2,99.8
2025-12-28,EOG,10.07,22653999000.0,10.28,,0.504,55.69,,,,,,,,,,,,,,,None,1130755000,1130755000,,,,,,None,846222000,,3.945,0.038,,,,-0.085,0.34,215062000,1061284000,2.37,2017-09-30,10.04,,14111000000.0,1505463000,145980000,45439000,,,None,69082000,None,,None,,,,,100541000,100541000,None,None,0.332,,1290627000,214836000,,,,,226000,,,,,2.308,1.854,2.494,,,,,,,,0.244,,,2025-10-30,quarterly,2.71,USD,pre-market,0,,0.0909,0.185,-0.024,41.34,111717000,,,,114.54,106.96,14.346,,,,,,,2636218000,,10.28,,134.2,99.8
2025-12-28,EOG,10.07,22653999000.0,10.28,,0.504,55.69,,,,,,,,,,,,,,,None,1155316000,1155316000,,,,,,None,865384000,,3.945,0.038,,,,-0.085,0.34,132880000,998264000,2.37,2017-06-30,10.04,,14111000000.0,1439850000,62467000,39414000,,,None,70413000,None,,None,,,,,23053000,23053000,None,None,0.332,,1311942000,127908000,,,,,4972000,,,,,2.308,1.854,2.494,,,,,,,,0.244,,,2025-10-30,quarterly,2.71,USD,pre-market,0,,0.0909,0.185,-0.024,41.34,108507000,,,,114.54,106.96,14.346,,,,,,,2595166000,,10.28,,134.2,99.8
2025-12-28,EOG,10.07,22653999000.0,10.28,,0.504,55.69,,,,,,,,,,,,,,,None,1109957000,1109957000,,,,,,None,816036000,,3.945,0.038,,,,-0.085,0.34,110897000,926933000,2.37,2017-03-31,10.04,,14111000000.0,1430687000,39382000,10865000,,,None,71515000,None,,None,,,,,28517000,28517000,None,None,0.332,,1322941000,107746000,,,,,3188000,,,,,2.308,1.854,2.494,,,,,,,,0.244,,,2025-10-30,quarterly,2.71,USD,pre-market,56894000,,0.0909,0.185,-0.024,41.34,97238000,,,,114.54,106.96,14.346,,,,,,,2540644000,,10.28,,134.2,99.8
2025-12-28,EOG,10.07,22653999000.0,10.28,,0.504,55.69,,,,,,,,,,,,,,,None,1136886000,1136886000,,,,,,None,862524000,,3.945,0.038,,,,-0.085,0.34,-122685000,739839000,2.37,2016-12-31,10.04,,14111000000.0,1197153000,-194010000,-51658000,,,None,71325000,None,,None,,,,,-142352000,-142352000,None,None,0.332,,1302640000,-105487000,,,,,-17266000,,,,,2.308,1.854,2.494,,,,,,,,0.244,,,2025-10-30,quarterly,2.71,USD,pre-market,0,,0.0909,0.185,-0.024,41.34,102182000,,,,114.54,106.96,14.346,,,,,,,2334039000,,10.28,,134.2,99.8
2025-12-28,EOG,10.07,22653999000.0,10.28,,0.504,55.69,,,,,,,,,,,,,,,None,1158494000,1158494000,,,,,,None,899511000,,3.945,0.038,,,,-0.085,0.34,-201392000,698119000,2.37,2016-09-30,10.04,,14111000000.0,829411000,-272250000,-82250000,,,None,70858000,None,,None,,,,,-190000000,-190000000,None,None,0.332,,1022891000,-193480000,,,,,-7889000,,,,,2.308,1.854,2.494,,,,,,,,0.244,,,2025-10-30,quarterly,2.71,USD,pre-market,0,,0.0909,0.185,-0.024,41.34,94397000,,,,114.54,106.96,14.346,,,,,,,1987905000,,10.28,,134.2,99.8
2025-12-28,EOG,10.07,22653999000.0,10.28,,0.504,55.69,,,,,,,,,,,,,,,None,1110110000,1110110000,,,,,,None,862491000,,3.945,0.038,,,,-0.085,0.34,-309169000,553322000,2.37,2016-06-30,10.04,,14111000000.0,702462000,-380277000,-87719000,,,None,71108000,None,,None,,,,,-292558000,-292558000,None,None,0.332,,990635000,-288173000,,,,,-20973000,,,,,2.308,1.854,2.494,,,,,,,,0.244,,,2025-10-30,quarterly,2.71,USD,pre-market,0,,0.0909,0.185,-0.024,41.34,97705000,,,,114.54,106.96,14.346,,,,,,,1812572000,,10.28,,134.2,99.8
2025-12-28,EOG,10.07,22653999000.0,10.28,,0.504,55.69,,,,,,,,,,,,,,,None,1198280000,1198280000,,,,,,None,928891000,,3.945,0.038,,,,-0.085,0.34,-642578000,286313000,2.37,2016-03-31,10.04,,14111000000.0,130206000,-710968000,-239192000,,,None,68390000,None,,None,,,,,-471776000,-471776000,None,None,0.332,,768347000,-638141000,,,,,-4415000,,,,,2.308,1.854,2.494,,,,,,,,0.244,,,2025-10-30,quarterly,2.71,USD,pre-market,0,,0.0909,0.185,-0.024,41.34,100531000,,,,114.54,106.96,14.346,,,,,,,1328486000,,10.28,,134.2,99.8
2025-12-28,EOG,10.07,22653999000.0,10.28,,0.504,55.69,,,,,,,,,,,,,,,None,1057026000,1057026000,,,,,,None,769457000,,3.945,0.038,,,,-0.085,0.34,-335833000,433624000,2.37,2015-12-31,10.04,,14111000000.0,729638000,-398826000,-114530000,,,None,62993000,None,,None,,,,,-284296000,-284296000,None,None,0.332,,1059391000,-329753000,,,,,-5924000,,,,,2.308,1.854,2.494,,,,,,,,0.244,,,2025-10-30,quarterly,2.71,USD,pre-market,0,,0.0909,0.185,-0.024,41.34,109014000,,,,114.54,106.96,14.346,,,,,,,1786664000,,10.28,,134.2,99.8
2025-12-28,EOG,10.07,22653999000.0,10.28,,0.504,55.69,,,,,,,,,,,,,,,None,1040890000,1040890000,,,,,,None,722172000,,3.945,0.038,,,,-0.085,0.34,-6214350000,-5492178000,2.37,2015-09-30,10.04,,14111000000.0,1089473000,-6274921000,-2199182000,,,None,60571000,None,,None,,,,,-4075739000,-4075739000,None,None,0.332,,7312430000,-6222957000,,,,,8635000,,,,,2.308,1.854,2.494,,,,,,,,0.244,,,2025-10-30,quarterly,2.71,USD,pre-market,0,,0.0909,0.185,-0.024,41.34,90959000,,,,114.54,106.96,14.346,,,,,,,2130363000,,10.28,,134.2,99.8
2025-12-28,EOG,10.07,22653999000.0,10.28,,0.504,55.69,,,,,,,,,,,,,,,None,1233888000,1233888000,,,,,,None,909227000,,3.945,0.038,,,,-0.085,0.34,49006000,958233000,2.37,2015-06-30,10.04,,14111000000.0,1275192000,-11478000,-16746000,,,None,60484000,None,,None,,,,,5268000,5268000,None,None,0.332,,1235566000,39626000,,,,,9407000,,,,,2.308,1.854,2.494,,,,,,,,0.244,,,2025-10-30,quarterly,2.71,USD,pre-market,0,,0.0909,0.185,-0.024,41.34,82324000,,,,114.54,106.96,14.346,,,,,,,2509080000,,10.28,,134.2,99.8
2025-12-28,EOG,10.07,22653999000.0,10.28,,0.504,55.69,,,,,,,,,,,,,,,None,1310278000,1310278000,,,,,,None,912788000,,3.945,0.038,,,,-0.085,0.34,-182986000,729802000,2.37,2015-03-31,10.04,,14111000000.0,920008000,-236331000,-66583000,,,None,53345000,None,,None,,,,,-169748000,-169748000,None,None,0.332,,1093003000,-172995000,,,,,-10202000,,,,,2.308,1.854,2.494,,,,,,,,0.244,,,2025-10-30,quarterly,2.71,USD,pre-market,0,,0.0909,0.185,-0.024,41.34,84297000,,,,114.54,106.96,14.346,,,,,,,2230286000,,10.28,,134.2,99.8
2025-12-28,EOG,10.07,22653999000.0,10.28,,0.504,55.69,,,,,,,,,,,,,,,None,1432496000,1432496000,,,,,,None,1013930000,,3.945,0.038,,,,-0.085,0.34,1198328000,2212258000,2.37,2014-12-31,10.04,,14111000000.0,2016992000,1148593000,704005000,,,None,49735000,None,,None,,,,,444588000,444588000,None,None,0.332,,790340000,1226652000,,,,,-27777000,,,,,2.308,1.854,2.494,,,,,,,,0.244,,,2025-10-30,quarterly,2.71,USD,pre-market,0,,0.0909,0.185,-0.024,41.34,131285000,,,,114.54,106.96,14.346,,,,,,,3449488000,,10.28,,134.2,99.8
2025-12-28,EOG,10.07,22653999000.0,10.28,,0.504,55.69,,,,,,,,,,,,,,,None,1449979000,1449979000,,,,,,None,1040018000,,3.945,0.038,,,,-0.085,0.34,1764824000,2804842000,2.37,2014-09-30,10.04,,14111000000.0,3120491000,1715120000,611502000,,,None,49704000,None,,None,,,,,1103618000,1103618000,None,None,0.332,,1334329000,1786162000,,,,,-21315000,,,,,2.308,1.854,2.494,,,,,,,,0.244,,,2025-10-30,quarterly,2.71,USD,pre-market,0,,0.0909,0.185,-0.024,41.34,96931000,,,,114.54,106.96,14.346,,,,,,,4570470000,,10.28,,134.2,99.8
2025-12-28,EOG,10.07,22653999000.0,10.28,,0.504,55.69,,,,,,,,,,,,,,,None,1375530000,1375530000,,,,,,None,996602000,,3.945,0.038,,,,-0.085,0.34,1152680000,2149282000,2.37,2014-06-30,10.04,,14111000000.0,3028304000,1100813000,394460000,,,None,51867000,None,,None,,,,,706353000,706353000,None,None,0.332,,1883574000,1144730000,,,,,7357000,,,,,2.308,1.854,2.494,,,,,,,,0.244,,,2025-10-30,quarterly,2.71,USD,pre-market,0,,0.0909,0.185,-0.024,41.34,90932000,,,,114.54,106.96,14.346,,,,,,,4403834000,,10.28,,134.2,99.8
2025-12-28,EOG,10.07,22653999000.0,10.28,,0.504,55.69,,,,,,,,,,,,,,,None,1301249000,1301249000,,,,,,None,946491000,,3.945,0.038,,,,-0.085,0.34,1080941000,2027432000,2.37,2014-03-31,10.04,,14111000000.0,2914192000,1030789000,369861000,,,None,50152000,None,,None,,,,,660928000,660928000,None,None,0.332,,1829913000,1084279000,,,,,-3315000,,,,,2.308,1.854,2.494,,,,,,,,0.244,,,2025-10-30,quarterly,2.71,USD,pre-market,0,,0.0909,0.185,-0.024,41.34,82862000,,,,114.54,106.96,14.346,,,,,,,4215441000,,10.28,,134.2,99.8
2025-12-28,EOG,10.07,22653999000.0,10.28,,0.504,55.69,,,,,,,,,,,,,,,None,1230527000,1230527000,,,,,,None,915257000,,3.945,0.038,,,,-0.085,0.34,971592000,1886849000,2.37,2013-12-31,10.04,,14111000000.0,2455445000,919082000,338888000,,,None,52510000,None,,None,,,,,580194000,580139000,None,None,0.332,,1475121000,980324000,,,,,-8814000,,,,,2.308,1.854,2.494,,,,,,,,0.244,,,2025-10-30,quarterly,2.71,USD,pre-market,0,,0.0909,0.185,-0.024,41.34,91066000,,,,114.54,106.96,14.346,,,,,,,3685972000,,10.28,,134.2,99.8
2025-12-28,EOG,10.07,22653999000.0,10.28,,0.504,55.69,,,,,,,,,,,,,,,None,1259090000,1259090000,,,,,,None,928800000,,3.945,0.038,,,,-0.085,0.34,780937000,1709737000,2.37,2013-09-30,10.04,,14111000000.0,2555664000,721555000,259057000,,,None,59382000,None,,None,,,,,462498000,462498000,None,None,0.332,,1785895000,769769000,,,,,11195000,,,,,2.308,1.854,2.494,,,,,,,,0.244,,,2025-10-30,quarterly,2.71,USD,pre-market,0,,0.0909,0.185,-0.024,41.34,98654000,,,,114.54,106.96,14.346,,,,,,,3814754000,,10.28,,134.2,99.8
2025-12-28,EOG,10.07,22653999000.0,10.28,,0.504,55.69,,,,,,,,,,,,,,,None,1205316000,1205316000,,,,,,None,910531000,,3.945,0.038,,,,-0.085,0.34,1096877000,2007408000,2.37,2013-06-30,10.04,,14111000000.0,2408155000,1035230000,375538000,,,None,61647000,None,,None,,,,,659692000,659719000,None,None,0.332,,1316111000,1092044000,,,,,4860000,,,,,2.308,1.854,2.494,,,,,,,,0.244,,,2025-10-30,quarterly,2.71,USD,pre-market,0,,0.0909,0.185,-0.024,41.34,80607000,,,,114.54,106.96,14.346,,,,,,,3613471000,,10.28,,134.2,99.8
2025-12-28,EOG,10.07,22653999000.0,10.28,,0.504,55.69,,,,,,,,,,,,,,,None,1119892000,1119892000,,,,,,None,846388000,,3.945,0.038,,,,-0.085,0.34,822940000,1669328000,2.37,2013-03-31,10.04,,14111000000.0,2165306000,761019000,266294000,,,None,61921000,None,,None,,,,,494725000,494753000,None,None,0.332,,1332232000,833074000,,,,,-10106000,,,,,2.308,1.854,2.494,,,,,,,,0.244,,,2025-10-30,quarterly,2.71,USD,pre-market,0,,0.0909,0.185,-0.024,41.34,77985000,,,,114.54,106.96,14.346,,,,,,,3285198000,,10.28,,134.2,99.8
2025-12-28,EOG,10.07,22653999000.0,10.28,,0.504,55.69,,,,,,,,,,,,,,,None,2984947000,2984947000,,,,,,None,786344000,,3.945,0.038,,,,-0.085,0.34,-286477000,499867000,2.37,2012-12-31,10.04,,14111000000.0,-273374000,-445822000,59177000,,,None,59354000,None,,None,,,,,-504999000,-504999000,None,None,0.332,,104687000,-378061000,,,,,-8407000,,,,,2.308,1.854,2.494,,,,,,,,0.244,,,2025-10-30,quarterly,2.71,USD,pre-market,0,,0.0909,0.185,-0.024,41.34,86679000,,,,114.54,106.96,14.346,,,,,,,2711573000,,10.28,,134.2,99.8
2025-12-28,EOG,10.07,22653999000.0,10.28,,0.504,55.69,,,,,,,,,,,,,,,None,1105526000,1105526000,,,,,,None,825851000,,3.945,0.038,,,,-0.085,0.34,613343000,1439194000,2.37,2012-09-30,10.04,,14111000000.0,1768106000,560189000,204698000,,,None,53154000,None,,None,,,,,355491000,355491000,None,None,0.332,,1162359000,605747000,,,,,7596000,,,,,2.308,1.854,2.494,,,,,,,,0.244,,,2025-10-30,quarterly,2.71,USD,pre-market,0,,0.0909,0.185,-0.024,41.34,92870000,,,,114.54,106.96,14.346,,,,,,,2873632000,,10.28,,134.2,99.8
2025-12-28,EOG,10.07,22653999000.0,10.28,,0.504,55.69,,,,,,,,,,,,,,,None,1080109000,1080109000,,,,,,None,808765000,,3.945,0.038,,,,-0.085,0.34,697014000,1505779000,2.37,2012-06-30,10.04,,14111000000.0,1516333000,646239000,250461000,,,None,50775000,None,,None,,,,,395778000,395778000,None,None,0.332,,823994000,692339000,,,,,4675000,,,,,2.308,1.854,2.494,,,,,,,,0.244,,,2025-10-30,quarterly,2.71,USD,pre-market,0,,0.0909,0.185,-0.024,41.34,75727000,,,,114.54,106.96,14.346,,,,,,,2596442000,,10.28,,134.2,99.8
2025-12-28,EOG,10.07,22653999000.0,10.28,,0.504,55.69,,,,,,,,,,,,,,,None,1035830000,1035830000,,,,,,None,748743000,,3.945,0.038,,,,-0.085,0.34,570403000,1319146000,2.37,2012-03-31,10.04,,14111000000.0,1558256000,520134000,196125000,,,None,50269000,None,,None,,,,,324009000,324009000,None,None,0.332,,998484000,559772000,,,,,10631000,,,,,2.308,1.854,2.494,,,,,,,,0.244,,,2025-10-30,quarterly,2.71,USD,pre-market,0,,0.0909,0.185,-0.024,41.34,76269000,,,,114.54,106.96,14.346,,,,,,,2594086000,,10.28,,134.2,99.8
2025-12-28,EOG,10.07,22653999000.0,10.28,,0.504,55.69,,,,,,,,,,,,,,,None,445614000,445614000,,,,,,None,693527000,,3.945,0.038,,,,-0.085,0.34,298223000,991750000,2.37,2011-12-31,10.04,,14111000000.0,2327401000,241632000,120934000,,,None,56591000,None,,None,,,,,120698000,120698000,None,None,0.332,,2024826000,302575000,,,,,-4352000,,,,,2.308,1.854,2.494,,,,,,,,0.244,,,2025-10-30,quarterly,2.71,USD,pre-market,31042000,,0.0909,0.185,-0.024,41.34,85108000,,,,114.54,106.96,14.346,,,,,,,2773015000,,10.28,,134.2,99.8
2025-12-28,EOG,10.07,22653999000.0,10.28,,0.504,55.69,,,,,,,,,,,,,,,None,398740000,398740000,,,,,,None,651684000,,3.945,0.038,,,,-0.085,0.34,675797000,1327481000,2.37,2011-09-30,10.04,,14111000000.0,2129340000,899221000,358343000,,,None,52186000,None,,None,,,,,540878000,540878000,None,None,0.332,,1179310000,950030000,,,,,1377000,,,,,2.308,1.854,2.494,,,,,,,,0.244,,,2025-10-30,quarterly,2.71,USD,pre-market,0,,0.0909,0.185,-0.024,41.34,82260000,,,,114.54,106.96,14.346,,,,,,,2528080000,,10.28,,134.2,99.8
2025-12-28,EOG,10.07,22653999000.0,10.28,,0.504,55.69,,,,,,,,,,,,,,,None,338052000,338052000,,,,,,None,602944000,,3.945,0.038,,,,-0.085,0.34,757286000,1360230000,2.37,2011-06-30,10.04,,14111000000.0,2042577000,543224000,247650000,,,None,51253000,None,,None,,,,,295574000,295574000,None,None,0.332,,1454324000,588253000,,,,,6224000,,,,,2.308,1.854,2.494,,,,,,,,0.244,,,2025-10-30,quarterly,2.71,USD,pre-market,0,,0.0909,0.185,-0.024,41.34,67406000,,,,114.54,106.96,14.346,,,,,,,2380629000,,10.28,,134.2,99.8
2025-12-28,EOG,10.07,22653999000.0,10.28,,0.504,55.69,,,,,,,,,,,,,,,None,405778000,405778000,,,,,,None,568226000,,3.945,0.038,,,,-0.085,0.34,276055000,844281000,2.37,2011-03-31,10.04,,14111000000.0,1491328000,225722000,91749000,,,None,50333000,None,,None,,,,,133973000,133973000,None,None,0.332,,1218877000,272451000,,,,,3604000,,,,,2.308,1.854,2.494,,,,,,,,0.244,,,2025-10-30,quarterly,2.71,USD,pre-market,0,,0.0909,0.185,-0.024,41.34,70037000,,,,114.54,106.96,14.346,,,,,,,1897106000,,10.28,,134.2,99.8
2025-12-28,EOG,10.07,22653999000.0,10.28,,0.504,55.69,,,,,,,,,,,,,,,None,375196000,375196000,,,,,,None,543789000,,3.945,0.038,,,,-0.085,0.34,180944000,724733000,2.37,2010-12-31,10.04,,14111000000.0,1413964000,139573000,85900000,,,None,41371000,None,,None,,,,,53673000,53673000,None,None,0.332,,1239353000,174611000,,,,,6333000,,,,,2.308,1.854,2.494,,,,,,,,0.244,,,2025-10-30,quarterly,2.71,USD,pre-market,0,,0.0909,0.185,-0.024,41.34,74004000,,,,114.54,106.96,14.346,,,,,,,1789160000,,10.28,,134.2,99.8
2025-12-28,EOG,10.07,22653999000.0,10.28,,0.504,55.69,,,,,,,,,,,,,,,None,352662000,352662000,,,,,,None,500888000,,3.945,0.038,,,,-0.085,0.34,-5923000,494965000,2.37,2010-09-30,10.04,,14111000000.0,1229413000,-38813000,32093000,,,None,32890000,None,,None,,,,,-70906000,-70906000,None,None,0.332,,1241108000,-11695000,,,,,5772000,,,,,2.308,1.854,2.494,,,,,,,,0.244,,,2025-10-30,quarterly,2.71,USD,pre-market,0,,0.0909,0.185,-0.024,41.34,81310000,,,,114.54,106.96,14.346,,,,,,,1582075000,,10.28,,134.2,99.8
2025-12-28,EOG,10.07,22653999000.0,10.28,,0.504,55.69,,,,,,,,,,,,,,,None,337748000,337748000,,,,,,None,465343000,,3.945,0.038,,,,-0.085,0.34,139956000,605299000,2.37,2010-06-30,10.04,,14111000000.0,1020220000,110059000,50187000,,,None,29897000,None,,None,,,,,59872000,59872000,None,None,0.332,,879719000,140501000,,,,,-545000,,,,,2.308,1.854,2.494,,,,,,,,0.244,,,2025-10-30,quarterly,2.71,USD,pre-market,0,,0.0909,0.185,-0.024,41.34,64737000,,,,114.54,106.96,14.346,,,,,,,1357968000,,10.28,,134.2,99.8
2025-12-28,EOG,10.07,22653999000.0,10.28,,0.504,55.69,,,,,,,,,,,,,,,None,344638000,344638000,,,,,,None,431906000,,3.945,0.038,,,,-0.085,0.34,222585000,654491000,2.37,2010-03-31,10.04,,14111000000.0,1026055000,197157000,79142000,,,None,25428000,None,,None,,,,,118015000,118015000,None,None,0.332,,806153000,219902000,,,,,2683000,,,,,2.308,1.854,2.494,,,,,,,,0.244,,,2025-10-30,quarterly,2.71,USD,pre-market,0,,0.0909,0.185,-0.024,41.34,60423000,,,,114.54,106.96,14.346,,,,,,,1370693000,,10.28,,134.2,99.8
2025-12-28,EOG,10.07,22653999000.0,10.28,,0.504,55.69,,,,,,,,,,,,,,,None,299909000,299909000,,,,,,None,398937000,,3.945,0.038,,,,-0.085,0.34,653542000,1052479000,2.37,2009-12-31,10.04,,14111000000.0,1460953000,626235000,225808000,,,None,27307000,None,,None,,,,,400427000,0,None,None,0.332,,806845000,654108000,,,,,None,,,,,2.308,1.854,2.494,,,,,,,,0.244,,,2025-10-30,quarterly,2.71,USD,pre-market,0,,0.0909,0.185,-0.024,41.34,68793000,,,,114.54,106.96,14.346,,,,,,,1760862000,,10.28,,134.2,99.8
2025-12-28,EOG,10.07,22653999000.0,10.28,,0.504,55.69,,,,,,,,,,,,,,,None,274398000,274398000,,,,,,None,385330000,,3.945,0.038,,,,-0.085,0.34,34964000,420294000,2.37,2009-09-30,10.04,,14111000000.0,732451000,4557000,361000,,,None,30407000,None,,None,,,,,4196000,4196000,None,None,0.332,,697148000,35303000,,,,,-339000,,,,,2.308,1.854,2.494,,,,,,,,0.244,,,2025-10-30,quarterly,2.71,USD,pre-market,0,,0.0909,0.185,-0.024,41.34,62775000,,,,114.54,106.96,14.346,,,,,,,1006849000,,10.28,,134.2,99.8
2025-12-28,EOG,10.07,22653999000.0,10.28,,0.504,55.69,,,,,,,,,,,,,,,None,282081000,282081000,,,,,,None,375592000,,3.945,0.038,,,,-0.085,0.34,1255000,376847000,2.37,2009-06-30,10.04,,14111000000.0,578958000,-23556000,-6850000,,,None,24811000,None,,None,,,,,-16706000,-16706000,None,None,0.332,,578940000,18000,,,,,1237000,,,,,2.308,1.854,2.494,,,,,,,,0.244,,,2025-10-30,quarterly,2.71,USD,pre-market,0,,0.0909,0.185,-0.024,41.34,58760000,,,,114.54,106.96,14.346,,,,,,,861039000,,10.28,,134.2,99.8
2025-12-28,EOG,10.07,22653999000.0,10.28,,0.504,55.69,,,,,,,,,,,,,,,None,284698000,284698000,,,,,,None,389329000,,3.945,0.038,,,,-0.085,0.34,283151000,672480000,2.37,2009-03-31,10.04,,14111000000.0,873511000,264775000,106065000,,,None,18376000,None,,None,,,,,158710000,0,None,None,0.332,,592099000,281412000,,,,,None,,,,,2.308,1.854,2.494,,,,,,,,0.244,,,2025-10-30,quarterly,2.71,USD,pre-market,0,,0.0909,0.185,-0.024,41.34,57946000,,,,114.54,106.96,14.346,,,,,,,1158209000,,10.28,,134.2,99.8
2025-12-28,EOG,10.07,22653999000.0,10.28,,0.504,55.69,,,,,,,,,,,,,,,None,476377000,476377000,,,,,,None,368135000,,3.945,0.038,,,,-0.085,0.34,830447000,1198582000,2.37,2008-12-31,10.04,,14111000000.0,557137000,735092000,273620000,,,None,12095000,None,,None,,,,,461472000,0,None,None,0.332,,-194042000,751179000,,,,,None,,,,,2.308,1.854,2.494,,,,,,,,0.244,,,2025-10-30,quarterly,2.71,USD,pre-market,0,,0.0909,0.185,-0.024,41.34,58249000,,,,114.54,106.96,14.346,,,,,,,1033514000,,10.28,,134.2,99.8
2025-12-28,EOG,10.07,22653999000.0,10.28,,0.504,55.69,,,,,,,,,,,,,,,None,280270000,280270000,,,,,,None,346247000,,3.945,0.038,,,,-0.085,0.34,2406047000,2752294000,2.37,2008-09-30,10.04,,14111000000.0,2983616000,2393952000,837667000,,,None,12095000,None,,None,,,,,1556285000,0,None,None,0.332,,591433000,2392183000,,,,,None,,,,,2.308,1.854,2.494,,,,,,,,0.244,,,2025-10-30,quarterly,2.71,USD,pre-market,0,,0.0909,0.185,-0.024,41.34,70893000,,,,114.54,106.96,14.346,,,,,,,3263886000,,10.28,,134.2,99.8
2025-12-28,EOG,10.07,22653999000.0,10.28,,0.504,55.69,,,,,,,,,,,,,,,None,268269000,268269000,,,,,,None,315294000,,3.945,0.038,,,,-0.085,0.34,256412000,571706000,2.37,2008-06-30,10.04,,14111000000.0,827243000,247383000,69177000,,,None,9029000,None,,None,,,,,178206000,0,None,None,0.332,,584140000,243103000,,,,,None,,,,,2.308,1.854,2.494,,,,,,,,0.244,,,2025-10-30,quarterly,2.71,USD,pre-market,0,,0.0909,0.185,-0.024,41.34,61640000,,,,114.54,106.96,14.346,,,,,,,1095512000,,10.28,,134.2,99.8
2025-12-28,EOG,10.07,22653999000.0,10.28,,0.504,55.69,,,,,,,,,,,,,,,None,283849000,283849000,,,,,,None,297199000,,3.945,0.038,,,,-0.085,0.34,382303000,679502000,2.37,2008-03-31,10.04,,14111000000.0,850169000,370112000,129156000,,,None,12191000,None,,None,,,,,240956000,0,None,None,0.332,,469449000,380720000,,,,,None,,,,,2.308,1.854,2.494,,,,,,,,0.244,,,2025-10-30,quarterly,2.71,USD,pre-market,0,,0.0909,0.185,-0.024,41.34,52926000,,,,114.54,106.96,14.346,,,,,,,1134018000,,10.28,,134.2,99.8
2025-12-28,EOG,10.07,22653999000.0,10.28,,0.504,55.69,,,,,,,,,,,,,,,None,263782000,263782000,,,,,,None,282234000,,3.945,0.038,,,,-0.085,0.34,580474000,862708000,2.37,2007-12-31,10.04,,14111000000.0,912491000,511080000,149885000,,,None,10818000,None,,None,,,,,361195000,0,None,None,0.332,,392674000,519817000,,,,,None,,,,,2.308,1.854,2.494,,,,,,,,0.244,,,2025-10-30,quarterly,2.71,USD,pre-market,0,,0.0909,0.185,-0.024,41.34,66047000,,,,114.54,106.96,14.346,,,,,,,1176273000,,10.28,,134.2,99.8
2025-12-28,EOG,10.07,22653999000.0,10.28,,0.504,55.69,,,,,,,,,,,,,,,None,249190000,249190000,,,,,,None,279189000,,3.945,0.038,,,,-0.085,0.34,366872000,646061000,2.37,2007-09-30,10.04,,14111000000.0,693375000,318598000,114595000,,,None,331169000,None,,None,,,,,204003000,0,None,None,0.332,,368517000,324858000,,,,,None,,,,,2.308,1.854,2.494,,,,,,,,0.244,,,2025-10-30,quarterly,2.71,USD,pre-market,0,,0.0909,0.185,-0.024,41.34,48101000,,,,114.54,106.96,14.346,,,,,,,942565000,,10.28,,134.2,99.8
2025-12-28,EOG,10.07,22653999000.0,10.28,,0.504,55.69,,,,,,,,,,,,,,,None,217811000,217811000,,,,,,None,259780000,,3.945,0.038,,,,-0.085,0.34,468422000,728202000,2.37,2007-06-30,10.04,,14111000000.0,791341000,465869000,158816000,,,None,10818000,None,,None,,,,,307053000,0,None,None,0.332,,343723000,447618000,,,,,None,,,,,2.308,1.854,2.494,,,,,,,,0.244,,,2025-10-30,quarterly,2.71,USD,pre-market,0,,0.0909,0.185,-0.024,41.34,47183000,,,,114.54,106.96,14.346,,,,,,,1009152000,,10.28,,134.2,99.8
2025-12-28,EOG,10.07,22653999000.0,10.28,,0.504,55.69,,,,,,,,,,,,,,,None,219887000,219887000,,,,,,None,244342000,,3.945,0.038,,,,-0.085,0.34,361077000,605419000,2.37,2007-03-31,10.04,,14111000000.0,691151000,335321000,117654000,,,None,342959000,None,,None,,,,,217667000,0,None,None,0.332,,354116000,337035000,,,,,None,,,,,2.308,1.854,2.494,,,,,,,,0.244,,,2025-10-30,quarterly,2.71,USD,pre-market,0,,0.0909,0.185,-0.024,41.34,43879000,,,,114.54,106.96,14.346,,,,,,,911038000,,10.28,,134.2,99.8
2025-12-28,EOG,10.07,22653999000.0,10.28,,0.504,55.69,,,,,,,,,,,,,,,None,217064000,217064000,,,,,,None,230438000,,3.945,0.038,,,,-0.085,0.34,391075000,621513000,2.37,2006-12-31,10.04,,14111000000.0,715479000,352520000,109895000,,,None,7519000,None,,None,,,,,242625000,0,None,None,0.332,,365103000,350376000,,,,,None,,,,,2.308,1.854,2.494,,,,,,,,0.244,,,2025-10-30,quarterly,2.71,USD,pre-market,0,,0.0909,0.185,-0.024,41.34,47721000,,,,114.54,106.96,14.346,,,,,,,932543000,,10.28,,134.2,99.8
2025-12-28,EOG,10.07,22653999000.0,10.28,,0.504,55.69,,,,,,,,,,,,,,,None,171855000,171855000,,,,,,None,216071000,,3.945,0.038,,,,-0.085,0.34,484372000,700443000,2.37,2006-09-30,10.04,,14111000000.0,796871000,465996000,166860000,,,None,476098000,None,,None,,,,,299136000,0,None,None,0.332,,334605000,462266000,,,,,None,,,,,2.308,1.854,2.494,,,,,,,,0.244,,,2025-10-30,quarterly,2.71,USD,pre-market,0,,0.0909,0.185,-0.024,41.34,42362000,,,,114.54,106.96,14.346,,,,,,,968726000,,10.28,,134.2,99.8
2025-12-28,EOG,10.07,22653999000.0,10.28,,0.504,55.69,,,,,,,,,,,,,,,None,163181000,163181000,,,,,,None,192928000,,3.945,0.038,,,,-0.085,0.34,477514000,670442000,2.37,2006-06-30,10.04,,14111000000.0,755907000,464294000,132877000,,,None,476678000,None,,None,,,,,331417000,0,None,None,0.332,,301073000,454834000,,,,,None,,,,,2.308,1.854,2.494,,,,,,,,0.244,,,2025-10-30,quarterly,2.71,USD,pre-market,0,,0.0909,0.185,-0.024,41.34,38607000,,,,114.54,106.96,14.346,,,,,,,919088000,,10.28,,134.2,99.8
2025-12-28,EOG,10.07,22653999000.0,10.28,,0.504,55.69,,,,,,,,,,,,,,,None,165698000,165698000,,,,,,None,177652000,,3.945,0.038,,,,-0.085,0.34,651201000,828853000,2.37,2006-03-31,10.04,,14111000000.0,918838000,629831000,203124000,,,None,642984000,None,,None,,,,,426707000,0,None,None,0.332,,290410000,628428000,,,,,None,,,,,2.308,1.854,2.494,,,,,,,,0.244,,,2025-10-30,quarterly,2.71,USD,pre-market,0,,0.0909,0.185,-0.024,41.34,36291000,,,,114.54,106.96,14.346,,,,,,,1084536000,,10.28,,134.2,99.8
2025-12-28,EOG,10.07,22653999000.0,10.28,,0.504,55.69,,,,,,,,,,,,,,,None,103770000,103770000,,,,,,None,176974000,,3.945,0.038,,,,-0.085,0.34,832807000,1009781000,2.37,2005-12-31,10.04,,14111000000.0,1096695000,748220000,284564000,,,None,19985000,None,,None,,,,,463656000,0,None,None,0.332,,341820000,754875000,,,,,None,,,,,2.308,1.854,2.494,,,,,,,,0.244,,,2025-10-30,quarterly,2.71,USD,pre-market,0,,0.0909,0.185,-0.024,41.34,37039000,,,,114.54,106.96,14.346,,,,,,,1200465000,,10.28,,134.2,99.8
2025-12-28,EOG,10.07,22653999000.0,10.28,,0.504,55.69,,,,,,,,,,,,,,,None,161455000,161455000,,,,,,None,164372000,,3.945,0.038,,,,-0.085,0.34,522156000,686528000,2.37,2005-09-30,10.04,,14111000000.0,772990000,518438000,174677000,,,None,532315000,None,,None,,,,,343761000,0,None,None,0.332,,250834000,522156000,,,,,None,,,,,2.308,1.854,2.494,,,,,,,,0.244,,,2025-10-30,quarterly,2.71,USD,pre-market,0,,0.0909,0.185,-0.024,41.34,30079000,,,,114.54,106.96,14.346,,,,,,,934445000,,10.28,,134.2,99.8
2025-12-28,EOG,10.07,22653999000.0,10.28,,0.504,55.69,,,,,,,,,,,,,,,None,5680000000,5680000000,,,,,,None,4108000000,,3.945,0.038,,,,-0.085,0.34,8356000000,12464000000,2.37,2024-12-31,10.04,,14111000000.0,17698000000,8218000000,1815000000,,,None,138000000,277000000,,None,,,,,6403000000,6403000000,139000000,None,0.332,,9616000000,8082000000,,,,,None,,,,,2.308,1.854,2.494,,,,,,,,0.244,,,2025-10-30,annual,2.71,USD,pre-market,None,,0.0909,0.185,-0.024,41.34,669000000,,,,114.54,106.96,14.346,,,,,,,23378000000,,10.28,,134.2,99.8
2025-12-28,EOG,10.07,22653999000.0,10.28,,0.504,55.69,,,,,,,,,,,,,,,None,4946000000,4946000000,,,,,,None,3492000000,,3.945,0.038,,,,-0.085,0.34,9837000000,13329000000,2.37,2023-12-31,10.04,,14111000000.0,18236000000,9689000000,2095000000,,,None,148000000,240000000,,None,,,,,7594000000,7594000000,92000000,None,0.332,,8633000000,9603000000,,,,,None,,,,,2.308,1.854,2.494,,,,,,,,0.244,,,2025-10-30,annual,2.71,USD,pre-market,None,,0.0909,0.185,-0.024,41.34,640000000,,,,114.54,106.96,14.346,,,,,,,23182000000,,10.28,,134.2,99.8
2025-12-28,EOG,10.07,22653999000.0,10.28,,0.504,55.69,,,,,,,,,,,,,,,None,4873000000,4873000000,,,,,,None,3542000000,,3.945,0.038,,,,-0.085,0.34,10080000000,13622000000,2.37,2022-12-31,10.04,,14111000000.0,24619000000,9901000000,2142000000,,,None,179000000,179000000,,None,,,,,7759000000,7759000000,-179000000,None,0.332,,14653000000,9966000000,,,,,114000000,,,,,2.308,1.854,2.494,,,,,,,,0.244,,,2025-10-30,annual,2.71,USD,pre-market,None,,0.0909,0.185,-0.024,41.34,570000000,,,,114.54,106.96,14.346,,,,,,,29492000000,,10.28,,134.2,99.8
2025-12-28,EOG,10.07,22653999000.0,10.28,,0.504,55.69,,,,,,,,,,,,,,,None,5345000000,5345000000,,,,,,None,3651000000,,3.945,0.038,,,,-0.085,0.34,6111000000,9762000000,2.37,2021-12-31,10.04,,14111000000.0,14324000000,5933000000,1269000000,,,None,178000000,178000000,,None,,,,,4664000000,4664000000,-178000000,None,0.332,,8222000000,6102000000,,,,,9000000,,,,,2.308,1.854,2.494,,,,,,,,0.244,,,2025-10-30,annual,2.71,USD,pre-market,154000000,,0.0909,0.185,-0.024,41.34,511000000,,,,114.54,106.96,14.346,,,,,,,19669000000,,10.28,,134.2,99.8
2025-12-28,EOG,10.07,22653999000.0,10.28,,0.504,55.69,,,,,,,,,,,,,,,None,4922000000,4922000000,,,,,,None,3400000000,,3.945,0.038,,,,-0.085,0.34,-534000000,2866000000,2.37,2020-12-31,10.04,,14111000000.0,4952000000,-739000000,-134000000,,,None,205000000,205266000,,None,,,,,-605000000,-604572000,-205266000,None,0.332,,5496000000,-544000000,,,,,10228000,,,,,2.308,1.854,2.494,,,,,,,,0.244,,,2025-10-30,annual,2.71,USD,pre-market,42000000,,0.0909,0.185,-0.024,41.34,484000000,,,,114.54,106.96,14.346,,,,,,,9874000000,,10.28,,134.2,99.8
2025-12-28,EOG,10.07,22653999000.0,10.28,,0.504,55.69,,,,,,,,,,,,,,,None,5596000000,5596000000,,,,,,None,3750000000,,3.945,0.038,,,,-0.085,0.34,3730000000,7480000000,2.37,2019-12-31,10.04,,14111000000.0,11346000000,3545000000,810000000,,,None,185000000,185129000,,None,,,,,2735000000,2734910000,-185129000,None,0.332,,7647000000,3699000000,,,,,31385000,,,,,2.308,1.854,2.494,,,,,,,,0.244,,,2025-10-30,annual,2.71,USD,pre-market,None,,0.0909,0.185,-0.024,41.34,489000000,,,,114.54,106.96,14.346,,,,,,,16942000000,,10.28,,134.2,99.8
2025-12-28,EOG,10.07,22653999000.0,10.28,,0.504,55.69,,,,,,,,,,,,,,,None,5155059000,5155059000,,,,,,None,3435408000,,3.945,0.038,,,,-0.085,0.34,4486050000,7921458000,2.37,2018-12-31,10.04,,14111000000.0,12021783000,4240998000,821958000,,,None,245052000,245052000,,None,,,,,3419040000,3419040000,-245052000,None,0.332,,7552437000,4469346000,,,,,16704000,,,,,2.308,1.854,2.494,,,,,,,,0.244,,,2025-10-30,annual,2.71,USD,pre-market,0,,0.0909,0.185,-0.024,41.34,426969000,,,,114.54,106.96,14.346,,,,,,,17176842000,,10.28,,134.2,99.8
2025-12-28,EOG,10.07,22653999000.0,10.28,,0.504,55.69,,,,,,,,,,,,,,,None,4603009000,4603009000,,,,,,None,3409387000,,3.945,0.038,,,,-0.085,0.34,935554000,4344941000,2.37,2017-12-31,10.04,,14111000000.0,6602969000,661182000,-1921397000,,,None,274372000,274372000,,None,,,,,2582579000,2582579000,-274372000,None,0.332,,5676567000,926402000,,,,,9152000,,,,,2.308,1.854,2.494,,,,,,,,0.244,,,2025-10-30,annual,2.71,USD,pre-market,0,,0.0909,0.185,-0.024,41.34,434467000,,,,114.54,106.96,14.346,,,,,,,11205978000,,10.28,,134.2,99.8
2025-12-28,EOG,10.07,22653999000.0,10.28,,0.504,55.69,,,,,,,,,,,,,,,None,4603770000,4603770000,,,,,,None,3553417000,,3.945,0.038,,,,-0.085,0.34,-1275824000,2277593000,2.37,2016-12-31,10.04,,14111000000.0,2859232000,-1557505000,-460819000,,,None,281681000,281681000,,None,,,,,-1096686000,-1096686000,-281681000,None,0.332,,4084513000,-1225281000,,,,,-50543000,,,,,2.308,1.854,2.494,,,,,,,,0.244,,,2025-10-30,annual,2.71,USD,pre-market,0,,0.0909,0.185,-0.024,41.34,394815000,,,,114.54,106.96,14.346,,,,,,,7463002000,,10.28,,134.2,99.8
2025-12-28,EOG,10.07,22653999000.0,10.28,,0.504,55.69,,,,,,,,,,,,,,,None,4642082000,4642082000,,,,,,None,3313644000,,3.945,0.038,,,,-0.085,0.34,-6684163000,-3370519000,2.37,2015-12-31,10.04,,14111000000.0,4014311000,-6921556000,-2397041000,,,None,237393000,237393000,,None,,,,,-4524515000,-4524515000,None,None,0.332,,10700390000,-6686079000,,,,,1916000,,,,,2.308,1.854,2.494,,,,,,,,0.244,,,2025-10-30,annual,2.71,USD,pre-market,2841000000,,0.0909,0.185,-0.024,41.34,366594000,,,,114.54,106.96,14.346,,,,,,,8656393000,,10.28,,134.2,99.8
2025-12-28,EOG,10.07,22653999000.0,10.28,,0.504,55.69,,,,,,,,,,,,,,,None,5559254000,5559254000,,,,,,None,3997041000,,3.945,0.038,,,,-0.085,0.34,5196773000,9193814000,2.37,2014-12-31,10.04,,14111000000.0,11079979000,4995315000,2079828000,,,None,201458000,None,,None,,,,,2915487000,2915487000,None,None,0.332,,5838156000,5241823000,,,,,-45050000,,,,,2.308,1.854,2.494,,,,,,,,0.244,,,2025-10-30,annual,2.71,USD,pre-market,0,,0.0909,0.185,-0.024,41.34,402010000,,,,114.54,106.96,14.346,,,,,,,16639233000,,10.28,,134.2,99.8
2025-12-28,EOG,10.07,22653999000.0,10.28,,0.504,55.69,,,,,,,,,,,,,,,None,4814825000,4814825000,,,,,,None,3600976000,,3.945,0.038,,,,-0.085,0.34,3672346000,7273322000,2.37,2013-12-31,10.04,,14111000000.0,9584570000,3436886000,1239777000,,,None,235460000,None,,None,,,,,2197109000,2197109000,None,None,0.332,,5909359000,3675211000,,,,,-2865000,,,,,2.308,1.854,2.494,,,,,,,,0.244,,,2025-10-30,annual,2.71,USD,pre-market,0,,0.0909,0.185,-0.024,41.34,348312000,,,,114.54,106.96,14.346,,,,,,,14399395000,,10.28,,134.2,99.8
2025-12-28,EOG,10.07,22653999000.0,10.28,,0.504,55.69,,,,,,,,,,,,,,,None,4267700000,4267700000,,,,,,None,3169703000,,3.945,0.038,,,,-0.085,0.34,1494292000,4663995000,2.37,2012-12-31,10.04,,14111000000.0,6787370000,1280740000,710461000,,,None,213552000,None,,None,,,,,570279000,570279000,None,None,0.332,,5307573000,1479797000,,,,,14495000,,,,,2.308,1.854,2.494,,,,,,,,0.244,,,2025-10-30,annual,2.71,USD,pre-market,0,,0.0909,0.185,-0.024,41.34,331545000,,,,114.54,106.96,14.346,,,,,,,11055070000,,10.28,,134.2,99.8
2025-12-28,EOG,10.07,22653999000.0,10.28,,0.504,55.69,,,,,,,,,,,,,,,None,3539062000,3539062000,,,,,,None,2516381000,,3.945,0.038,,,,-0.085,0.34,2120162000,4636543000,2.37,2011-12-31,10.04,,14111000000.0,5434918000,1909799000,818676000,,,None,210363000,None,,None,,,,,1091123000,1091123000,None,None,0.332,,3321609000,2113309000,,,,,6853000,,,,,2.308,1.854,2.494,,,,,,,,0.244,,,2025-10-30,annual,2.71,USD,pre-market,171658000,,0.0909,0.185,-0.024,41.34,304811000,,,,114.54,106.96,14.346,,,,,,,8973980000,,10.28,,134.2,99.8
2025-12-28,EOG,10.07,22653999000.0,10.28,,0.504,55.69,,,,,,,,,,,,,,,None,2707114000,2707114000,,,,,,None,1941926000,,3.945,0.038,,,,-0.085,0.34,537562000,2479488000,2.37,2010-12-31,10.04,,14111000000.0,3083781000,407976000,247322000,,,None,129586000,None,,None,,,,,160654000,160654000,None,None,0.332,,2560462000,523319000,,,,,14243000,,,,,2.308,1.854,2.494,,,,,,,,0.244,,,2025-10-30,annual,2.71,USD,pre-market,0,,0.0909,0.185,-0.024,41.34,280474000,,,,114.54,106.96,14.346,,,,,,,5790895000,,10.28,,134.2,99.8
2025-12-28,EOG,10.07,22653999000.0,10.28,,0.504,55.69,,,,,,,,,,,,,,,None,1141086000,1141086000,,,,,,None,1549188000,,3.945,0.038,,,,-0.085,0.34,972912000,2522100000,2.37,2009-12-31,10.04,,14111000000.0,3645873000,872011000,325384000,,,None,100901000,None,,None,,,,,546627000,546627000,None,None,0.332,,2675032000,970841000,,,,,2071000,,,,,2.308,1.854,2.494,,,,,,,,0.244,,,2025-10-30,annual,2.71,USD,pre-market,0,,0.0909,0.185,-0.024,41.34,248274000,,,,114.54,106.96,14.346,,,,,,,4786959000,,10.28,,134.2,99.8
2025-12-28,EOG,10.07,22653999000.0,10.28,,0.504,55.69,,,,,,,,,,,,,,,None,1122878000,1122878000,,,,,,None,1326875000,,3.945,0.038,,,,-0.085,0.34,3798197000,5125072000,2.37,2008-12-31,10.04,,14111000000.0,6004265000,3746539000,1309620000,,,None,51658000,None,,None,,,,,2436919000,None,None,None,0.332,,2237080000,3767185000,,,,,None,,,,,2.308,1.854,2.494,,,,,,,,0.244,,,2025-10-30,annual,2.71,USD,pre-market,None,,0.0909,0.185,-0.024,41.34,243708000,,,,114.54,106.96,14.346,,,,,,,7127143000,,10.28,,134.2,99.8
2025-12-28,EOG,10.07,22653999000.0,10.28,,0.504,55.69,,,,,,,,,,,,,,,None,964562000,964562000,,,,,,None,1065545000,,3.945,0.038,,,,-0.085,0.34,1795913000,2861458000,2.37,2007-12-31,10.04,,14111000000.0,3129305000,1630868000,540950000,,,None,46778000,None,,None,,,,,1089918000,None,None,None,0.332,,1480909000,1648396000,,,,,None,,,,,2.308,1.854,2.494,,,,,,,,0.244,,,2025-10-30,annual,2.71,USD,pre-market,None,,0.0909,0.185,-0.024,41.34,205210000,,,,114.54,106.96,14.346,,,,,,,4093867000,,10.28,,134.2,99.8
2025-12-28,EOG,10.07,22653999000.0,10.28,,0.504,55.69,,,,,,,,,,,,,,,None,733897000,733897000,,,,,,None,817089000,,3.945,0.038,,,,-0.085,0.34,2011811000,2828900000,2.37,2006-12-31,10.04,,14111000000.0,2850336000,1912641000,612756000,,,None,43158000,None,,None,,,,,1299885000,None,None,None,0.332,,946783000,1903553000,,,,,None,,,,,2.308,1.854,2.494,,,,,,,,0.244,,,2025-10-30,annual,2.71,USD,pre-market,None,,0.0909,0.185,-0.024,41.34,164981000,,,,114.54,106.96,14.346,,,,,,,3584233000,,10.28,,134.2,99.8
2025-12-28,EOG,10.07,22653999000.0,10.28,,0.504,55.69,,,,,,,,,,,,,,,None,571283000,571283000,,,,,,None,654258000,,3.945,0.038,,,,-0.085,0.34,2082563000,2736821000,2.37,2005-12-31,10.04,,14111000000.0,3035707000,1965137000,705561000,,,None,62506000,None,,None,,,,,1259576000,None,None,None,0.332,,1031076000,2004631000,,,,,None,,,,,2.308,1.854,2.494,,,,,,,,0.244,,,2025-10-30,annual,2.71,USD,pre-market,None,,0.0909,0.185,-0.024,41.34,125918000,,,,114.54,106.96,14.346,,,,,,,3606990000,,10.28,,134.2,99.8
2025-12-28,EOG,10.07,22653999000.0,10.28,None,0.504,55.69,,433000000,3530000000,3530000000,,,,,,,,,206000000,544000000,None,571283000,571283000,2944000000,None,27000000,2680000000,None,None,654258000,,3.945,0.038,,,,-0.085,0.34,2082563000,2736821000,2.37,2025-09-30,10.04,None,14111000000.0,3035707000,1965137000,705561000,None,None,None,62506000,None,945000000,None,None,7667000000,None,None,1259576000,None,None,None,0.332,,1031076000,2004631000,665000000,1411000000,None,2496000000,None,,,,,2.308,1.854,2.494,,,,,,,,0.244,,42585000000,2025-10-30,quarterly,2.71,USD,pre-market,None,29603000000,0.0909,0.185,-0.024,41.34,125918000,8127000000,460000000,None,114.54,106.96,14.346,52199000000,7820000000,4815000000,21914000000,44379000000,17099000000,3606990000,30285000000,10.28,None,134.2,99.8
2025-12-28,EOG,10.07,22653999000.0,10.28,None,0.504,55.69,,360000000,5216000000,5216000000,,,,,,,,,206000000,546000000,None,571283000,571283000,2266000000,None,778000000,2504000000,None,None,654258000,,3.945,0.038,,,,-0.085,0.34,2082563000,2736821000,2.37,2025-06-30,10.04,None,14111000000.0,3035707000,1965137000,705561000,None,None,None,62506000,None,934000000,None,None,3458000000,None,None,1259576000,None,None,None,0.332,,1031076000,2004631000,591000000,1423000000,None,2398000000,None,,,,,2.308,1.854,2.494,,,,,,,,0.244,,35361000000,2025-10-30,quarterly,2.71,USD,pre-market,None,28131000000,0.0909,0.185,-0.024,41.34,125918000,4596000000,1138000000,None,114.54,106.96,14.346,46284000000,9245000000,5175000000,17046000000,37039000000,11871000000,3606990000,29238000000,10.28,None,134.2,99.8
2025-12-28,EOG,10.07,22653999000.0,10.28,None,0.504,55.69,,318000000,6599000000,6599000000,,,,,,,,,206000000,553000000,None,571283000,571283000,2353000000,None,1280000000,2621000000,None,None,654258000,,3.945,0.038,,,,-0.085,0.34,2082563000,2736821000,2.37,2025-03-31,10.04,None,14111000000.0,3035707000,1965137000,705561000,None,None,None,62506000,None,897000000,None,None,3464000000,None,None,1259576000,None,None,None,0.332,,1031076000,2004631000,563000000,1100000000,None,2368000000,None,,,,,2.308,1.854,2.494,,,,,,,,0.244,,34632000000,2025-10-30,quarterly,2.71,USD,pre-market,None,27869000000,0.0909,0.185,-0.024,41.34,125918000,5062000000,1598000000,None,114.54,106.96,14.346,46982000000,10680000000,5719000000,17466000000,36302000000,11747000000,3606990000,29516000000,10.28,None,134.2,99.8
2025-12-28,EOG,10.07,22653999000.0,10.28,None,0.504,55.69,,379000000,7092000000,7092000000,,,,,,,,,206000000,561000000,None,571283000,571283000,2464000000,None,500000000,2650000000,None,None,654258000,,3.945,0.038,,,,-0.085,0.34,2082563000,2736821000,2.37,2024-12-31,10.04,None,14111000000.0,3035707000,1965137000,705561000,None,None,None,62506000,None,985000000,None,None,4188000000,None,None,1259576000,None,None,None,0.332,,1031076000,2004631000,503000000,1036000000,None,2395000000,None,,,,,2.308,1.854,2.494,,,,,,,,0.244,,35217000000,2025-10-30,quarterly,2.71,USD,pre-market,None,26941000000,0.0909,0.185,-0.024,41.34,125918000,5067000000,847000000,None,114.54,106.96,14.346,47186000000,11230000000,5354000000,17835000000,35956000000,12481000000,3606990000,29351000000,10.28,None,134.2,99.8
2025-12-28,EOG,10.07,22653999000.0,10.28,None,0.504,55.69,,338000000,6122000000,6122000000,,,,,,,,,206000000,568000000,None,571283000,571283000,2290000000,None,34000000,2547000000,None,None,654258000,,3.945,0.038,,,,-0.085,0.34,2082563000,2736821000,2.37,2024-09-30,10.04,None,14111000000.0,3035707000,1965137000,705561000,None,None,None,62506000,None,1038000000,None,None,3742000000,None,None,1259576000,None,None,None,0.332,,1031076000,2004631000,458000000,889000000,None,2480000000,None,,,,,2.308,1.854,2.494,,,,,,,,0.244,,34126000000,2025-10-30,quarterly,2.71,USD,pre-market,None,26231000000,0.0909,0.185,-0.024,41.34,125918000,4114000000,372000000,None,114.54,106.96,14.346,46151000000,10165000000,4406000000,16577000000,35986000000,12171000000,3606990000,29574000000,10.28,None,134.2,99.8
2025-12-28,EOG,10.07,22653999000.0,10.28,None,0.504,55.69,,303000000,5431000000,5431000000,,,,,,,,,206000000,572000000,None,571283000,571283000,2436000000,None,534000000,2659000000,None,None,654258000,,3.945,0.038,,,,-0.085,0.34,2082563000,2736821000,2.37,2024-06-30,10.04,None,14111000000.0,3035707000,1965137000,705561000,None,None,None,62506000,None,1069000000,None,None,3250000000,None,None,1259576000,None,None,None,0.332,,1031076000,2004631000,644000000,755000000,None,2456000000,None,,,,,2.308,1.854,2.494,,,,,,,,0.244,,None,2025-10-30,quarterly,2.71,USD,pre-market,None,25071000000,0.0909,0.185,-0.024,41.34,125918000,4087000000,837000000,None,114.54,106.96,14.346,45224000000,9803000000,4628000000,16065000000,35421000000,11437000000,3606990000,29159000000,10.28,None,134.2,99.8
2025-12-28,EOG,10.07,22653999000.0,10.28,None,0.504,55.69,,318000000,5292000000,5292000000,,,,,,,,,206000000,577000000,None,571283000,571283000,2389000000,None,34000000,2688000000,None,None,654258000,,3.945,0.038,,,,-0.085,0.34,2082563000,2736821000,2.37,2024-03-31,10.04,None,14111000000.0,3035707000,1965137000,705561000,None,None,None,62506000,None,1154000000,None,None,3757000000,None,None,1259576000,None,None,None,0.332,,1031076000,2004631000,794000000,746000000,None,2533000000,None,,,,,2.308,1.854,2.494,,,,,,,,0.244,,None,2025-10-30,quarterly,2.71,USD,pre-market,None,23897000000,0.0909,0.185,-0.024,41.34,125918000,4109000000,352000000,None,114.54,106.96,14.346,44796000000,9928000000,4273000000,16160000000,34868000000,11887000000,3606990000,28636000000,10.28,None,134.2,99.8
2025-12-28,EOG,10.07,22653999000.0,10.28,None,0.504,55.69,,1184000000,5278000000,5278000000,,,,,,,,,206000000,581000000,None,571283000,571283000,2437000000,None,34000000,2716000000,None,None,654258000,,3.945,0.038,,,,-0.085,0.34,2082563000,2736821000,2.37,2023-12-31,10.04,None,14111000000.0,3035707000,1965137000,705561000,None,None,None,62506000,None,1275000000,None,None,3582000000,None,None,1259576000,None,None,None,0.332,,1031076000,2004631000,666000000,778000000,None,1850000000,None,,,,,2.308,1.854,2.494,,,,,,,,0.244,,None,2025-10-30,quarterly,2.71,USD,pre-market,None,22634000000,0.0909,0.185,-0.024,41.34,125918000,4158000000,393000000,None,114.54,106.96,14.346,43857000000,9935000000,4074000000,15767000000,33922000000,11693000000,3606990000,28090000000,10.28,None,134.2,99.8
2025-12-28,EOG,10.07,22653999000.0,10.28,None,0.504,55.69,,337000000,5326000000,5326000000,,,,,,,,,206000000,583000000,None,571283000,571283000,2464000000,None,34000000,2927000000,None,None,654258000,,3.945,0.038,,,,-0.085,0.34,2082563000,2736821000,2.37,2023-09-30,10.04,None,14111000000.0,3035707000,1965137000,705561000,None,None,None,62506000,None,1379000000,None,None,3772000000,None,None,1259576000,None,None,None,0.332,,1031076000,2004631000,626000000,785000000,None,2698000000,None,,,,,2.308,1.854,2.494,,,,,,,,0.244,,31723000000,2025-10-30,quarterly,2.71,USD,pre-market,None,22047000000,0.0909,0.185,-0.024,41.34,125918000,4143000000,371000000,None,114.54,106.96,14.346,43647000000,10258000000,4225000000,15889000000,33389000000,11664000000,3606990000,27758000000,10.28,None,134.2,99.8
2025-12-28,EOG,10.07,22653999000.0,10.28,None,0.504,55.69,,335000000,4764000000,4764000000,,,,,,,,,206000000,584000000,None,571283000,571283000,2205000000,None,34000000,2264000000,None,None,654258000,,3.945,0.038,,,,-0.085,0.34,2082563000,2736821000,2.37,2023-06-30,10.04,None,14111000000.0,3035707000,1965137000,705561000,None,None,None,62506000,None,1355000000,None,None,3780000000,None,None,1259576000,None,None,None,0.332,,1031076000,2004631000,523000000,732000000,None,2581000000,None,,,,,2.308,1.854,2.494,,,,,,,,0.244,,30910000000,2025-10-30,quarterly,2.71,USD,pre-market,None,20497000000,0.0909,0.185,-0.024,41.34,125918000,4149000000,369000000,None,114.54,106.96,14.346,41487000000,8906000000,3731000000,15230000000,32581000000,11499000000,3606990000,26257000000,10.28,None,134.2,99.8
2025-12-28,EOG,10.07,22653999000.0,10.28,None,0.504,55.69,,354000000,5018000000,5018000000,,,,,,,,,206000000,587000000,None,571283000,571283000,2438000000,None,33000000,2455000000,None,None,654258000,,3.945,0.038,,,,-0.085,0.34,2082563000,2736821000,2.37,2023-03-31,10.04,None,14111000000.0,3035707000,1965137000,705561000,None,None,None,62506000,None,1131000000,None,None,3787000000,None,None,1259576000,None,None,None,0.332,,1031076000,2004631000,580000000,766000000,None,2620000000,None,,,,,2.308,1.854,2.494,,,,,,,,0.244,,30223000000,2025-10-30,quarterly,2.71,USD,pre-market,None,19423000000,0.0909,0.185,-0.024,41.34,125918000,4174000000,387000000,None,114.54,106.96,14.346,41025000000,9184000000,4228000000,15578000000,31841000000,11350000000,3606990000,25447000000,10.28,None,134.2,99.8
2025-12-28,EOG,10.07,22653999000.0,10.28,None,0.504,55.69,,1095000000,5972000000,5972000000,,,,,,,,,206000000,588000000,None,571283000,571283000,2532000000,None,1283000000,2871000000,None,None,654258000,,3.945,0.038,,,,-0.085,0.34,2082563000,2736821000,2.37,2022-12-31,10.04,None,14111000000.0,3035707000,1965137000,705561000,None,None,None,62506000,None,1058000000,None,None,3580000000,None,None,1259576000,None,None,None,0.332,,1031076000,2004631000,574000000,997000000,None,1990000000,None,,,,,2.308,1.854,2.494,,,,,,,,0.244,,30275000000,2025-10-30,quarterly,2.71,USD,pre-market,None,18472000000,0.0909,0.185,-0.024,41.34,125918000,5958000000,1579000000,None,114.54,106.96,14.346,41371000000,10475000000,5513000000,16592000000,30896000000,11079000000,3606990000,24779000000,10.28,None,134.2,99.8
2025-12-28,EOG,10.07,22653999000.0,10.28,None,0.504,55.69,,235000000,5272000000,5272000000,,,,,,,,,206000000,587000000,None,571283000,571283000,2718000000,None,1282000000,3436000000,None,None,654258000,,3.945,0.038,,,,-0.085,0.34,2082563000,2736821000,2.37,2022-09-30,10.04,None,14111000000.0,3035707000,1965137000,705561000,None,None,None,62506000,None,872000000,None,None,3802000000,None,None,1259576000,None,None,None,0.332,,1031076000,2004631000,621000000,969000000,None,2573000000,None,,,,,2.308,1.854,2.494,,,,,,,,0.244,,29101000000,2025-10-30,quarterly,2.71,USD,pre-market,None,17563000000,0.0909,0.185,-0.024,41.34,125918000,5319000000,1517000000,None,114.54,106.96,14.346,40487000000,10201000000,5746000000,16638000000,30286000000,10892000000,3606990000,23849000000,10.28,-69000000,134.2,99.8
2025-12-28,EOG,10.07,22653999000.0,10.28,None,0.504,55.69,,216000000,3073000000,3073000000,,,,,,,,,206000000,588000000,None,571283000,571283000,2896000000,None,1282000000,3735000000,None,None,654258000,,3.945,0.038,,,,-0.085,0.34,2082563000,2736821000,2.37,2022-06-30,10.04,None,14111000000.0,3035707000,1965137000,705561000,None,None,None,62506000,None,739000000,None,None,3809000000,None,None,1259576000,None,None,None,0.332,,1031076000,2004631000,606000000,780000000,None,2067000000,None,,,,,2.308,1.854,2.494,,,,,,,,0.244,,28847000000,2025-10-30,quarterly,2.71,USD,pre-market,None,16028000000,0.0909,0.185,-0.024,41.34,125918000,5307000000,1498000000,1000000,114.54,106.96,14.346,38139000000,8153000000,5768000000,15827000000,29986000000,10059000000,3606990000,22312000000,10.28,-38000000,134.2,99.8
2025-12-28,EOG,10.07,22653999000.0,10.28,None,0.504,55.69,,223000000,4009000000,4009000000,,,,,,,,,206000000,586000000,None,571283000,571283000,2660000000,None,1283000000,3213000000,None,None,654258000,,3.945,0.038,,,,-0.085,0.34,2082563000,2736821000,2.37,2022-03-31,10.04,None,14111000000.0,3035707000,1965137000,705561000,None,None,None,62506000,None,586000000,None,None,3816000000,None,None,1259576000,None,None,None,0.332,,1031076000,2004631000,671000000,968000000,None,2191000000,None,,,,,2.308,1.854,2.494,,,,,,,,0.244,,28462000000,2025-10-30,quarterly,2.71,USD,pre-market,None,15283000000,0.0909,0.185,-0.024,41.34,125918000,5322000000,1506000000,None,114.54,106.96,14.346,38097000000,8479000000,6264000000,16557000000,29618000000,10293000000,3606990000,21540000000,10.28,-31000000,134.2,99.8
2025-12-28,EOG,10.07,22653999000.0,10.28,None,0.504,55.69,,1048000000,5209000000,5209000000,,,,,,,,,206000000,585000000,None,571283000,571283000,2242000000,None,37000000,2335000000,None,None,654258000,,3.945,0.038,,,,-0.085,0.34,2082563000,2736821000,2.37,2021-12-31,10.04,None,14111000000.0,3035707000,1965137000,705561000,None,None,None,62506000,None,584000000,None,None,5072000000,None,None,1259576000,None,None,None,0.332,,1031076000,2004631000,456000000,1005000000,None,2193000000,None,,,,,2.308,1.854,2.494,,,,,,,,0.244,,28426000000,2025-10-30,quarterly,2.71,USD,pre-market,None,15919000000,0.0909,0.185,-0.024,41.34,125918000,5907000000,277000000,None,114.54,106.96,14.346,38236000000,8584000000,4042000000,16056000000,29652000000,12014000000,3606990000,22180000000,10.28,-20000000,134.2,99.8
2025-12-28,EOG,10.07,22653999000.0,10.28,None,0.504,55.69,,250000000,4293000000,4293000000,,,,,,,,,206000000,584000000,None,571283000,571283000,1972000000,None,38000000,2154000000,None,None,654258000,,3.945,0.038,,,,-0.085,0.34,2082563000,2736821000,2.37,2021-09-30,10.04,None,14111000000.0,3035707000,1965137000,705561000,None,None,None,62506000,None,521000000,None,None,5079000000,None,None,1259576000,None,None,None,0.332,,1031076000,2004631000,381000000,732000000,None,2214000000,None,,,,,2.308,1.854,2.494,,,,,,,,0.244,,28545000000,2025-10-30,quarterly,2.71,USD,pre-market,None,15542000000,0.0909,0.185,-0.024,41.34,125918000,5367000000,288000000,18000000,114.54,106.96,14.346,37172000000,7349000000,3484000000,15407000000,29823000000,11923000000,3606990000,21765000000,10.28,-28000000,134.2,99.8
2025-12-28,EOG,10.07,22653999000.0,10.28,None,0.504,55.69,,253000000,3880000000,3880000000,,,,,,,,,206000000,584000000,None,571283000,571283000,2012000000,None,39000000,2026000000,None,None,654258000,,3.945,0.038,,,,-0.085,0.34,2082563000,2736821000,2.37,2021-06-30,10.04,None,14111000000.0,3035707000,1965137000,705561000,None,None,None,62506000,None,516000000,None,None,5086000000,None,None,1259576000,None,None,None,0.332,,1031076000,2004631000,513000000,1412000000,None,2186000000,None,,,,,2.308,1.854,2.494,,,,,,,,0.244,,28659000000,2025-10-30,quarterly,2.71,USD,pre-market,None,14689000000,0.0909,0.185,-0.024,41.34,125918000,5378000000,292000000,None,114.54,106.96,14.346,36885000000,6935000000,4002000000,16004000000,29950000000,12002000000,3606990000,20881000000,10.28,-16000000,134.2,99.8
2025-12-28,EOG,10.07,22653999000.0,10.28,None,0.504,55.69,,269000000,3388000000,3388000000,,,,,,,,,206000000,583000000,None,571283000,571283000,1945000000,None,39000000,1828000000,None,None,654258000,,3.945,0.038,,,,-0.085,0.34,2082563000,2736821000,2.37,2021-03-31,10.04,None,14111000000.0,3035707000,1965137000,705561000,None,None,None,62506000,None,562000000,None,None,5094000000,None,None,1259576000,None,None,None,0.332,,1031076000,2004631000,413000000,610000000,None,2178000000,None,,,,,2.308,1.854,2.494,,,,,,,,0.244,,28666000000,2025-10-30,quarterly,2.71,USD,pre-market,None,14606000000,0.0909,0.185,-0.024,41.34,125918000,5402000000,308000000,None,114.54,106.96,14.346,36171000000,6191000000,3312000000,15409000000,29980000000,12097000000,3606990000,20762000000,10.28,-15000000,134.2,99.8
2025-12-28,EOG,10.07,22653999000.0,10.28,None,0.504,55.69,,295089000,3329000000,3329000000,,,,,,,,,205837000,580885000,None,571283000,571283000,1681000000,None,781054000,1545293000,None,None,654258000,,3.945,0.038,,,,-0.085,0.34,2082563000,2736821000,2.37,2020-12-31,10.04,None,14111000000.0,3035707000,1965137000,705561000,None,None,None,62506000,None,629000000,None,None,5035351000,None,None,1259576000,None,None,None,0.332,,1031076000,2004631000,359000000,497246000,None,2147932000,None,,,,,2.308,1.854,2.494,,,,,,,,0.244,,28598627000,2025-10-30,quarterly,2.71,USD,pre-market,None,14169969000,0.0909,0.185,-0.024,41.34,125918000,6752000000,1076000000,None,114.54,106.96,14.346,35805000000,5862000000,3460000000,15502714000,29943000000,12043000000,3606990000,20301887000,10.28,-6615000,134.2,99.8
2025-12-28,EOG,10.07,22653999000.0,10.28,None,0.504,55.69,,255357000,3065556000,3065556000,,,,,,,,,205837000,579000000,None,571283000,571283000,1245029000,None,770831000,1137528000,None,None,654258000,,3.945,0.038,,,,-0.085,0.34,2082563000,2736821000,2.37,2020-09-30,10.04,None,14111000000.0,3035707000,1965137000,705561000,None,None,None,62506000,None,668541000,None,None,4949902000,None,None,1259576000,None,None,None,0.332,,1031076000,2004631000,223432000,481580000,None,2151092000,None,,,,,2.308,1.854,2.494,,,,,,,,0.244,,28633006000,2025-10-30,quarterly,2.71,USD,pre-market,None,14051197000,0.0909,0.185,-0.024,41.34,125918000,5976090000,1026188000,None,114.54,106.96,14.346,35074018000,5095057000,3020042000,14925692000,29978961000,11905650000,3606990000,20148326000,10.28,-16991000,134.2,99.8
2025-12-28,EOG,10.07,22653999000.0,10.28,None,0.504,55.69,,252642000,2416501000,2416501000,,,,,,,,,205824000,579000000,None,571283000,571283000,1281166000,None,21121000,1140312000,None,None,654258000,,3.945,0.038,,,,-0.085,0.34,2082563000,2736821000,2.37,2020-06-30,10.04,None,14111000000.0,3035707000,1965137000,705561000,None,None,None,62506000,None,676580000,None,None,5703141000,None,None,1259576000,None,None,None,0.332,,1031076000,2004631000,363998000,405689000,None,2138696000,None,,,,,2.308,1.854,2.494,,,,,,,,0.244,,29233465000,2025-10-30,quarterly,2.71,USD,pre-market,None,14312493000,0.0909,0.185,-0.024,41.34,125918000,5976904000,273763000,None,114.54,106.96,14.346,35221671000,4597391000,2154381000,14834114000,30624280000,12679733000,3606990000,20387557000,10.28,-10928000,134.2,99.8
2025-12-28,EOG,10.07,22653999000.0,10.28,None,0.504,55.69,,322367000,2906852000,2906852000,,,,,,,,,205824000,580000000,None,571283000,571283000,2892320000,None,519017000,1758965000,None,None,654258000,,3.945,0.038,,,,-0.085,0.34,2082563000,2736821000,2.37,2020-03-31,10.04,None,14111000000.0,3035707000,1965137000,705561000,None,None,None,62506000,None,662398000,None,None,4703152000,None,None,1259576000,None,None,None,0.332,,1031076000,2004631000,1162834000,371067000,None,2064175000,None,,,,,2.308,1.854,2.494,,,,,,,,0.244,,29694054000,2025-10-30,quarterly,2.71,USD,pre-market,None,15440142000,0.0909,0.185,-0.024,41.34,125918000,5544536000,841384000,None,114.54,106.96,14.346,37634084000,6491049000,4305011000,16163409000,31143035000,11858398000,3606990000,21470675000,10.28,-24807000,134.2,99.8
2025-12-28,EOG,10.07,22653999000.0,10.28,None,0.504,55.69,,369365000,2027972000,2027972000,,,,,,,,,205822000,580800000,None,571283000,571283000,2429127000,None,1014524000,2153323000,None,None,654258000,,3.945,0.038,,,,-0.085,0.34,2082563000,2736821000,2.37,2019-12-31,10.04,None,14111000000.0,3035707000,1965137000,705561000,None,None,None,62506000,None,767297000,None,None,4160919000,None,None,1259576000,None,None,None,0.332,,1031076000,2004631000,324747000,419122000,None,1789884000,None,,,,,2.308,1.854,2.494,,,,,,,,0.244,,30364595000,2025-10-30,quarterly,2.71,USD,pre-market,None,15648604000,0.0909,0.185,-0.024,41.34,125918000,5544808000,1383889000,None,114.54,106.96,14.346,37124608000,5273339000,4486988000,15483892000,31851269000,10996904000,3606990000,21640716000,10.28,-26533000,134.2,99.8
2025-12-28,EOG,10.07,22653999000.0,10.28,None,0.504,55.69,,384348000,1583105000,1583105000,,,,,,,,,205821000,581271000,None,571283000,571283000,2395080000,None,1014200000,2063676000,None,None,654258000,,3.945,0.038,,,,-0.085,0.34,2082563000,2736821000,2.37,2019-09-30,10.04,None,14111000000.0,3035707000,1965137000,705561000,None,None,None,62506000,None,778120000,None,None,4163115000,None,None,1259576000,None,None,None,0.332,,1031076000,2004631000,394830000,377311000,None,1858357000,None,,,,,2.308,1.854,2.494,,,,,,,,0.244,,30204322000,2025-10-30,quarterly,2.71,USD,pre-market,None,15179381000,0.0909,0.185,-0.024,41.34,125918000,5561663000,1398548000,None,114.54,106.96,14.346,36542269000,4819731000,4473713000,15417989000,31722538000,10944276000,3606990000,21124280000,10.28,-26306000,134.2,99.8
2025-12-28,EOG,10.07,22653999000.0,10.28,None,0.504,55.69,,396547000,1160485000,1160485000,,,,,,,,,205809000,580247000,None,571283000,571283000,2387403000,None,1013876000,2123317000,None,None,654258000,,3.945,0.038,,,,-0.085,0.34,2082563000,2736821000,2.37,2019-06-30,10.04,None,14111000000.0,3035707000,1965137000,705561000,None,None,None,62506000,None,853128000,None,None,4165284000,None,None,1259576000,None,None,None,0.332,,1031076000,2004631000,358591000,347394000,None,1803475000,None,,,,,2.308,1.854,2.494,,,,,,,,0.244,,29724431000,2025-10-30,quarterly,2.71,USD,pre-market,None,14731609000,0.0909,0.185,-0.024,41.34,125918000,5575707000,1410423000,None,114.54,106.96,14.346,35751501000,4495521000,4414057000,15121225000,31255980000,10707168000,3606990000,20630276000,10.28,-31932000,134.2,99.8
2025-12-28,EOG,10.07,22653999000.0,10.28,None,0.504,55.69,,396294000,1135810000,1135810000,,,,,,,,,205807000,580222000,None,571283000,571283000,2452337000,None,914861000,2643655000,None,None,654258000,,3.945,0.038,,,,-0.085,0.34,2082563000,2736821000,2.37,2019-03-31,10.04,None,14111000000.0,3035707000,1965137000,705561000,None,None,None,62506000,None,860764000,None,None,5166050000,None,None,1259576000,None,None,None,0.332,,1031076000,2004631000,267656000,298252000,None,1772248000,None,,,,,2.308,1.854,2.494,,,,,,,,0.244,,29129003000,2025-10-30,quarterly,2.71,USD,pre-market,None,14050676000,0.0909,0.185,-0.024,41.34,125918000,6477205000,1311155000,None,114.54,106.96,14.346,35663535000,4907885000,4301268000,15759738000,30755650000,11458470000,3606990000,19903797000,10.28,-45014000,134.2,99.8
2025-12-28,EOG,10.07,22653999000.0,10.28,None,0.504,55.69,,None,1555634000,1555634000,,,,,,,,,205804000,580300000,None,571283000,571283000,2239850000,None,899709000,2343124000,None,None,654258000,,3.945,0.038,,,,-0.085,0.34,2082563000,2736821000,2.37,2018-12-31,10.04,None,14111000000.0,3035707000,1965137000,705561000,None,None,None,62506000,None,859359000,None,None,5170169000,None,None,1259576000,None,None,None,0.332,,1031076000,2004631000,299273000,360695000,None,1258355000,None,,,,,2.308,1.854,2.494,,,,,,,,0.244,,28075519000,2025-10-30,quarterly,2.71,USD,pre-market,None,13543130000,0.0909,0.185,-0.024,41.34,125918000,6083262000,913093000,None,114.54,106.96,14.346,33934474000,5057390000,3728364000,14570286000,28877084000,10841922000,3606990000,19364188000,10.28,-42182000,134.2,99.8
2025-12-28,EOG,10.07,22653999000.0,10.28,None,0.504,55.69,,None,1274132000,1274132000,,,,,,,,,205803000,581559000,None,571283000,571283000,2435773000,None,1262874000,2472185000,None,None,654258000,,3.945,0.038,,,,-0.085,0.34,2082563000,2736821000,2.37,2018-09-30,10.04,0,14111000000.0,3035707000,1965137000,705561000,0,0,None,62506000,None,766964000,None,None,5171949000,None,None,1259576000,None,None,None,0.332,,1031076000,2004631000,303811000,477266000,None,1302249000,None,,,,,2.308,1.854,2.494,,,,,,,,0.244,,27947741000,2025-10-30,quarterly,2.71,USD,pre-market,None,12778104000,0.0909,0.185,-0.024,41.34,125918000,6434823000,1262874000,0,114.54,106.96,14.346,33637736000,4817092000,4425147000,15099266000,28820644000,10674119000,3606990000,18538470000,10.28,-52238000,134.2,99.8
2025-12-28,EOG,10.07,22653999000.0,10.28,None,0.504,55.69,,None,1008215000,1008215000,,,,,,,,,205796000,580375000,None,571283000,571283000,2336952000,None,1262540000,2272109000,None,None,654258000,,3.945,0.038,,,,-0.085,0.34,2082563000,2736821000,2.37,2018-06-30,10.04,0,14111000000.0,3035707000,1965137000,705561000,0,0,None,62506000,None,670994000,None,None,5172257000,None,None,1259576000,None,None,None,0.332,,1031076000,2004631000,280534000,484348000,None,1304624000,None,,,,,2.308,1.854,2.494,,,,,,,,0.244,,27153795000,2025-10-30,quarterly,2.71,USD,pre-market,None,11714656000,0.0909,0.185,-0.024,41.34,125918000,6434797000,1262540000,0,114.54,106.96,14.346,32092380000,4231852000,4297301000,14639986000,27860528000,10342685000,3606990000,17452394000,10.28,-42189000,134.2,99.8
2025-12-28,EOG,10.07,22653999000.0,10.28,None,0.504,55.69,,None,816094000,816094000,,,,,,,,,205793000,579726000,None,571283000,571283000,1915651000,None,363155000,1964889000,None,None,654258000,,3.945,0.038,,,,-0.085,0.34,2082563000,2736821000,2.37,2018-03-31,10.04,0,14111000000.0,3035707000,1965137000,705561000,0,0,None,62506000,None,584729000,None,None,6071604000,None,None,1259576000,None,None,None,0.332,,1031076000,2004631000,219385000,378306000,None,1301938000,None,,,,,2.308,1.854,2.494,,,,,,,,0.244,,26375648000,2025-10-30,quarterly,2.71,USD,pre-market,None,11125051000,0.0909,0.185,-0.024,41.34,125918000,6434759000,363155000,0,114.54,106.96,14.346,30740517000,3585097000,2836758000,13899878000,27155420000,11063120000,3606990000,16840639000,10.28,-45110000,134.2,99.8
2025-12-28,EOG,10.07,22653999000.0,10.28,None,0.504,55.69,,None,834228000,834228000,,,,,,,,,205788000,579200000,None,571283000,571283000,1847131000,None,356235000,1710851000,None,None,654258000,,3.945,0.038,,,,-0.085,0.34,2082563000,2736821000,2.37,2017-12-31,10.04,0,14111000000.0,3035707000,1965137000,705561000,0,0,None,62506000,None,483865000,None,None,6030836000,None,None,1259576000,None,None,None,0.332,,1031076000,2004631000,250164000,373302000,None,1275213000,None,,,,,2.308,1.854,2.494,,,,,,,,0.244,,25665037000,2025-10-30,quarterly,2.71,USD,pre-market,None,10593533000,0.0909,0.185,-0.024,41.34,125918000,6387071000,356235000,0,114.54,106.96,14.346,29833078000,3279108000,2725542000,13549805000,26553970000,10824263000,3606990000,16283273000,10.28,-33298000,134.2,99.8
2025-12-28,EOG,10.07,22653999000.0,10.28,None,0.504,55.69,,None,846138000,846138000,,,,,,,,,205786000,578736000,None,571283000,571283000,1635711000,None,6579000,1370416000,None,None,654258000,,3.945,0.038,,,,-0.085,0.34,2082563000,2736821000,2.37,2017-09-30,10.04,0,14111000000.0,3035707000,1965137000,705561000,0,0,None,62506000,None,344016000,None,None,6380427000,None,None,1259576000,None,None,None,0.332,,1031076000,2004631000,203393000,177180000,None,1215113000,None,,,,,2.308,1.854,2.494,,,,,,,,0.244,,25724589000,2025-10-30,quarterly,2.71,USD,pre-market,None,8259971000,0.0909,0.185,-0.024,41.34,125918000,6387006000,6579000,0,114.54,106.96,14.346,28805305000,2763963000,2180024000,14883041000,26041342000,12703017000,3606990000,13922264000,10.28,-39964000,134.2,99.8
2025-12-28,EOG,10.07,22653999000.0,10.28,None,0.504,55.69,,None,1649443000,1649443000,,,,,,,,,205777000,578483000,None,571283000,571283000,1615170000,None,6986804000,1205710000,None,None,654258000,,3.945,0.038,,,,-0.085,0.34,2082563000,2736821000,2.37,2017-06-30,10.04,0,14111000000.0,3035707000,1965137000,705561000,0,0,None,62506000,None,336198000,None,None,6380350000,None,None,1259576000,None,None,None,0.332,,1031076000,2004631000,192022000,345172000,None,1199778000,None,,,,,2.308,1.854,2.494,,,,,,,,0.244,,25580160000,2025-10-30,quarterly,2.71,USD,pre-market,None,8256359000,0.0909,0.185,-0.024,41.34,125918000,6986804000,606454000,0,114.54,106.96,14.346,29263617000,3383373000,2722254000,15361902000,25880244000,12639648000,3606990000,13901715000,10.28,-28763000,134.2,99.8
2025-12-28,EOG,10.07,22653999000.0,10.28,None,0.504,55.69,,None,1546566000,1546566000,,,,,,,,,205776000,578593000,None,571283000,571283000,1556875000,None,14215000,1267615000,None,None,654258000,,3.945,0.038,,,,-0.085,0.34,2082563000,2736821000,2.37,2017-03-31,10.04,0,14111000000.0,3035707000,1965137000,705561000,0,0,None,62506000,None,314194000,None,None,6980008000,None,None,1259576000,None,None,None,0.332,,1031076000,2004631000,265701000,324843000,None,1248102000,None,,,,,2.308,1.854,2.494,,,,,,,,0.244,,25606460000,2025-10-30,quarterly,2.71,USD,pre-market,None,8329951000,0.0909,0.185,-0.024,41.34,125918000,6986587000,6579000,0,114.54,106.96,14.346,29211974000,3394076000,2032007000,15283743000,25817898000,13251736000,3606990000,13928231000,10.28,-36123000,134.2,99.8
2025-12-28,EOG,10.07,22653999000.0,10.28,None,0.504,55.69,,None,1599895000,1599895000,,,,,,,,,205770000,567300000,None,571283000,571283000,1511826000,None,6579000,1228625000,None,None,654258000,,3.945,0.038,,,,-0.085,0.34,2082563000,2736821000,2.37,2016-12-31,10.04,0,14111000000.0,3035707000,1965137000,705561000,0,0,None,62506000,None,350017000,None,None,6979779000,None,None,1259576000,None,None,None,0.332,,1031076000,2004631000,376066000,390475000,None,1282142000,None,,,,,2.308,1.854,2.494,,,,,,,,0.244,,25707078000,2025-10-30,quarterly,2.71,USD,pre-market,None,8398118000,0.0909,0.185,-0.024,41.34,125918000,6986358000,6579000,0,114.54,106.96,14.346,29459433000,3554603000,2027291000,15477852000,25904830000,13450561000,3606990000,13981581000,10.28,-23682000,134.2,99.8
2025-12-28,EOG,10.07,22653999000.0,10.28,None,0.504,55.69,,None,1048727000,1048727000,,,,,,,,,205514000,547838000,None,571283000,571283000,1296240000,None,6579000,920367000,None,None,654258000,,3.945,0.038,,,,-0.085,0.34,2082563000,2736821000,2.37,2016-09-30,10.04,0,14111000000.0,3035707000,1965137000,705561000,0,0,None,62506000,None,429667000,None,None,6979538000,None,None,1259576000,None,None,None,0.332,,1031076000,2004631000,339003000,286887000,None,975763000,None,,,,,2.308,1.854,2.494,,,,,,,,0.244,,22644385000,2025-10-30,quarterly,2.71,USD,pre-market,None,8641704000,0.0909,0.185,-0.024,41.34,125918000,6986117000,6579000,0,114.54,106.96,14.346,25554921000,2737764000,1732963000,13756609000,22817157000,12023646000,3606990000,11798312000,10.28,-16693000,134.2,99.8
2025-12-28,EOG,10.07,22653999000.0,10.28,None,0.504,55.69,,None,779722000,779722000,,,,,,,,,205510000,547335000,None,571283000,571283000,1305651000,None,7894000,935592000,None,None,654258000,,3.945,0.038,,,,-0.085,0.34,2082563000,2736821000,2.37,2016-06-30,10.04,0,14111000000.0,3035707000,1965137000,705561000,0,0,None,62506000,None,495826000,None,None,6979286000,None,None,1259576000,None,None,None,0.332,,1031076000,2004631000,238981000,261636000,None,978513000,None,,,,,2.308,1.854,2.494,,,,,,,,0.244,,23212879000,2025-10-30,quarterly,2.71,USD,pre-market,None,8923666000,0.0909,0.185,-0.024,41.34,125918000,6985865000,6579000,0,114.54,106.96,14.346,25830538000,2450121000,1712261000,13773837000,23380417000,12061576000,3606990000,12056701000,10.28,-29258000,134.2,99.8
2025-12-28,EOG,10.07,22653999000.0,10.28,None,0.504,55.69,,None,668481000,668481000,,,,,,,,,205506000,546715000,None,571283000,571283000,1182025000,None,6579000,780625000,None,None,654258000,,3.945,0.038,,,,-0.085,0.34,2082563000,2736821000,2.37,2016-03-31,10.04,0,14111000000.0,3035707000,1965137000,705561000,0,0,None,62506000,None,538926000,None,None,6979029000,None,None,1259576000,None,None,None,0.332,,1031076000,2004631000,377780000,266291000,None,985713000,None,,,,,2.308,1.854,2.494,,,,,,,,0.244,,23801433000,2025-10-30,quarterly,2.71,USD,pre-market,None,9308463000,0.0909,0.185,-0.024,41.34,125918000,6985608000,6579000,0,114.54,106.96,14.346,26338423000,2365812000,1547972000,13932935000,23972611000,12384963000,3606990000,12405488000,10.28,-29211000,134.2,99.8
2025-12-28,EOG,10.07,22653999000.0,10.28,None,0.504,55.69,,None,718506000,718506000,,,,,,,,,205502000,546400000,None,571283000,571283000,1471953000,None,6579000,930610000,None,None,654258000,,3.945,0.038,,,,-0.085,0.34,2082563000,2736821000,2.37,2015-12-31,10.04,0,14111000000.0,3035707000,1965137000,705561000,0,0,None,62506000,None,598935000,None,None,6653685000,None,None,1259576000,None,None,None,0.332,,1031076000,2004631000,344193000,247137000,None,971335000,None,,,,,2.308,1.854,2.494,,,,,,,,0.244,,24210721000,2025-10-30,quarterly,2.71,USD,pre-market,None,9870816000,0.0909,0.185,-0.024,41.34,125918000,6655490000,6579000,0,114.54,106.96,14.346,26975244000,2592244000,1819287000,14032209000,24383000000,12212922000,3606990000,12943035000,10.28,-23406000,134.2,99.8
2025-12-28,EOG,10.07,22653999000.0,10.28,None,0.504,55.69,,None,742689000,742689000,,,,,,,,,205503000,545920000,None,571283000,571283000,1561574000,None,None,1123111000,None,None,654258000,,3.945,0.038,,,,-0.085,0.34,2082563000,2736821000,2.37,2015-09-30,10.04,0,14111000000.0,3035707000,1965137000,705561000,0,0,None,62506000,None,660252000,None,None,6393931000,None,None,1259576000,None,None,None,0.332,,1031076000,2004631000,298906000,274211000,None,970288000,None,,,,,2.308,1.854,2.494,,,,,,,,0.244,,24275332000,2025-10-30,quarterly,2.71,USD,pre-market,None,10247349000,0.0909,0.185,-0.024,41.34,125918000,6430210000,36279000,0,114.54,106.96,14.346,27277247000,2824958000,2046961000,13993024000,24452289000,11946063000,3606990000,13284223000,10.28,-31089000,134.2,99.8
2025-12-28,EOG,10.07,22653999000.0,10.28,None,0.504,55.69,,None,1367395000,1367395000,,,,,,,,,205496000,549683000,None,571283000,571283000,1864483000,None,None,1304848000,None,None,654258000,,3.945,0.038,,,,-0.085,0.34,2082563000,2736821000,2.37,2015-06-30,10.04,0,14111000000.0,3035707000,1965137000,705561000,0,0,None,62506000,None,661162000,None,None,6393885000,None,None,1259576000,None,None,None,0.332,,1031076000,2004631000,404313000,242153000,None,986758000,None,,,,,2.308,1.854,2.494,,,,,,,,0.244,,29975178000,2025-10-30,quarterly,2.71,USD,pre-market,None,14414926000,0.0909,0.185,-0.024,41.34,125918000,6400464000,6579000,0,114.54,106.96,14.346,33884096000,3737718000,2277581000,16456853000,30146378000,14179272000,3606990000,17427243000,10.28,-22764000,134.2,99.8
2025-12-28,EOG,10.07,22653999000.0,10.28,None,0.504,55.69,,None,2127419000,2127419000,,,,,,,,,205492000,544998000,None,571283000,571283000,2182041000,None,None,1327702000,None,None,654258000,,3.945,0.038,,,,-0.085,0.34,2082563000,2736821000,2.37,2015-03-31,10.04,0,14111000000.0,3035707000,1965137000,705561000,0,0,None,62506000,None,764206000,None,None,6393690000,None,None,1259576000,None,None,None,0.332,,1031076000,2004631000,574041000,284403000,None,959068000,None,,,,,2.308,1.854,2.494,,,,,,,,0.244,,29721721000,2025-10-30,quarterly,2.71,USD,pre-market,None,14501816000,0.0909,0.185,-0.024,41.34,125918000,6900269000,506579000,0,114.54,106.96,14.346,34692454000,4793368000,3094752000,17221956000,29899086000,14127204000,3606990000,17470498000,10.28,-19391000,134.2,99.8
2025-12-28,EOG,10.07,22653999000.0,10.28,None,0.504,55.69,,None,2087213000,2087213000,,,,,,,,,205492000,549200000,None,571283000,571283000,2860548000,None,5909933000,1779311000,None,None,654258000,,3.945,0.038,,,,-0.085,0.34,2082563000,2736821000,2.37,2014-12-31,10.04,0,14111000000.0,3035707000,1965137000,705561000,0,0,None,62506000,None,706597000,None,None,5903354000,None,None,1259576000,None,None,None,0.332,,1031076000,2004631000,842900000,377083000,None,939497000,None,,,,,2.308,1.854,2.494,,,,,,,,0.244,,29172644000,2025-10-30,quarterly,2.71,USD,pre-market,None,14763098000,0.0909,0.185,-0.024,41.34,125918000,5909933000,6579000,0,114.54,106.96,14.346,34762687000,5416021000,3384308000,17050105000,29346666000,13665797000,3606990000,17712582000,10.28,-70102000,134.2,99.8
2025-12-28,EOG,10.07,22653999000.0,10.28,None,0.504,55.69,,None,1481145000,1481145000,,,,,,,,,205488000,549518000,None,571283000,571283000,2775342000,None,None,2009091000,None,None,654258000,,3.945,0.038,,,,-0.085,0.34,2082563000,2736821000,2.37,2014-09-30,10.04,0,14111000000.0,3035707000,1965137000,705561000,0,0,None,62506000,None,672899000,None,None,5903232000,None,None,1259576000,None,None,None,0.332,,1031076000,2004631000,721581000,338877000,None,1084461000,None,,,,,2.308,1.854,2.494,,,,,,,,0.244,,29216833000,2025-10-30,quarterly,2.71,USD,pre-market,None,14410707000,0.0909,0.185,-0.024,41.34,125918000,5909811000,6579000,0,114.54,106.96,14.346,34500883000,4884716000,3378746000,16780985000,29616167000,13402239000,3606990000,17719898000,10.28,-69738000,134.2,99.8
2025-12-28,EOG,10.07,22653999000.0,10.28,None,0.504,55.69,,None,1230140000,1230140000,,,,,,,,,205482000,548676000,None,571283000,571283000,2661473000,None,None,1902248000,None,None,654258000,,3.945,0.038,,,,-0.085,0.34,2082563000,2736821000,2.37,2014-06-30,10.04,0,14111000000.0,3035707000,1965137000,705561000,0,0,None,62506000,None,667108000,None,None,5903099000,None,None,1259576000,None,None,None,0.332,,1031076000,2004631000,925249000,640866000,None,991450000,None,,,,,2.308,1.854,2.494,,,,,,,,0.244,,28195431000,2025-10-30,quarterly,2.71,USD,pre-market,None,13398901000,0.0909,0.185,-0.024,41.34,125918000,5909678000,6579000,0,114.54,106.96,14.346,33302434000,4724745000,3537487000,16594046000,28577689000,13056559000,3606990000,16708388000,10.28,-51065000,134.2,99.8
2025-12-28,EOG,10.07,22653999000.0,10.28,None,0.504,55.69,,None,1667212000,1667212000,,,,,,,,,205471000,548071000,None,571283000,571283000,2647209000,None,None,1801665000,None,None,654258000,,3.945,0.038,,,,-0.085,0.34,2082563000,2736821000,2.37,2014-03-31,10.04,0,14111000000.0,3035707000,1965137000,705561000,0,0,None,62506000,None,635419000,None,None,5902952000,None,None,1259576000,None,None,None,0.332,,1031076000,2004631000,718180000,470946000,None,922586000,None,,,,,2.308,1.854,2.494,,,,,,,,0.244,,26998437000,2025-10-30,quarterly,2.71,USD,pre-market,None,12760895000,0.0909,0.185,-0.024,41.34,125918000,5909531000,6579000,0,114.54,106.96,14.346,32141288000,4822476000,3395642000,16107974000,27318812000,12712332000,3606990000,16033314000,10.28,-33662000,134.2,99.8
2025-12-28,EOG,10.07,22653999000.0,10.28,None,0.504,55.69,,None,1318209000,1318209000,,,,,,,,,202732000,540942000,None,571283000,571283000,2254418000,None,None,1658853000,None,None,654258000,,3.945,0.038,,,,-0.085,0.34,2082563000,2736821000,2.37,2013-12-31,10.04,0,14111000000.0,3035707000,1965137000,705561000,0,0,None,62506000,None,563268000,None,None,5906642000,None,None,1259576000,None,None,None,0.332,,1031076000,2004631000,531685000,281989000,None,865067000,None,,,,,2.308,1.854,2.494,,,,,,,,0.244,,26148836000,2025-10-30,quarterly,2.71,USD,pre-market,None,12168277000,0.0909,0.185,-0.024,41.34,125918000,5913221000,6579000,0,114.54,106.96,14.346,30574238000,4072015000,2861716000,15155779000,26502223000,12294063000,3606990000,15418459000,10.28,-15263000,134.2,99.8
2025-12-28,EOG,10.07,22653999000.0,10.28,None,0.504,55.69,,None,1318817000,1318817000,,,,,,,,,202731000,547152000,None,571283000,571283000,2247714000,None,None,1891813000,None,None,654258000,,3.945,0.038,,,,-0.085,0.34,2082563000,2736821000,2.37,2013-09-30,10.04,0,14111000000.0,3035707000,1965137000,705561000,0,0,None,62506000,None,566004000,None,None,5906494000,None,None,1259576000,None,None,None,0.332,,1031076000,2004631000,415333000,492563000,None,846780000,None,,,,,2.308,1.854,2.494,,,,,,,,0.244,,25599191000,2025-10-30,quarterly,2.71,USD,pre-market,None,11639302000,0.0909,0.185,-0.024,41.34,125918000,6313073000,406579000,0,114.54,106.96,14.346,30147270000,4191967000,3347333000,15285690000,25955303000,11938357000,3606990000,14861580000,10.28,-20634000,134.2,99.8
2025-12-28,EOG,10.07,22653999000.0,10.28,None,0.504,55.69,,None,1228016000,1228016000,,,,,,,,,202726000,545477000,None,571283000,571283000,2201940000,None,None,1808954000,None,None,654258000,,3.945,0.038,,,,-0.085,0.34,2082563000,2736821000,2.37,2013-06-30,10.04,0,14111000000.0,3035707000,1965137000,705561000,0,0,None,62506000,None,657400000,None,None,5906210000,None,None,1259576000,None,None,None,0.332,,1031076000,2004631000,546470000,250176000,None,795308000,None,,,,,2.308,1.854,2.494,,,,,,,,0.244,,24580388000,2025-10-30,quarterly,2.71,USD,pre-market,None,11228011000,0.0909,0.185,-0.024,41.34,125918000,6312789000,406579000,0,114.54,106.96,14.346,29077152000,4240840000,3020303000,14692526000,24836312000,11672223000,3606990000,14384626000,10.28,-30809000,134.2,99.8
2025-12-28,EOG,10.07,22653999000.0,10.28,None,0.504,55.69,,None,1108034000,1108034000,,,,,,,,,202724000,544526000,None,571283000,571283000,2258232000,None,None,1891202000,None,None,654258000,,3.945,0.038,,,,-0.085,0.34,2082563000,2736821000,2.37,2013-03-31,10.04,0,14111000000.0,3035707000,1965137000,705561000,0,0,None,62506000,None,697478000,None,None,5905917000,None,None,1259576000,None,None,None,0.332,,1031076000,2004631000,384304000,254740000,None,864011000,None,,,,,2.308,1.854,2.494,,,,,,,,0.244,,23937970000,2025-10-30,quarterly,2.71,USD,pre-market,None,10619426000,0.0909,0.185,-0.024,41.34,125918000,6312496000,406579000,0,114.54,106.96,14.346,28232613000,4081018000,3074691000,14476304000,24151595000,11401613000,3606990000,13756309000,10.28,-33251000,134.2,99.8
2025-12-28,EOG,10.07,22653999000.0,10.28,None,0.504,55.69,,None,876435000,876435000,,,,,,,,,202720000,537800000,None,571283000,571283000,2078948000,None,None,1656618000,None,None,654258000,,3.945,0.038,,,,-0.085,0.34,2082563000,2736821000,2.37,2012-12-31,10.04,0,14111000000.0,3035707000,1965137000,705561000,0,0,None,62506000,None,683187000,None,None,5905602000,None,None,1259576000,None,None,None,0.332,,1031076000,2004631000,373644000,276448000,None,894758000,None,,,,,2.308,1.854,2.494,,,,,,,,0.244,,23337681000,2025-10-30,quarterly,2.71,USD,pre-market,None,10175631000,0.0909,0.185,-0.024,41.34,125918000,6312181000,406579000,0,114.54,106.96,14.346,27336578000,3589884000,2924058000,14051814000,23746694000,11127756000,3606990000,13284764000,10.28,-33822000,134.2,99.8
2025-12-28,EOG,10.07,22653999000.0,10.28,None,0.504,55.69,,None,1112623000,1112623000,,,,,,,,,202713000,541964000,None,571283000,571283000,2151093000,None,None,1633890000,None,None,654258000,,3.945,0.038,,,,-0.085,0.34,2082563000,2736821000,2.37,2012-09-30,10.04,0,14111000000.0,3035707000,1965137000,705561000,0,0,None,62506000,None,657880000,None,None,6305277000,None,None,1259576000,None,None,None,0.332,,1031076000,2004631000,595769000,258599000,None,842173000,None,,,,,2.308,1.854,2.494,,,,,,,,0.244,,23686450000,2025-10-30,quarterly,2.71,USD,pre-market,None,10726811000,0.0909,0.185,-0.024,41.34,125918000,6305277000,None,0,114.54,106.96,14.346,28032491000,4000162000,2578383000,14239021000,24032329000,11660638000,3606990000,13793470000,10.28,-46984000,134.2,99.8
2025-12-28,EOG,10.07,22653999000.0,10.28,None,0.504,55.69,,None,280374000,280374000,,,,,,,,,202702000,539970000,None,571283000,571283000,2235637000,None,None,1403540000,None,None,654258000,,3.945,0.038,,,,-0.085,0.34,2082563000,2736821000,2.37,2012-06-30,10.04,0,14111000000.0,3035707000,1965137000,705561000,0,0,None,62506000,None,620260000,None,None,5011893000,None,None,1259576000,None,None,None,0.332,,1031076000,2004631000,-28448000,302080000,None,791297000,None,,,,,2.308,1.854,2.494,,,,,,,,0.244,,22689714000,2025-10-30,quarterly,2.71,USD,pre-market,None,10417405000,0.0909,0.185,-0.024,41.34,125918000,5011893000,None,0,114.54,106.96,14.346,25998577000,2948058000,2679940000,12643436000,23050519000,9963496000,3606990000,13355141000,10.28,-39174000,134.2,99.8
2025-12-28,EOG,10.07,22653999000.0,10.28,None,0.504,55.69,,None,294064000,294064000,,,,,,,,,202700000,540484000,None,571283000,571283000,2289903000,None,None,1568084000,None,None,654258000,,3.945,0.038,,,,-0.085,0.34,2082563000,2736821000,2.37,2012-03-31,10.04,0,14111000000.0,3035707000,1965137000,705561000,0,0,None,62506000,None,561512000,None,None,5010523000,None,None,1259576000,None,None,None,0.332,,1031076000,2004631000,166974000,482444000,None,790416000,None,,,,,2.308,1.854,2.494,,,,,,,,0.244,,22133841000,2025-10-30,quarterly,2.71,USD,pre-market,None,10067541000,0.0909,0.185,-0.024,41.34,125918000,5036310000,25787000,0,114.54,106.96,14.346,25555536000,3042033000,2772347000,12563693000,22513503000,9791346000,3606990000,12991843000,10.28,-36284000,134.2,99.8
2025-12-28,EOG,10.07,22653999000.0,10.28,None,0.504,55.69,,None,615726000,615726000,,,,,,,,,202693000,266268000,None,571283000,571283000,2033615000,None,None,1477836000,None,None,654258000,,3.945,0.038,,,,-0.085,0.34,2082563000,2736821000,2.37,2011-12-31,10.04,0,14111000000.0,3035707000,1965137000,705561000,0,0,None,62506000,None,590594000,None,None,5009166000,None,None,1259576000,None,None,None,0.332,,1031076000,2004631000,569782000,163032000,None,799189000,None,,,,,2.308,1.854,2.494,,,,,,,,0.244,,21288824000,2025-10-30,quarterly,2.71,USD,pre-market,None,9789345000,0.0909,0.185,-0.024,41.34,125918000,5198849000,189683000,0,114.54,106.96,14.346,24838797000,3253938000,2522319000,12197893000,21584859000,9675574000,3606990000,12640904000,10.28,-24932000,134.2,99.8
2025-12-28,EOG,10.07,22653999000.0,10.28,-13453905000,0.504,55.69,,None,1386728000,1386728000,,,,,,,,,202691000,538584000,None,571283000,571283000,1926455000,None,None,1277662000,None,None,654258000,,3.945,0.038,,,,-0.085,0.34,2082563000,2736821000,2.37,2011-09-30,10.04,0,14111000000.0,3035707000,1965137000,705561000,0,0,None,62506000,None,580355000,None,None,5007746000,None,None,1259576000,None,None,None,0.332,,1031076000,2004631000,-28013000,362571000,None,768518000,None,,,,,2.308,1.854,2.494,,,,,,,,0.244,,20736198000,2025-10-30,quarterly,2.71,USD,pre-market,None,9711207000,0.0909,0.185,-0.024,41.34,125918000,5227746000,220000000,0,114.54,106.96,14.346,24794678000,3735362000,2666323000,12300830000,21059316000,9634507000,3606990000,12493848000,10.28,-23098000,134.2,99.8
2025-12-28,EOG,10.07,22653999000.0,10.28,-13463534000,0.504,55.69,,None,1577438000,1577438000,,,,,,,,,202687000,538664000,None,571283000,571283000,1870172000,None,None,1307434000,None,None,654258000,,3.945,0.038,,,,-0.085,0.34,2082563000,2736821000,2.37,2011-06-30,10.04,0,14111000000.0,3035707000,1965137000,705561000,0,0,None,62506000,None,540094000,None,None,5006251000,None,None,1259576000,None,None,None,0.332,,1031076000,2004631000,-27694000,237421000,None,718696000,None,,,,,2.308,1.854,2.494,,,,,,,,0.244,,19996823000,2025-10-30,quarterly,2.71,USD,pre-market,None,9213356000,0.0909,0.185,-0.024,41.34,125918000,5226251000,220000000,0,114.54,106.96,14.346,23959379000,3637950000,2476238000,11882194000,20321429000,9405956000,3606990000,12077185000,10.28,-12895000,134.2,99.8
2025-12-28,EOG,10.07,22653999000.0,10.28,-12748006000,0.504,55.69,,None,1668285000,1668285000,,,,,,,,,202685000,517638000,None,571283000,571283000,1838959000,None,None,1259095000,None,None,654258000,,3.945,0.038,,,,-0.085,0.34,2082563000,2736821000,2.37,2011-03-31,10.04,0,14111000000.0,3035707000,1965137000,705561000,0,0,None,62506000,None,481826000,None,None,5004725000,None,None,1259576000,None,None,None,0.332,,1031076000,2004631000,-30546000,304335000,None,680754000,None,,,,,2.308,1.854,2.494,,,,,,,,0.244,,19641452000,2025-10-30,quarterly,2.71,USD,pre-market,None,8963475000,0.0909,0.185,-0.024,41.34,125918000,5224725000,220000000,0,114.54,106.96,14.346,23545522000,3597603000,2500191000,11757143000,19947919000,9256952000,3606990000,11788379000,10.28,-11721000,134.2,99.8
2025-12-28,EOG,10.07,22653999000.0,10.28,None,0.504,55.69,,None,788853000,788853000,,,,,,,,,202542000,502000000,None,571283000,571283000,1664944000,None,None,1168195000,None,None,654258000,,3.945,0.038,,,,-0.085,0.34,2082563000,2736821000,2.37,2010-12-31,10.04,0,14111000000.0,3035707000,1965137000,705561000,0,0,None,62506000,None,415792000,None,None,5003341000,None,None,1259576000,None,None,None,0.332,,1031076000,2004631000,-54916000,252987000,None,667455000,None,,,,,2.308,1.854,2.494,,,,,,,,0.244,,18680900000,2025-10-30,quarterly,2.71,USD,pre-market,None,8870179000,0.0909,0.185,-0.024,41.34,125918000,5223341000,220000000,0,114.54,106.96,14.346,21624233000,2527446000,2220099000,11392601000,19096787000,9172502000,3606990000,10231632000,10.28,-11152000,134.2,99.8
2025-12-28,EOG,10.07,22653999000.0,10.28,-11557256000,0.504,55.69,,None,27832000,27832000,,,,,,,,,202540000,502000000,None,571283000,571283000,1541268000,None,None,987089000,None,None,654258000,,3.945,0.038,,,,-0.085,0.34,2082563000,2736821000,2.37,2010-09-30,10.04,0,14111000000.0,3035707000,1965137000,705561000,0,0,None,62506000,None,381263000,None,None,3768638000,None,None,1259576000,None,None,None,0.332,,1031076000,2004631000,138261000,397032000,None,695855000,None,,,,,2.308,1.854,2.494,,,,,,,,0.244,,18249810000,2025-10-30,quarterly,2.71,USD,pre-market,None,8855869000,0.0909,0.185,-0.024,41.34,125918000,3797782000,29144000,0,114.54,106.96,14.346,19944859000,1534445000,1938300000,9826735000,18410414000,7888435000,3606990000,10118124000,10.28,-11178000,134.2,99.8
2025-12-28,EOG,10.07,22653999000.0,10.28,-10713031000,0.504,55.69,,None,650114000,650114000,,,,,,,,,202535000,509000000,None,571283000,571283000,1255657000,None,None,840829000,None,None,654258000,,3.945,0.038,,,,-0.085,0.34,2082563000,2736821000,2.37,2010-06-30,10.04,0,14111000000.0,3035707000,1965137000,705561000,0,0,None,62506000,None,306563000,None,None,3734067000,None,None,1259576000,None,None,None,0.332,,1031076000,2004631000,-30684000,212429000,None,618743000,None,,,,,2.308,1.854,2.494,,,,,,,,0.244,,17424318000,2025-10-30,quarterly,2.71,USD,pre-market,None,8966181000,0.0909,0.185,-0.024,41.34,125918000,3734067000,None,0,114.54,106.96,14.346,19465683000,1916143000,1558137000,9334664000,17549540000,7776527000,3606990000,10131019000,10.28,-8857000,134.2,99.8
2025-12-28,EOG,10.07,22653999000.0,10.28,-10325928000,0.504,55.69,,None,230084000,230084000,,,,,,,,,202531000,507738000,None,571283000,571283000,1134286000,None,None,911272000,None,None,654258000,,3.945,0.038,,,,-0.085,0.34,2082563000,2736821000,2.37,2010-03-31,10.04,None,14111000000.0,3035707000,1965137000,705561000,None,None,None,62506000,None,313067000,None,None,2760000000,None,None,1259576000,None,None,None,0.332,,1031076000,2004631000,-42230000,231541000,None,635239000,None,,,,,2.308,1.854,2.494,,,,,,,,0.244,,16816935000,2025-10-30,quarterly,2.71,USD,pre-market,None,8945648000,0.0909,0.185,-0.024,41.34,125918000,2797000000,37000000,None,114.54,106.96,14.346,18509068000,1545857000,1493009000,8344151000,16963211000,6851142000,3606990000,10164917000,10.28,-8863000,134.2,99.8
2025-12-28,EOG,10.07,22653999000.0,10.28,-9825218000,0.504,55.69,,None,685751000,685751000,,,,,,,,,202526000,499070000,None,571283000,571283000,979139000,None,None,808426000,None,None,654258000,,3.945,0.038,,,,-0.085,0.34,2082563000,2736821000,2.37,2009-12-31,10.04,0,14111000000.0,3035707000,1965137000,705561000,0,0,None,62506000,None,261723000,None,None,2760000000,None,None,1259576000,None,None,None,0.332,,1031076000,2004631000,-37009000,236563000,None,632652000,None,,,,,2.308,1.854,2.494,,,,,,,,0.244,,16139225000,2025-10-30,quarterly,2.71,USD,pre-market,None,8866747000,0.0909,0.185,-0.024,41.34,125918000,2797000000,37000000,0,114.54,106.96,14.346,18118667000,1839541000,1345560000,8120625000,16279126000,6775065000,3606990000,9998042000,10.28,7653000,134.2,99.8
2025-12-28,EOG,10.07,22653999000.0,10.28,-9524312000,0.504,55.69,,None,608511000,608511000,,,,,,,,,202524000,504844000,None,571283000,571283000,783764000,None,None,631394000,None,None,654258000,,3.945,0.038,,,,-0.085,0.34,2082563000,2736821000,2.37,2009-09-30,10.04,0,14111000000.0,3035707000,1965137000,705561000,0,0,None,62506000,None,240230000,None,None,2760000000,None,None,1259576000,None,None,None,0.332,,1031076000,2004631000,-27134000,294053000,None,609150000,None,,,,,2.308,1.854,2.494,,,,,,,,0.244,,15252555000,2025-10-30,quarterly,2.71,USD,pre-market,None,8502940000,0.0909,0.185,-0.024,41.34,125918000,2797000000,37000000,0,114.54,106.96,14.346,17221293000,1831689000,1201151000,7703553000,15389604000,6502402000,3606990000,9517740000,10.28,7895000,134.2,99.8
2025-12-28,EOG,10.07,22653999000.0,10.28,None,0.504,55.69,,None,706964000,706964000,,,,,,,,,202505000,496414000,None,571283000,571283000,720053000,None,None,589340000,None,None,654258000,,3.945,0.038,,,,-0.085,0.34,2082563000,2736821000,2.37,2009-06-30,10.04,0,14111000000.0,3035707000,1965137000,705561000,0,0,None,62506000,None,243614000,None,None,2760000000,None,None,1259576000,None,None,None,0.332,,1031076000,2004631000,-19078000,354097000,None,550339000,None,,,,,2.308,1.854,2.494,,,,,,,,0.244,,14445679000,2025-10-30,quarterly,2.71,USD,pre-market,None,8535559000,0.0909,0.185,-0.024,41.34,125918000,2797000000,37000000,0,114.54,106.96,14.346,16792752000,2210276000,1189620000,7533230000,14582476000,6343610000,3606990000,9259522000,10.28,-4173000,134.2,99.8
2025-12-28,EOG,10.07,22653999000.0,10.28,None,0.504,55.69,,None,85214000,85214000,,,,,,,,,202503000,500408000,None,571283000,571283000,774434000,None,None,563318000,None,None,654258000,,3.945,0.038,,,,-0.085,0.34,2082563000,2736821000,2.37,2009-03-31,10.04,None,14111000000.0,3035707000,1965137000,705561000,None,None,None,62506000,None,242627000,None,None,2105100000,None,None,1259576000,None,None,None,0.332,,1031076000,2004631000,-5199000,429997000,None,None,None,,,,,2.308,1.854,2.494,,,,,,,,0.244,,14006530000,2025-10-30,quarterly,2.71,USD,pre-market,None,8588650000,0.0909,0.185,-0.024,41.34,125918000,2105100000,None,None,114.54,106.96,14.346,15983709000,1809739000,1283297000,6868172000,14173970000,5584875000,3606990000,9115537000,10.28,-3132000,134.2,99.8
2025-12-28,EOG,10.07,22653999000.0,10.28,None,0.504,55.69,,None,331311000,331311000,,,,,,,,,202498000,494310000,None,571283000,571283000,1122209000,None,None,749748000,None,None,654258000,,3.945,0.038,,,,-0.085,0.34,2082563000,2736821000,2.37,2008-12-31,10.04,None,14111000000.0,3035707000,1965137000,705561000,None,None,None,62506000,None,187970000,None,None,1860000000,None,None,1259576000,None,None,None,0.332,,1031076000,2004631000,-27053000,519442000,None,None,None,,,,,2.308,1.854,2.494,,,,,,,,0.244,,13657302000,2025-10-30,quarterly,2.71,USD,pre-market,None,8466143000,0.0909,0.185,-0.024,41.34,125918000,1897000000,37000000,None,114.54,106.96,14.346,15951226000,2108451000,1764916000,6936729000,13842775000,5171813000,3606990000,9014497000,10.28,-5736000,134.2,99.8
2025-12-28,EOG,10.07,22653999000.0,10.28,None,0.504,55.69,,None,885977000,885977000,,,,,,,,,202498000,501860000,None,571283000,571283000,1340822000,None,None,1057174000,None,None,654258000,,3.945,0.038,,,,-0.085,0.34,2082563000,2736821000,2.37,2008-09-30,10.04,None,14111000000.0,3035707000,1965137000,705561000,None,None,None,62506000,None,146571000,None,None,1860000000,None,None,1259576000,None,None,None,0.332,,1031076000,2004631000,-8789000,319004000,None,None,None,,,,,2.308,1.854,2.494,,,,,,,,0.244,,13132370000,2025-10-30,quarterly,2.71,USD,pre-market,None,8038477000,0.0909,0.185,-0.024,41.34,125918000,1897000000,37000000,None,114.54,106.96,14.346,15832730000,2476517000,1833080000,6912770000,13356213000,5079690000,3606990000,8919960000,10.28,-5125000,134.2,99.8
2025-12-28,EOG,10.07,22653999000.0,10.28,None,0.504,55.69,,None,108101000,108101000,,,,,,,,,202495000,502270000,None,571283000,571283000,1379602000,None,None,1468002000,None,None,654258000,,3.945,0.038,,,,-0.085,0.34,2082563000,2736821000,2.37,2008-06-30,10.04,None,14111000000.0,3035707000,1965137000,705561000,None,None,None,62506000,None,109971000,None,None,1147000000,None,None,1259576000,None,None,None,0.332,,1031076000,2004631000,-239442000,927849000,None,None,None,,,,,2.308,1.854,2.494,,,,,,,,0.244,,11988720000,2025-10-30,quarterly,2.71,USD,pre-market,None,6515795000,0.0909,0.185,-0.024,41.34,125918000,1147000000,None,None,114.54,106.96,14.346,14224767000,2088097000,2445040000,6798596000,12136670000,4353556000,3606990000,7426171000,10.28,-16340000,134.2,99.8
2025-12-28,EOG,10.07,22653999000.0,10.28,None,0.504,55.69,,None,204938000,204938000,,,,,,,,,202495000,499526000,None,571283000,571283000,1208751000,None,None,1143017000,None,None,654258000,,3.945,0.038,,,,-0.085,0.34,2082563000,2736821000,2.37,2008-03-31,10.04,None,14111000000.0,3035707000,1965137000,705561000,None,None,None,62506000,None,98565000,None,None,1185000000,None,None,1259576000,None,None,None,0.332,,1031076000,2004631000,-132997000,411027000,None,None,None,,,,,2.308,1.854,2.494,,,,,,,,0.244,,11144551000,2025-10-30,quarterly,2.71,USD,pre-market,None,6367524000,0.0909,0.185,-0.024,41.34,125918000,1185000000,None,None,114.54,106.96,14.346,12950559000,1690246000,1724918000,5760038000,11260313000,4035120000,3606990000,7190521000,10.28,-31440000,134.2,99.8
2025-12-28,EOG,10.07,22653999000.0,10.28,None,0.504,55.69,,None,54231000,54231000,,,,,,,,,202495000,486972000,None,571283000,571283000,1152140000,None,None,946040000,None,None,654258000,,3.945,0.038,,,,-0.085,0.34,2082563000,2736821000,2.37,2007-12-31,10.04,None,14111000000.0,3035707000,1965137000,705561000,None,None,None,62506000,None,102322000,None,None,1185000000,None,None,1259576000,None,None,None,0.332,,1031076000,2004631000,-110370000,217383000,None,None,None,,,,,2.308,1.854,2.494,,,,,,,,0.244,,10429254000,2025-10-30,quarterly,2.71,USD,pre-market,None,6156721000,0.0909,0.185,-0.024,41.34,125918000,1185000000,None,None,114.54,106.96,14.346,12088907000,1292039000,1474170000,5098813000,10796868000,3624643000,3606990000,6990094000,10.28,-61903000,134.2,99.8
2025-12-28,EOG,10.07,22653999000.0,10.28,None,0.504,55.69,,None,301944000,301944000,,,,,,,,,202495000,494850000,None,571283000,571283000,964515000,None,None,771331000,None,None,654258000,,3.945,0.038,,,,-0.085,0.34,2082563000,2736821000,2.37,2007-09-30,10.04,None,14111000000.0,3035707000,1965137000,705561000,None,None,None,62506000,None,109838000,None,None,1185000000,None,None,1259576000,None,None,None,0.332,,1031076000,2004631000,-92569000,176078000,None,None,None,,,,,2.308,1.854,2.494,,,,,,,,0.244,,10034206000,2025-10-30,quarterly,2.71,USD,pre-market,None,5820884000,0.0909,0.185,-0.024,41.34,125918000,1283442000,98442000,None,114.54,106.96,14.346,11467707000,1310225000,1341553000,4840559000,10157482000,3499006000,3606990000,6627148000,10.28,-76022000,134.2,99.8
2025-12-28,EOG,10.07,22653999000.0,10.28,None,0.504,55.69,,None,58534000,58534000,,,,,,,,,202495000,494522000,None,571283000,571283000,925829000,None,None,781578000,None,None,654258000,,3.945,0.038,,,,-0.085,0.34,2082563000,2736821000,2.37,2007-06-30,10.04,None,14111000000.0,3035707000,1965137000,705561000,None,None,None,62506000,None,116300000,None,None,883842000,None,None,1259576000,None,None,None,0.332,,1031076000,2004631000,-39671000,131331000,None,None,None,,,,,2.308,1.854,2.494,,,,,,,,0.244,,9339856000,2025-10-30,quarterly,2.71,USD,pre-market,None,5640660000,0.0909,0.185,-0.024,41.34,125918000,883842000,None,None,114.54,106.96,14.346,10524264000,1063768000,1158532000,4231675000,9460496000,3073143000,3606990000,6292589000,10.28,-95029000,134.2,99.8
2025-12-28,EOG,10.07,22653999000.0,10.28,None,0.504,55.69,,None,141700000,141700000,,,,,,,,,202495000,493354000,None,571283000,571283000,924644000,None,None,776433000,None,None,654258000,,3.945,0.038,,,,-0.085,0.34,2082563000,2736821000,2.37,2007-03-31,10.04,None,14111000000.0,3035707000,1965137000,705561000,None,None,None,62506000,None,122461000,None,None,820042000,None,None,1259576000,None,None,None,0.332,,1031076000,2004631000,-42202000,93708000,None,None,None,,,,,2.308,1.854,2.494,,,,,,,,0.244,,8580838000,2025-10-30,quarterly,2.71,USD,pre-market,None,5356647000,0.0909,0.185,-0.024,41.34,125918000,820042000,None,None,114.54,106.96,14.346,9826854000,1128106000,1098546000,3981190000,8698748000,2882644000,3606990000,5845664000,10.28,-101667000,134.2,99.8
2025-12-28,EOG,10.07,22653999000.0,10.28,None,0.504,55.69,,None,218255000,218255000,,,,,,,,,202495000,483822000,None,571283000,571283000,896572000,None,None,848445000,None,None,654258000,,3.945,0.038,,,,-0.085,0.34,2082563000,2736821000,2.37,2006-12-31,10.04,None,14111000000.0,3035707000,1965137000,705561000,None,None,None,62506000,None,113591000,None,None,733442000,None,None,1259576000,None,None,None,0.332,,1031076000,2004631000,-94311000,227456000,None,None,None,,,,,2.308,1.854,2.494,,,,,,,,0.244,,7944047000,2025-10-30,quarterly,2.71,USD,pre-market,None,5151034000,0.0909,0.185,-0.024,41.34,125918000,733442000,None,None,114.54,106.96,14.346,9402160000,1350080000,1255012000,3802489000,8052080000,2547477000,3606990000,5599671000,10.28,-113435000,134.2,99.8
2025-12-28,EOG,10.07,22653999000.0,10.28,None,0.504,55.69,,None,595931000,595931000,,,,,,,,,202495000,492272000,None,571283000,571283000,794588000,None,None,656523000,None,None,654258000,,3.945,0.038,,,,-0.085,0.34,2082563000,2736821000,2.37,2006-09-30,10.04,None,14111000000.0,3035707000,1965137000,705561000,None,None,None,62506000,None,117385000,None,None,705442000,None,None,1259576000,None,None,None,0.332,,1031076000,2004631000,213162000,196409000,None,None,None,,,,,2.308,1.854,2.494,,,,,,,,0.244,,7454176000,2025-10-30,quarterly,2.71,USD,pre-market,None,4928453000,0.0909,0.185,-0.024,41.34,125918000,829517000,124075000,None,114.54,106.96,14.346,9165016000,1583001000,1258968000,3690783000,7582015000,2431815000,3606990000,5474233000,10.28,-118893000,134.2,99.8
2025-12-28,EOG,10.07,22653999000.0,10.28,None,0.504,55.69,,None,759108000,759108000,,,,,,,,,202495000,491774000,None,571283000,571283000,680575000,None,None,597564000,None,None,654258000,,3.945,0.038,,,,-0.085,0.34,2082563000,2736821000,2.37,2006-06-30,10.04,None,14111000000.0,3035707000,1965137000,705561000,None,None,None,62506000,None,98430000,None,None,768442000,None,None,1259576000,None,None,None,0.332,,1031076000,2004631000,143608000,146717000,None,None,None,,,,,2.308,1.854,2.494,,,,,,,,0.244,,6934017000,2025-10-30,quarterly,2.71,USD,pre-market,None,4645763000,0.0909,0.185,-0.024,41.34,125918000,892517000,124075000,None,114.54,106.96,14.346,8642157000,1598710000,1082517000,3493761000,7043447000,2411244000,3606990000,5148396000,10.28,-133722000,134.2,99.8
2025-12-28,EOG,10.07,22653999000.0,10.28,None,0.504,55.69,,None,821327000,821327000,,,,,,,,,202495000,491846000,None,571283000,571283000,673914000,None,None,627667000,None,None,654258000,,3.945,0.038,,,,-0.085,0.34,2082563000,2736821000,2.37,2006-03-31,10.04,None,14111000000.0,3035707000,1965137000,705561000,None,None,None,62506000,None,76638000,None,None,808667000,None,None,1259576000,None,None,None,0.332,,1031076000,2004631000,139126000,100176000,None,None,None,,,,,2.308,1.854,2.494,,,,,,,,0.244,,6472821000,2025-10-30,quarterly,2.71,USD,pre-market,None,4330772000,0.0909,0.185,-0.024,41.34,125918000,932742000,124075000,None,114.54,106.96,14.346,8243390000,1664758000,1067525000,3500030000,6578632000,2432505000,3606990000,4743360000,10.28,-125676000,134.2,99.8
2025-12-28,EOG,10.07,22653999000.0,10.28,None,0.504,55.69,,None,643811000,643811000,,,,,,,,,202495000,478688000,None,571283000,571283000,679548000,None,None,762462000,None,None,654258000,,3.945,0.038,,,,-0.085,0.34,2082563000,2736821000,2.37,2005-12-31,10.04,None,14111000000.0,3035707000,1965137000,705561000,None,None,None,62506000,None,63215000,None,None,858992000,None,None,1259576000,None,None,None,0.332,,1031076000,2004631000,-255000,225516000,None,None,None,,,,,2.308,1.854,2.494,,,,,,,,0.244,,6087179000,2025-10-30,quarterly,2.71,USD,pre-market,None,3920483000,0.0909,0.185,-0.024,41.34,125918000,985067000,126075000,None,114.54,106.96,14.346,7753320000,1563238000,1172041000,3437028000,6190082000,2264987000,3606990000,4316292000,10.28,-131344000,134.2,99.8
2025-12-28,EOG,10.07,22653999000.0,10.28,None,0.504,55.69,,None,341061000,341061000,,,,,,,,,202495000,489800000,None,571283000,571283000,508815000,None,None,631320000,None,None,654258000,,3.945,0.038,,,,-0.085,0.34,2082563000,2736821000,2.37,2005-09-30,10.04,None,14111000000.0,3035707000,1965137000,705561000,None,None,None,62506000,None,54887000,None,None,1042772000,None,None,1259576000,None,None,None,0.332,,1031076000,2004631000,88610000,166830000,None,None,None,,,,,2.308,1.854,2.494,,,,,,,,0.244,,5780413000,2025-10-30,quarterly,2.71,USD,pre-market,None,3468406000,0.0909,0.185,-0.024,41.34,125918000,1042772000,None,None,114.54,106.96,14.346,7026553000,1144012000,773258000,3175098000,5882541000,2401840000,3606990000,3851455000,10.28,-140725000,134.2,99.8
2025-12-28,EOG,10.07,22653999000.0,10.28,None,0.504,55.69,,379000000,7092000000,7092000000,,,,,,,,,206000000,569000000,None,571283000,571283000,2464000000,None,500000000,2650000000,None,None,654258000,,3.945,0.038,,,,-0.085,0.34,2082563000,2736821000,2.37,2024-12-31,10.04,None,14111000000.0,3035707000,1965137000,705561000,None,None,None,62506000,None,985000000,None,None,4188000000,None,None,1259576000,None,None,None,0.332,,1031076000,2004631000,503000000,1036000000,None,2395000000,None,,,,,2.308,1.854,2.494,,,,,,,,0.244,,35217000000,2025-10-30,annual,2.71,USD,pre-market,None,26941000000,0.0909,0.185,-0.024,41.34,125918000,5067000000,847000000,None,114.54,106.96,14.346,47186000000,11230000000,5354000000,17835000000,35956000000,12481000000,3606990000,29351000000,10.28,None,134.2,99.8
2025-12-28,EOG,10.07,22653999000.0,10.28,None,0.504,55.69,,1184000000,5278000000,5278000000,,,,,,,,,206000000,584000000,None,571283000,571283000,2437000000,None,34000000,2716000000,None,None,654258000,,3.945,0.038,,,,-0.085,0.34,2082563000,2736821000,2.37,2023-12-31,10.04,None,14111000000.0,3035707000,1965137000,705561000,None,None,None,62506000,None,1275000000,None,None,3582000000,None,None,1259576000,None,None,None,0.332,,1031076000,2004631000,666000000,778000000,None,1850000000,None,,,,,2.308,1.854,2.494,,,,,,,,0.244,,33271000000,2025-10-30,annual,2.71,USD,pre-market,None,22634000000,0.0909,0.185,-0.024,41.34,125918000,4158000000,393000000,None,114.54,106.96,14.346,43857000000,9935000000,4074000000,15767000000,33922000000,11693000000,3606990000,28090000000,10.28,None,134.2,99.8
2025-12-28,EOG,10.07,22653999000.0,10.28,None,0.504,55.69,,1095000000,5972000000,5972000000,,,,,,,,,206000000,587000000,None,571283000,571283000,2532000000,None,1283000000,2871000000,None,None,654258000,,3.945,0.038,,,,-0.085,0.34,2082563000,2736821000,2.37,2022-12-31,10.04,None,14111000000.0,3035707000,1965137000,705561000,None,None,None,62506000,None,1058000000,None,None,3580000000,None,None,1259576000,None,None,None,0.332,,1031076000,2004631000,574000000,997000000,None,1990000000,None,,,,,2.308,1.854,2.494,,,,,,,,0.244,,30275000000,2025-10-30,annual,2.71,USD,pre-market,None,18472000000,0.0909,0.185,-0.024,41.34,125918000,5958000000,1579000000,None,114.54,106.96,14.346,41371000000,10475000000,5513000000,16592000000,30896000000,11079000000,3606990000,24779000000,10.28,None,134.2,99.8
2025-12-28,EOG,10.07,22653999000.0,10.28,None,0.504,55.69,,1048000000,5209000000,5209000000,,,,,,,,,206000000,584000000,None,571283000,571283000,2242000000,None,37000000,2335000000,None,None,654258000,,3.945,0.038,,,,-0.085,0.34,2082563000,2736821000,2.37,2021-12-31,10.04,None,14111000000.0,3035707000,1965137000,705561000,None,None,None,62506000,None,584000000,None,None,5072000000,None,None,1259576000,None,None,None,0.332,,1031076000,2004631000,456000000,1005000000,None,2193000000,None,,,,,2.308,1.854,2.494,,,,,,,,0.244,,28426000000,2025-10-30,annual,2.71,USD,pre-market,None,15919000000,0.0909,0.185,-0.024,41.34,125918000,5907000000,277000000,None,114.54,106.96,14.346,38236000000,8584000000,4042000000,16056000000,29652000000,12014000000,3606990000,22180000000,10.28,-20000000,134.2,99.8
2025-12-28,EOG,10.07,22653999000.0,10.28,None,0.504,55.69,,295089000,3329000000,3329000000,,,,,,,,,205837000,578949000,None,571283000,571283000,1681000000,None,781054000,1545293000,None,None,654258000,,3.945,0.038,,,,-0.085,0.34,2082563000,2736821000,2.37,2020-12-31,10.04,None,14111000000.0,3035707000,1965137000,705561000,None,None,None,62506000,None,629000000,None,None,5035351000,None,None,1259576000,None,None,None,0.332,,1031076000,2004631000,358707000,497246000,None,2147932000,None,,,,,2.308,1.854,2.494,,,,,,,,0.244,,28598627000,2025-10-30,annual,2.71,USD,pre-market,None,14169969000,0.0909,0.185,-0.024,41.34,125918000,6752000000,1076000000,64559000,114.54,106.96,14.346,35805000000,5862000000,3460000000,15502714000,29943000000,12043000000,3606990000,20301887000,10.28,-6615000,134.2,99.8
2025-12-28,EOG,10.07,22653999000.0,10.28,None,0.504,55.69,,369365000,2027972000,2027972000,,,,,,,,,205822000,580777000,None,571283000,571283000,2429127000,None,1014524000,2153323000,None,None,654258000,,3.945,0.038,,,,-0.085,0.34,2082563000,2736821000,2.37,2019-12-31,10.04,None,14111000000.0,3035707000,1965137000,705561000,None,None,None,62506000,None,767297000,None,None,4160919000,None,None,1259576000,None,None,None,0.332,,1031076000,2004631000,324747000,419122000,None,1789884000,None,,,,,2.308,1.854,2.494,,,,,,,,0.244,,30364595000,2025-10-30,annual,2.71,USD,pre-market,None,15648604000,0.0909,0.185,-0.024,41.34,125918000,5544808000,1383889000,1299000,114.54,106.96,14.346,37124608000,5273339000,4486988000,15483892000,31851269000,10996904000,3606990000,21640716000,10.28,-26533000,134.2,99.8
2025-12-28,EOG,10.07,22653999000.0,10.28,None,0.504,55.69,,None,1555634000,1555634000,,,,,,,,,205804000,580400000,None,571283000,571283000,2239850000,None,913093000,2343124000,None,None,654258000,,3.945,0.038,,,,-0.085,0.34,2082563000,2736821000,2.37,2018-12-31,10.04,None,14111000000.0,3035707000,1965137000,705561000,None,None,None,62506000,None,859359000,None,None,5170169000,None,None,1259576000,None,None,None,0.332,,1031076000,2004631000,299273000,360695000,None,1258355000,None,,,,,2.308,1.854,2.494,,,,,,,,0.244,,28075519000,2025-10-30,annual,2.71,USD,pre-market,None,13543130000,0.0909,0.185,-0.024,41.34,125918000,6083262000,913093000,23806000,114.54,106.96,14.346,33934474000,5057390000,3728364000,14570286000,28877084000,10841922000,3606990000,19364188000,10.28,-42182000,134.2,99.8
2025-12-28,EOG,10.07,22653999000.0,10.28,None,0.504,55.69,,None,834228000,834228000,,,,,,,,,205788000,578700000,None,571283000,571283000,1847131000,None,356235000,1710851000,None,None,654258000,,3.945,0.038,,,,-0.085,0.34,2082563000,2736821000,2.37,2017-12-31,10.04,0,14111000000.0,3035707000,1965137000,705561000,0,0,None,62506000,None,483865000,None,None,6030836000,None,None,1259576000,None,None,None,0.332,,1031076000,2004631000,250164000,373302000,None,1275213000,None,,,,,2.308,1.854,2.494,,,,,,,,0.244,,25665037000,2025-10-30,annual,2.71,USD,pre-market,None,10593533000,0.0909,0.185,-0.024,41.34,125918000,6387071000,356235000,7699000,114.54,106.96,14.346,29833078000,3279108000,2725542000,13549805000,26553970000,10824263000,3606990000,16283273000,10.28,-33298000,134.2,99.8
2025-12-28,EOG,10.07,22653999000.0,10.28,None,0.504,55.69,,None,1599895000,1599895000,,,,,,,,,205770000,553400000,None,571283000,571283000,1511826000,None,6579000,1228625000,None,None,654258000,,3.945,0.038,,,,-0.085,0.34,2082563000,2736821000,2.37,2016-12-31,10.04,0,14111000000.0,3035707000,1965137000,705561000,0,0,None,62506000,None,350017000,None,None,6979779000,None,None,1259576000,None,None,None,0.332,,1031076000,2004631000,376066000,390475000,None,1282142000,None,,,,,2.308,1.854,2.494,,,,,,,,0.244,,25707078000,2025-10-30,annual,2.71,USD,pre-market,None,8398118000,0.0909,0.185,-0.024,41.34,125918000,6986358000,6579000,0,114.54,106.96,14.346,29459433000,3554603000,2027291000,15477852000,25904830000,13450561000,3606990000,13981581000,10.28,-23682000,134.2,99.8
2025-12-28,EOG,10.07,22653999000.0,10.28,None,0.504,55.69,,None,718506000,718506000,,,,,,,,,205502000,545700000,None,571283000,571283000,1471953000,None,6579000,971314000,None,None,654258000,,3.945,0.038,,,,-0.085,0.34,2082563000,2736821000,2.37,2015-12-31,10.04,0,14111000000.0,3035707000,1965137000,705561000,0,0,None,62506000,None,598935000,None,None,6648911000,None,None,1259576000,None,None,None,0.332,,1031076000,2004631000,303489000,247137000,None,971335000,None,,,,,2.308,1.854,2.494,,,,,,,,0.244,,24210721000,2025-10-30,annual,2.71,USD,pre-market,None,9870816000,0.0909,0.185,-0.024,41.34,125918000,6655490000,6579000,0,114.54,106.96,14.346,26975244000,2592244000,1819287000,14032209000,24383000000,12212922000,3606990000,12943035000,10.28,-23406000,134.2,99.8
2025-12-28,EOG,10.07,22653999000.0,10.28,None,0.504,55.69,,None,2087213000,2087213000,,,,,,,,,205492000,548500000,None,571283000,571283000,2860548000,None,5909933000,1850932000,None,None,654258000,,3.945,0.038,,,,-0.085,0.34,2082563000,2736821000,2.37,2014-12-31,10.04,0,14111000000.0,3035707000,1965137000,705561000,0,0,None,62506000,None,706597000,None,None,5903354000,None,None,1259576000,None,None,None,0.332,,1031076000,2004631000,771279000,377083000,None,939497000,None,,,,,2.308,1.854,2.494,,,,,,,,0.244,,29172644000,2025-10-30,annual,2.71,USD,pre-market,None,14763098000,0.0909,0.185,-0.024,41.34,125918000,5909933000,6579000,0,114.54,106.96,14.346,34762687000,5416021000,3384308000,17050105000,29346666000,13665797000,3606990000,17712582000,10.28,-70102000,134.2,99.8
2025-12-28,EOG,10.07,22653999000.0,10.28,None,0.504,55.69,,None,1318209000,1318209000,,,,,,,,,202732000,546227000,None,571283000,571283000,2254418000,None,None,1663650000,None,None,654258000,,3.945,0.038,,,,-0.085,0.34,2082563000,2736821000,2.37,2013-12-31,10.04,0,14111000000.0,3035707000,1965137000,705561000,0,0,None,62506000,None,563268000,None,None,5906642000,None,None,1259576000,None,None,None,0.332,,1031076000,2004631000,526888000,281989000,None,865067000,None,,,,,2.308,1.854,2.494,,,,,,,,0.244,,26148836000,2025-10-30,annual,2.71,USD,pre-market,None,12168277000,0.0909,0.185,-0.024,41.34,125918000,5913221000,6579000,0,114.54,106.96,14.346,30574238000,4072015000,2861716000,15155779000,26502223000,12294063000,3606990000,15418459000,10.28,-15263000,134.2,99.8
2025-12-28,EOG,10.07,22653999000.0,10.28,None,0.504,55.69,,None,876435000,876435000,,,,,,,,,202720000,541600000,None,571283000,571283000,2078948000,None,None,1685781000,None,None,654258000,,3.945,0.038,,,,-0.085,0.34,2082563000,2736821000,2.37,2012-12-31,10.04,0,14111000000.0,3035707000,1965137000,705561000,0,0,None,62506000,None,683187000,None,None,5905602000,None,None,1259576000,None,None,None,0.332,,1031076000,2004631000,344481000,276448000,None,894758000,None,,,,,2.308,1.854,2.494,,,,,,,,0.244,,23337681000,2025-10-30,annual,2.71,USD,pre-market,None,10175631000,0.0909,0.185,-0.024,41.34,125918000,6312181000,406579000,0,114.54,106.96,14.346,27336578000,3589884000,2924058000,14051814000,23746694000,11127756000,3606990000,13284764000,10.28,-33822000,134.2,99.8
2025-12-28,EOG,10.07,22653999000.0,10.28,None,0.504,55.69,,None,615726000,615726000,,,,,,,,,202693000,532600000,None,571283000,571283000,2033615000,None,None,1477836000,None,None,654258000,,3.945,0.038,,,,-0.085,0.34,2082563000,2736821000,2.37,2011-12-31,10.04,0,14111000000.0,3035707000,1965137000,705561000,0,0,None,62506000,None,590594000,None,None,5009166000,None,None,1259576000,None,None,None,0.332,,1031076000,2004631000,569782000,163032000,None,799189000,None,,,,,2.308,1.854,2.494,,,,,,,,0.244,,21288824000,2025-10-30,annual,2.71,USD,pre-market,None,9789345000,0.0909,0.185,-0.024,41.34,125918000,5198849000,189683000,0,114.54,106.96,14.346,24838797000,3253938000,2522319000,12197893000,21584859000,9675574000,3606990000,12640904000,10.28,-24932000,134.2,99.8
2025-12-28,EOG,10.07,22653999000.0,10.28,None,0.504,55.69,,None,788853000,788853000,,,,,,,,,202542000,509000000,None,571283000,571283000,1664944000,None,None,1168195000,None,None,654258000,,3.945,0.038,,,,-0.085,0.34,2082563000,2736821000,2.37,2010-12-31,10.04,0,14111000000.0,3035707000,1965137000,705561000,0,0,None,62506000,None,415792000,None,None,5003341000,None,None,1259576000,None,None,None,0.332,,1031076000,2004631000,106453000,252987000,None,667455000,None,,,,,2.308,1.854,2.494,,,,,,,,0.244,,18680900000,2025-10-30,annual,2.71,USD,pre-market,None,8870179000,0.0909,0.185,-0.024,41.34,125918000,5223341000,220000000,0,114.54,106.96,14.346,21624233000,2527446000,2220099000,11392601000,19096787000,9172502000,3606990000,10231632000,10.28,-11152000,134.2,99.8
2025-12-28,EOG,10.07,22653999000.0,10.28,-9825218000,0.504,55.69,,None,685751000,685751000,,,,,,,,,202526000,503800000,None,571283000,571283000,979139000,None,None,808426000,None,None,654258000,,3.945,0.038,,,,-0.085,0.34,2082563000,2736821000,2.37,2009-12-31,10.04,0,14111000000.0,3035707000,1965137000,705561000,0,0,None,62506000,None,261723000,None,None,2760000000,None,None,1259576000,None,None,None,0.332,,1031076000,2004631000,62726000,236563000,None,632652000,None,,,,,2.308,1.854,2.494,,,,,,,,0.244,,16139225000,2025-10-30,annual,2.71,USD,pre-market,None,8866747000,0.0909,0.185,-0.024,41.34,125918000,2797000000,37000000,0,114.54,106.96,14.346,18118667000,1839541000,1345560000,8120625000,16279126000,6775065000,3606990000,9998042000,10.28,7653000,134.2,99.8
2025-12-28,EOG,10.07,22653999000.0,10.28,None,0.504,55.69,,None,331311000,331311000,,,,,,,,,202498000,501084000,None,571283000,571283000,1122209000,None,None,749748000,None,None,654258000,,3.945,0.038,,,,-0.085,0.34,2082563000,2736821000,2.37,2008-12-31,10.04,None,14111000000.0,3035707000,1965137000,705561000,None,None,None,62506000,None,187970000,None,None,1860000000,None,None,1259576000,None,None,None,0.332,,1031076000,2004631000,59939000,519442000,None,None,None,,,,,2.308,1.854,2.494,,,,,,,,0.244,,13657302000,2025-10-30,annual,2.71,USD,pre-market,None,8466143000,0.0909,0.185,-0.024,41.34,125918000,1897000000,37000000,None,114.54,106.96,14.346,15951226000,2108451000,1764916000,6936729000,13842775000,5171813000,3606990000,9014497000,10.28,-5736000,134.2,99.8
2025-12-28,EOG,10.07,22653999000.0,10.28,None,0.504,55.69,,None,54231000,54231000,,,,,,,,,202495000,495274000,None,571283000,571283000,1152140000,None,None,946040000,None,None,654258000,,3.945,0.038,,,,-0.085,0.34,2082563000,2736821000,2.37,2007-12-31,10.04,None,14111000000.0,3035707000,1965137000,705561000,None,None,None,62506000,None,102322000,None,None,1185000000,None,None,1259576000,None,None,None,0.332,,1031076000,2004631000,88534000,217383000,None,None,None,,,,,2.308,1.854,2.494,,,,,,,,0.244,,10429254000,2025-10-30,annual,2.71,USD,pre-market,None,6156721000,0.0909,0.185,-0.024,41.34,125918000,1185000000,None,None,114.54,106.96,14.346,12088907000,1292039000,1474170000,5098813000,10796868000,3624643000,3606990000,6990094000,10.28,-61903000,134.2,99.8
2025-12-28,EOG,10.07,22653999000.0,10.28,None,0.504,55.69,,None,218255000,218255000,,,,,,,,,202495000,492200000,None,571283000,571283000,896572000,None,None,848445000,None,None,654258000,,3.945,0.038,,,,-0.085,0.34,2082563000,2736821000,2.37,2006-12-31,10.04,None,14111000000.0,3035707000,1965137000,705561000,None,None,None,62506000,None,113591000,None,None,733442000,None,None,1259576000,None,None,None,0.332,,1031076000,2004631000,169789000,227456000,None,None,None,,,,,2.308,1.854,2.494,,,,,,,,0.244,,7944047000,2025-10-30,annual,2.71,USD,pre-market,None,5151034000,0.0909,0.185,-0.024,41.34,125918000,733442000,None,None,114.54,106.96,14.346,9402160000,1350080000,1255012000,3802489000,8052080000,2547477000,3606990000,5599671000,10.28,-113435000,134.2,99.8
2025-12-28,EOG,10.07,22653999000.0,10.28,None,0.504,55.69,,None,643811000,643811000,,,,,,,,,202495000,487950000,None,571283000,571283000,679548000,None,None,762462000,None,None,654258000,,3.945,0.038,,,,-0.085,0.34,2082563000,2736821000,2.37,2005-12-31,10.04,None,14111000000.0,3035707000,1965137000,705561000,None,None,None,62506000,None,63215000,None,None,858992000,None,None,1259576000,None,None,None,0.332,,1031076000,2004631000,93750000,225516000,None,None,None,,,,,2.308,1.854,2.494,,,,,,,,0.244,,6087179000,2025-10-30,annual,2.71,USD,pre-market,None,3920483000,0.0909,0.185,-0.024,41.34,125918000,985067000,126075000,None,114.54,106.96,14.346,7753320000,1563238000,1172041000,3437028000,6190082000,2264987000,3606990000,4316292000,10.28,-131344000,134.2,99.8
2025-12-28,EOG,10.07,22653999000.0,10.28,None,0.504,55.69,1663000000,None,643811000,643811000,1167000000,-5963000000,None,None,4000000,None,None,None,202495000,487950000,None,571283000,571283000,679548000,None,None,762462000,None,None,654258000,1169000000,3.945,0.038,545000000,545000000,None,-0.085,0.34,2082563000,2736821000,2.37,2025-09-30,10.04,None,14111000000.0,3035707000,1965137000,705561000,None,None,None,62506000,None,63215000,None,None,858992000,None,None,1471000000,None,None,None,0.332,3111000000,1031076000,2004631000,93750000,225516000,None,None,None,None,None,None,None,2.308,1.854,2.494,None,None,None,None,None,-479000000,None,0.244,None,6087179000,2025-10-30,quarterly,2.71,USD,pre-market,None,3920483000,0.0909,0.185,-0.024,41.34,125918000,985067000,126075000,None,114.54,106.96,14.346,7753320000,1563238000,1172041000,3437028000,6190082000,2264987000,3606990000,4316292000,10.28,-131344000,134.2,99.8
2025-12-28,EOG,10.07,22653999000.0,10.28,None,0.504,55.69,1793000000,None,643811000,643811000,-1635000000,-1781000000,None,None,-45000000,None,None,None,202495000,487950000,None,571283000,571283000,679548000,None,None,762462000,None,None,654258000,1053000000,3.945,0.038,528000000,528000000,None,-0.085,0.34,2082563000,2736821000,2.37,2025-06-30,10.04,None,14111000000.0,3035707000,1965137000,705561000,None,None,None,62506000,None,63215000,None,None,858992000,None,None,1345000000,None,None,None,0.332,2032000000,1031076000,2004631000,93750000,225516000,None,None,None,None,None,None,None,2.308,1.854,2.494,None,None,None,None,None,-602000000,None,0.244,None,6087179000,2025-10-30,quarterly,2.71,USD,pre-market,None,3920483000,0.0909,0.185,-0.024,41.34,125918000,985067000,126075000,None,114.54,106.96,14.346,7753320000,1563238000,1172041000,3437028000,6190082000,2264987000,3606990000,4316292000,10.28,-131344000,134.2,99.8
2025-12-28,EOG,10.07,22653999000.0,10.28,None,0.504,55.69,1483000000,None,643811000,643811000,-1352000000,-1430000000,None,None,76000000,None,None,None,202495000,487950000,None,571283000,571283000,679548000,None,None,762462000,None,None,654258000,1013000000,3.945,0.038,538000000,538000000,None,-0.085,0.34,2082563000,2736821000,2.37,2025-03-31,10.04,None,14111000000.0,3035707000,1965137000,705561000,None,None,None,62506000,None,63215000,None,None,858992000,None,None,1463000000,None,None,None,0.332,2289000000,1031076000,2004631000,93750000,225516000,None,None,None,None,None,None,None,2.308,1.854,2.494,None,None,None,None,None,-806000000,None,0.244,None,6087179000,2025-10-30,quarterly,2.71,USD,pre-market,None,3920483000,0.0909,0.185,-0.024,41.34,125918000,985067000,126075000,None,114.54,106.96,14.346,7753320000,1563238000,1172041000,3437028000,6190082000,2264987000,3606990000,4316292000,10.28,-131344000,134.2,99.8
2025-12-28,EOG,10.07,22653999000.0,10.28,None,0.504,55.69,1365000000,None,643811000,643811000,-516000000,-1276000000,None,None,37000000,None,None,None,202495000,487950000,None,571283000,571283000,679548000,None,None,762462000,None,None,654258000,1019000000,3.945,0.038,509000000,509000000,None,-0.085,0.34,2082563000,2736821000,2.37,2024-12-31,10.04,None,14111000000.0,3035707000,1965137000,705561000,None,None,None,62506000,None,63215000,None,None,858992000,None,None,1251000000,None,None,None,0.332,2763000000,1031076000,2004631000,93750000,225516000,None,None,None,None,None,None,None,2.308,1.854,2.494,None,None,None,None,None,-993000000,None,0.244,None,6087179000,2025-10-30,quarterly,2.71,USD,pre-market,None,3920483000,0.0909,0.185,-0.024,41.34,125918000,985067000,126075000,None,114.54,106.96,14.346,7753320000,1563238000,1172041000,3437028000,6190082000,2264987000,3606990000,4316292000,10.28,-131344000,134.2,99.8
2025-12-28,EOG,10.07,22653999000.0,10.28,None,0.504,55.69,1502000000,None,643811000,643811000,-1336000000,-1561000000,None,None,30000000,None,None,None,202495000,487950000,None,571283000,571283000,679548000,None,None,762462000,None,None,654258000,991000000,3.945,0.038,533000000,533000000,None,-0.085,0.34,2082563000,2736821000,2.37,2024-09-30,10.04,None,14111000000.0,3035707000,1965137000,705561000,None,None,None,62506000,None,63215000,None,None,858992000,None,None,1673000000,None,None,None,0.332,3588000000,1031076000,2004631000,93750000,225516000,None,None,None,None,None,None,None,2.308,1.854,2.494,None,None,None,None,None,-795000000,None,0.244,None,6087179000,2025-10-30,quarterly,2.71,USD,pre-market,None,3920483000,0.0909,0.185,-0.024,41.34,125918000,985067000,126075000,None,114.54,106.96,14.346,7753320000,1563238000,1172041000,3437028000,6190082000,2264987000,3606990000,4316292000,10.28,-131344000,134.2,99.8
2025-12-28,EOG,10.07,22653999000.0,10.28,None,0.504,55.69,1670000000,None,643811000,643811000,-1217000000,-1533000000,None,None,75000000,None,None,None,202495000,487950000,None,571283000,571283000,679548000,None,None,762462000,None,None,654258000,1034000000,3.945,0.038,520000000,520000000,None,-0.085,0.34,2082563000,2736821000,2.37,2024-06-30,10.04,None,14111000000.0,3035707000,1965137000,705561000,None,None,None,62506000,None,63215000,None,None,858992000,None,None,1690000000,None,None,None,0.332,2889000000,1031076000,2004631000,93750000,225516000,None,None,None,None,None,None,None,2.308,1.854,2.494,None,None,None,None,None,-699000000,None,0.244,None,6087179000,2025-10-30,quarterly,2.71,USD,pre-market,None,3920483000,0.0909,0.185,-0.024,41.34,125918000,985067000,126075000,None,114.54,106.96,14.346,7753320000,1563238000,1172041000,3437028000,6190082000,2264987000,3606990000,4316292000,10.28,-131344000,134.2,99.8
2025-12-28,EOG,10.07,22653999000.0,10.28,None,0.504,55.69,1835000000,None,643811000,643811000,-1292000000,-1597000000,None,None,117000000,None,None,None,202495000,487950000,None,571283000,571283000,679548000,None,None,762462000,None,None,654258000,1092000000,3.945,0.038,525000000,525000000,None,-0.085,0.34,2082563000,2736821000,2.37,2024-03-31,10.04,None,14111000000.0,3035707000,1965137000,705561000,None,None,None,62506000,None,63215000,None,None,858992000,None,None,1789000000,None,None,None,0.332,2903000000,1031076000,2004631000,93750000,225516000,None,None,None,None,None,None,None,2.308,1.854,2.494,None,None,None,None,None,-759000000,None,0.244,None,6087179000,2025-10-30,quarterly,2.71,USD,pre-market,None,3920483000,0.0909,0.185,-0.024,41.34,125918000,985067000,126075000,None,114.54,106.96,14.346,7753320000,1563238000,1172041000,3437028000,6190082000,2264987000,3606990000,4316292000,10.28,-131344000,134.2,99.8
2025-12-28,EOG,10.07,22653999000.0,10.28,None,0.504,55.69,1522000000,None,643811000,643811000,-1653000000,-1499000000,None,None,100000000,None,None,None,202495000,487950000,None,571283000,571283000,679548000,None,None,762462000,None,None,654258000,711000000,3.945,0.038,1345000000,1345000000,None,-0.085,0.34,2082563000,2736821000,2.37,2023-12-31,10.04,None,14111000000.0,3035707000,1965137000,705561000,None,None,None,62506000,None,63215000,None,None,858992000,None,None,1988000000,None,None,None,0.332,3104000000,1031076000,2004631000,93750000,225516000,None,None,None,None,None,None,None,2.308,1.854,2.494,None,None,None,None,None,-310000000,None,0.244,None,6087179000,2025-10-30,quarterly,2.71,USD,pre-market,None,3920483000,0.0909,0.185,-0.024,41.34,125918000,985067000,126075000,None,114.54,106.96,14.346,7753320000,1563238000,1172041000,3437028000,6190082000,2264987000,3606990000,4316292000,10.28,-131344000,134.2,99.8
2025-12-28,EOG,10.07,22653999000.0,10.28,None,0.504,55.69,1518000000,None,643811000,643811000,-610000000,-4841000000,None,None,-28000000,None,None,None,202495000,487950000,None,571283000,571283000,679548000,None,None,762462000,None,None,654258000,874000000,3.945,0.038,494000000,494000000,None,-0.085,0.34,2082563000,2736821000,2.37,2023-09-30,10.04,None,14111000000.0,3035707000,1965137000,705561000,None,None,None,62506000,None,63215000,None,None,858992000,None,None,2030000000,None,None,None,0.332,2704000000,1031076000,2004631000,93750000,225516000,None,None,None,None,None,None,None,2.308,1.854,2.494,None,None,None,None,None,-109000000,None,0.244,None,6087179000,2025-10-30,quarterly,2.71,USD,pre-market,None,3920483000,0.0909,0.185,-0.024,41.34,125918000,985067000,126075000,None,114.54,106.96,14.346,7753320000,1563238000,1172041000,3437028000,6190082000,2264987000,3606990000,4316292000,10.28,-131344000,134.2,99.8
2025-12-28,EOG,10.07,22653999000.0,10.28,None,0.504,55.69,1521000000,None,643811000,643811000,-789000000,-1742000000,-254000000,None,-226000000,None,None,137000000,202495000,487950000,None,571283000,571283000,679548000,None,None,762462000,None,None,654258000,809000000,3.945,0.038,480000000,480000000,None,-0.085,0.34,2082563000,2736821000,2.37,2023-06-30,10.04,None,14111000000.0,3035707000,1965137000,705561000,None,None,None,62506000,None,63215000,None,None,858992000,None,None,1553000000,None,None,None,0.332,2277000000,1031076000,2004631000,93750000,225516000,None,None,None,None,None,None,None,2.308,1.854,2.494,None,None,None,None,None,-302000000,None,0.244,None,6087179000,2025-10-30,quarterly,2.71,USD,pre-market,None,3920483000,0.0909,0.185,-0.024,41.34,125918000,985067000,126075000,None,114.54,106.96,14.346,7753320000,1563238000,1172041000,3437028000,6190082000,2264987000,3606990000,4316292000,10.28,-131344000,134.2,99.8
2025-12-28,EOG,10.07,22653999000.0,10.28,None,0.504,55.69,1624000000,None,643811000,643811000,-2642000000,-1567000000,-954000000,None,-77000000,None,None,338000000,202495000,487950000,None,571283000,571283000,679548000,None,None,762462000,None,None,654258000,847000000,3.945,0.038,1067000000,1067000000,None,-0.085,0.34,2082563000,2736821000,2.37,2023-03-31,10.04,None,14111000000.0,3035707000,1965137000,705561000,None,None,None,62506000,None,63215000,None,None,858992000,None,None,2023000000,None,None,None,0.332,3255000000,1031076000,2004631000,93750000,225516000,None,None,None,None,None,None,None,2.308,1.854,2.494,None,None,None,None,None,-317000000,None,0.244,None,6087179000,2025-10-30,quarterly,2.71,USD,pre-market,None,3920483000,0.0909,0.185,-0.024,41.34,125918000,985067000,126075000,None,114.54,106.96,14.346,7753320000,1563238000,1172041000,3437028000,6190082000,2264987000,3606990000,4316292000,10.28,-131344000,134.2,99.8
2025-12-28,EOG,10.07,22653999000.0,10.28,None,0.504,55.69,1362000000,None,643811000,643811000,-1347000000,-5056000000,700000000,None,-223000000,None,None,661000000,202495000,487950000,None,571283000,571283000,679548000,None,None,762462000,None,None,654258000,878000000,3.945,0.038,1327000000,1327000000,None,-0.085,0.34,2082563000,2736821000,2.37,2022-12-31,10.04,None,14111000000.0,3035707000,1965137000,705561000,None,None,None,62506000,None,63215000,None,None,858992000,None,None,2277000000,None,None,None,0.332,3444000000,1031076000,2004631000,93750000,225516000,None,None,None,None,None,None,None,2.308,1.854,2.494,None,None,None,None,None,-23000000,None,0.244,None,6087179000,2025-10-30,quarterly,2.71,USD,pre-market,None,3920483000,0.0909,0.185,-0.024,41.34,125918000,985067000,126075000,None,114.54,106.96,14.346,7753320000,1563238000,1172041000,3437028000,6190082000,2264987000,3606990000,4316292000,10.28,-131344000,134.2,99.8
2025-12-28,EOG,10.07,22653999000.0,10.28,None,0.504,55.69,1205000000,None,643811000,643811000,-1357000000,-1216000000,2200000000,None,-140000000,None,None,392000000,202495000,487950000,None,571283000,571283000,679548000,None,None,762462000,None,None,654258000,906000000,3.945,0.038,1312000000,1312000000,None,-0.085,0.34,2082563000,2736821000,2.37,2022-09-30,10.04,None,14111000000.0,3035707000,1965137000,705561000,None,None,None,62506000,None,63215000,None,None,858992000,None,None,2854000000,None,None,None,0.332,4773000000,1031076000,2004631000,93750000,225516000,None,None,None,None,None,None,None,2.308,1.854,2.494,None,None,None,None,None,-37000000,None,0.244,None,6087179000,2025-10-30,quarterly,2.71,USD,pre-market,None,3920483000,0.0909,0.185,-0.024,41.34,125918000,985067000,126075000,None,114.54,106.96,14.346,7753320000,1563238000,1172041000,3437028000,6190082000,2264987000,3606990000,4316292000,10.28,-131344000,134.2,99.8
2025-12-28,EOG,10.07,22653999000.0,10.28,None,0.504,55.69,1424000000,None,643811000,643811000,-1497000000,-1487000000,-936000000,None,-157000000,None,None,-522000000,202495000,487950000,None,571283000,571283000,679548000,None,None,762462000,None,None,654258000,911000000,3.945,0.038,1486000000,1486000000,None,-0.085,0.34,2082563000,2736821000,2.37,2022-06-30,10.04,None,14111000000.0,3035707000,1965137000,705561000,None,None,None,62506000,None,63215000,None,None,858992000,None,None,2238000000,None,None,None,0.332,2048000000,1031076000,2004631000,93750000,225516000,None,None,None,None,None,None,None,2.308,1.854,2.494,None,None,None,None,None,-15000000,None,0.244,None,6087179000,2025-10-30,quarterly,2.71,USD,pre-market,None,3920483000,0.0909,0.185,-0.024,41.34,125918000,985067000,126075000,None,114.54,106.96,14.346,7753320000,1563238000,1172041000,3437028000,6190082000,2264987000,3606990000,4316292000,10.28,-131344000,134.2,99.8
2025-12-28,EOG,10.07,22653999000.0,10.28,None,0.504,55.69,1009000000,None,643811000,643811000,-1072000000,-956000000,-1200000000,None,-14000000,None,None,-878000000,202495000,487950000,None,571283000,571283000,679548000,None,None,762462000,None,None,654258000,847000000,3.945,0.038,1023000000,1023000000,None,-0.085,0.34,2082563000,2736821000,2.37,2022-03-31,10.04,None,14111000000.0,3035707000,1965137000,705561000,None,None,None,62506000,None,63215000,None,None,858992000,None,None,390000000,None,None,None,0.332,828000000,1031076000,2004631000,93750000,225516000,None,None,None,None,None,None,None,2.308,1.854,2.494,None,None,None,None,None,-43000000,None,0.244,None,6087179000,2025-10-30,quarterly,2.71,USD,pre-market,None,3920483000,0.0909,0.185,-0.024,41.34,125918000,985067000,126075000,None,114.54,106.96,14.346,7753320000,1563238000,1172041000,3437028000,6190082000,2264987000,3606990000,4316292000,10.28,-131344000,134.2,99.8
2025-12-28,EOG,10.07,22653999000.0,10.28,None,0.504,55.69,1014000000,None,643811000,643811000,-1414000000,-837000000,915000000,None,-108000000,None,None,-182000000,202495000,487950000,None,571283000,571283000,679548000,None,None,762462000,None,None,654258000,1009000000,3.945,0.038,1406000000,1406000000,None,-0.085,0.34,2082563000,2736821000,2.37,2021-12-31,10.04,None,14111000000.0,3035707000,1965137000,705561000,None,None,None,62506000,None,63215000,None,None,858992000,None,None,1985000000,None,None,None,0.332,3166000000,1031076000,2004631000,93750000,225516000,None,None,None,None,None,None,None,2.308,1.854,2.494,None,None,None,None,None,-8000000,None,0.244,None,6087179000,2025-10-30,quarterly,2.71,USD,pre-market,None,3920483000,0.0909,0.185,-0.024,41.34,125918000,985067000,126075000,None,114.54,106.96,14.346,7753320000,1563238000,1172041000,3437028000,6190082000,2264987000,3606990000,4316292000,10.28,-131344000,134.2,99.8
2025-12-28,EOG,10.07,22653999000.0,10.28,None,0.504,55.69,896000000,None,643811000,643811000,-850000000,-933000000,413000000,None,-6000000,None,None,-145000000,202495000,487950000,None,571283000,571283000,679548000,None,None,762462000,None,None,654258000,1502000000,3.945,0.038,820000000,820000000,None,-0.085,0.34,2082563000,2736821000,2.37,2021-09-30,10.04,None,14111000000.0,3035707000,1965137000,705561000,None,None,None,62506000,None,63215000,None,None,858992000,None,None,1095000000,None,None,None,0.332,2196000000,1031076000,2004631000,93750000,225516000,None,None,None,None,None,None,None,2.308,1.854,2.494,None,None,None,None,None,-21000000,None,0.244,None,6087179000,2025-10-30,quarterly,2.71,USD,pre-market,None,3920483000,0.0909,0.185,-0.024,41.34,125918000,985067000,126075000,None,114.54,106.96,14.346,7753320000,1563238000,1172041000,3437028000,6190082000,2264987000,3606990000,4316292000,10.28,-131344000,134.2,99.8
2025-12-28,EOG,10.07,22653999000.0,10.28,None,0.504,55.69,1023000000,None,643811000,643811000,-241000000,-828000000,492000000,None,37000000,None,None,-802000000,202495000,487950000,None,571283000,571283000,679548000,None,None,762462000,None,None,654258000,1334000000,3.945,0.038,239000000,239000000,None,-0.085,0.34,2082563000,2736821000,2.37,2021-06-30,10.04,None,14111000000.0,3035707000,1965137000,705561000,None,None,None,62506000,None,63215000,None,None,858992000,None,None,907000000,None,None,None,0.332,1559000000,1031076000,2004631000,93750000,225516000,None,None,None,None,None,None,None,2.308,1.854,2.494,None,None,None,None,None,-2000000,None,0.244,None,6087179000,2025-10-30,quarterly,2.71,USD,pre-market,None,3920483000,0.0909,0.185,-0.024,41.34,125918000,985067000,126075000,None,114.54,106.96,14.346,7753320000,1563238000,1172041000,3437028000,6190082000,2264987000,3606990000,4316292000,10.28,-131344000,134.2,99.8
2025-12-28,EOG,10.07,22653999000.0,10.28,None,0.504,55.69,917000000,None,643811000,643811000,-988000000,-821000000,59000000,-2000000,64000000,None,None,308000000,202495000,487950000,None,571283000,571283000,679548000,None,None,762462000,None,None,654258000,900000000,3.945,0.038,219000000,219000000,None,-0.085,0.34,2082563000,2736821000,2.37,2021-03-31,10.04,None,14111000000.0,3035707000,1965137000,705561000,None,None,None,62506000,None,63215000,None,None,858992000,None,None,677000000,None,None,None,0.332,1870000000,1031076000,2004631000,93750000,225516000,None,None,None,None,None,None,None,2.308,1.854,2.494,None,None,None,None,None,-10000000,None,0.244,None,6087179000,2025-10-30,quarterly,2.71,USD,pre-market,None,3920483000,0.0909,0.185,-0.024,41.34,125918000,985067000,126075000,None,114.54,106.96,14.346,7753320000,1563238000,1172041000,3437028000,6190082000,2264987000,3606990000,4316292000,10.28,-131344000,134.2,99.8
2025-12-28,EOG,10.07,22653999000.0,10.28,None,0.504,55.69,841162000,None,643811000,643811000,-219484000,-636848000,263372000,-1534000,30633000,None,None,1397151000,202495000,487950000,None,571283000,571283000,679548000,None,None,762462000,None,None,654258000,949300000,3.945,0.038,219581000,219581000,None,-0.085,0.34,2082563000,2736821000,2.37,2020-12-31,10.04,None,14111000000.0,3035707000,1965137000,705561000,None,None,None,62506000,None,63215000,None,None,858992000,None,None,337466000,None,None,None,0.332,1121238000,1031076000,2004631000,93750000,225516000,None,None,None,None,None,None,None,2.308,1.854,2.494,None,None,None,None,None,-1309000,None,0.244,None,6087179000,2025-10-30,quarterly,2.71,USD,pre-market,None,3920483000,0.0909,0.185,-0.024,41.34,125918000,985067000,126075000,None,114.54,106.96,14.346,7753320000,1563238000,1172041000,3437028000,6190082000,2264987000,3606990000,4316292000,10.28,-131344000,134.2,99.8
2025-12-28,EOG,10.07,22653999000.0,10.28,None,0.504,55.69,486139000,None,643811000,643811000,-231770000,-334473000,649055000,1745000,7439000,None,None,260829000,202495000,487950000,None,571283000,571283000,679548000,None,None,762462000,None,None,654258000,976994000,3.945,0.038,217000000,217000000,None,-0.085,0.34,2082563000,2736821000,2.37,2020-09-30,10.04,None,14111000000.0,3035707000,1965137000,705561000,None,None,None,62506000,None,63215000,None,None,858992000,None,None,-42467000,None,None,None,0.332,1213553000,1031076000,2004631000,93750000,225516000,None,None,None,None,None,None,None,2.308,1.854,2.494,None,None,None,None,None,-10000000,None,0.244,None,6087179000,2025-10-30,quarterly,2.71,USD,pre-market,None,3920483000,0.0909,0.185,-0.024,41.34,125918000,985067000,126075000,None,114.54,106.96,14.346,7753320000,1563238000,1172041000,3437028000,6190082000,2264987000,3606990000,4316292000,10.28,-131344000,134.2,99.8
2025-12-28,EOG,10.07,22653999000.0,10.28,None,0.504,55.69,448573000,None,643811000,643811000,267497000,-845242000,-490351000,-680000,-18095000,None,None,-1913620000,202495000,487950000,None,571283000,571283000,679548000,None,None,762462000,None,None,654258000,1125223000,3.945,0.038,217000000,217000000,None,-0.085,0.34,2082563000,2736821000,2.37,2020-06-30,10.04,None,14111000000.0,3035707000,1965137000,705561000,None,None,None,62506000,None,63215000,None,None,858992000,None,None,-909384000,None,None,None,0.332,88074000,1031076000,2004631000,93750000,225516000,None,None,None,None,None,None,None,2.308,1.854,2.494,None,None,None,None,None,-402000,None,0.244,None,6087179000,2025-10-30,quarterly,2.71,USD,pre-market,None,3920483000,0.0909,0.185,-0.024,41.34,125918000,985067000,126075000,None,114.54,106.96,14.346,7753320000,1563238000,1172041000,3437028000,6190082000,2264987000,3606990000,4316292000,10.28,-131344000,134.2,99.8
2025-12-28,EOG,10.07,22653999000.0,10.28,None,0.504,55.69,1688826000,None,643811000,643811000,-175268000,-1530943000,878880000,173000,102670000,None,None,722163000,202495000,487950000,None,571283000,571283000,679548000,None,None,762462000,None,None,654258000,1000060000,3.945,0.038,167000000,167000000,None,-0.085,0.34,2082563000,2736821000,2.37,2020-03-31,10.04,None,14111000000.0,3035707000,1965137000,705561000,None,None,None,62506000,None,63215000,None,None,858992000,None,None,9813000,None,None,None,0.332,2584918000,1031076000,2004631000,93750000,225516000,None,None,None,None,None,None,None,2.308,1.854,2.494,None,None,None,None,None,-5000000,None,0.244,None,6087179000,2025-10-30,quarterly,2.71,USD,pre-market,None,3920483000,0.0909,0.185,-0.024,41.34,125918000,985067000,126075000,None,114.54,106.96,14.346,7753320000,1563238000,1172041000,3437028000,6190082000,2264987000,3606990000,4316292000,10.28,-131344000,134.2,99.8
2025-12-28,EOG,10.07,22653999000.0,10.28,None,0.504,55.69,1368294000,None,643811000,643811000,-165136000,-1197027000,444867000,-174000,34686000,None,None,-85937000,202495000,487950000,None,571283000,571283000,679548000,None,None,762462000,None,None,654258000,1129727000,3.945,0.038,167349000,167349000,None,-0.085,0.34,2082563000,2736821000,2.37,2019-12-31,10.04,None,14111000000.0,3035707000,1965137000,705561000,None,None,None,62506000,None,63215000,None,None,858992000,None,None,636521000,None,None,None,0.332,1807204000,1031076000,2004631000,93750000,225516000,None,None,None,None,None,None,None,2.308,1.854,2.494,None,None,None,None,None,-2914000,None,0.244,None,6087179000,2025-10-30,quarterly,2.71,USD,pre-market,None,3920483000,0.0909,0.185,-0.024,41.34,125918000,985067000,126075000,None,114.54,106.96,14.346,7753320000,1563238000,1172041000,3437028000,6190082000,2264987000,3606990000,4316292000,10.28,-131344000,134.2,99.8
2025-12-28,EOG,10.07,22653999000.0,10.28,None,0.504,55.69,1490854000,None,643811000,643811000,-182469000,-1456466000,422620000,-109000,66857000,None,None,63891000,202495000,487950000,None,571283000,571283000,679548000,None,None,762462000,None,None,654258000,973493000,3.945,0.038,166170000,166170000,None,-0.085,0.34,2082563000,2736821000,2.37,2019-09-30,10.04,None,14111000000.0,3035707000,1965137000,705561000,None,None,None,62506000,None,63215000,None,None,858992000,None,None,615122000,None,None,None,0.332,2061664000,1031076000,2004631000,93750000,225516000,None,None,None,None,None,None,None,2.308,1.854,2.494,None,None,None,None,None,-13835000,None,0.244,None,6087179000,2025-10-30,quarterly,2.71,USD,pre-market,None,3920483000,0.0909,0.185,-0.024,41.34,125918000,985067000,126075000,None,114.54,106.96,14.346,7753320000,1563238000,1172041000,3437028000,6190082000,2264987000,3606990000,4316292000,10.28,-131344000,134.2,99.8
2025-12-28,EOG,10.07,22653999000.0,10.28,None,0.504,55.69,1562942000,None,643811000,643811000,-1029135000,-1632674000,24675000,-59000,7720000,None,None,239250000,202495000,487950000,None,571283000,571283000,679548000,None,None,762462000,None,None,654258000,884125000,3.945,0.038,127135000,127135000,None,-0.085,0.34,2082563000,2736821000,2.37,2019-06-30,10.04,None,14111000000.0,3035707000,1965137000,705561000,None,None,None,62506000,None,63215000,None,None,858992000,None,None,847841000,None,None,None,0.332,2686543000,1031076000,2004631000,93750000,225516000,None,None,None,None,None,None,None,2.308,1.854,2.494,None,None,None,None,None,-2155000,None,0.244,None,6087179000,2025-10-30,quarterly,2.71,USD,pre-market,None,3920483000,0.0909,0.185,-0.024,41.34,125918000,985067000,126075000,None,114.54,106.96,14.346,7753320000,1563238000,1172041000,3437028000,6190082000,2264987000,3606990000,4316292000,10.28,-131344000,134.2,99.8
2025-12-28,EOG,10.07,22653999000.0,10.28,None,0.504,55.69,2000436000,None,643811000,643811000,-136581000,-1891006000,-419824000,-6000,-18979000,None,None,-308996000,202495000,487950000,None,571283000,571283000,679548000,None,None,762462000,None,None,654258000,879595000,3.945,0.038,127546000,127546000,None,-0.085,0.34,2082563000,2736821000,2.37,2019-03-31,10.04,None,14111000000.0,3035707000,1965137000,705561000,None,None,None,62506000,None,63215000,None,None,858992000,None,None,635426000,None,None,None,0.332,1607769000,1031076000,2004631000,93750000,225516000,None,None,None,None,None,None,None,2.308,1.854,2.494,None,None,None,None,None,-6248000,None,0.244,None,6087179000,2025-10-30,quarterly,2.71,USD,pre-market,None,3920483000,0.0909,0.185,-0.024,41.34,125918000,985067000,126075000,None,114.54,106.96,14.346,7753320000,1563238000,1172041000,3437028000,6190082000,2264987000,3606990000,4316292000,10.28,-131344000,134.2,99.8
2025-12-28,EOG,10.07,22653999000.0,10.28,None,0.504,55.69,1302159000,None,643811000,643811000,-476573000,-1291894000,281502000,-35259000,-108591000,None,None,185349000,202495000,487950000,None,571283000,571283000,679548000,None,None,762462000,None,None,654258000,894051000,3.945,0.038,126970000,126970000,None,-0.085,0.34,2082563000,2736821000,2.37,2018-12-31,10.04,None,14111000000.0,3035707000,1965137000,705561000,None,None,None,62506000,None,63215000,None,None,858992000,None,None,892768000,None,None,None,0.332,2085228000,1031076000,2004631000,93750000,225516000,None,None,None,None,None,None,None,2.308,1.854,2.494,None,None,None,None,None,-4898000,None,0.244,None,6087179000,2025-10-30,quarterly,2.71,USD,pre-market,None,3920483000,0.0909,0.185,-0.024,41.34,125918000,985067000,126075000,None,114.54,106.96,14.346,7753320000,1563238000,1172041000,3437028000,6190082000,2264987000,3606990000,4316292000,10.28,-131344000,134.2,99.8
2025-12-28,EOG,10.07,22653999000.0,10.28,None,0.504,55.69,1649172000,None,643811000,643811000,-134717000,-1788650000,265917000,-313000,-94598000,None,None,-243778000,202495000,487950000,None,571283000,571283000,679548000,None,None,762462000,None,None,654258000,898934000,3.945,0.038,107465000,107465000,None,-0.085,0.34,2082563000,2736821000,2.37,2018-09-30,10.04,None,14111000000.0,3035707000,1965137000,705561000,None,None,None,62506000,None,63215000,None,None,858992000,None,None,1190952000,None,None,None,0.332,2189597000,1031076000,2004631000,93750000,225516000,None,None,None,None,None,None,None,2.308,1.854,2.494,None,None,None,None,None,-26535000,None,0.244,None,6087179000,2025-10-30,quarterly,2.71,USD,pre-market,None,3920483000,0.0909,0.185,-0.024,41.34,125918000,985067000,126075000,None,114.54,106.96,14.346,7753320000,1563238000,1172041000,3437028000,6190082000,2264987000,3606990000,4316292000,10.28,-131344000,134.2,99.8
2025-12-28,EOG,10.07,22653999000.0,10.28,None,0.504,55.69,1683933000,None,643811000,643811000,-113850000,-1633191000,192121000,-2455000,-85420000,None,None,-200097000,202495000,487950000,None,571283000,571283000,679548000,None,None,762462000,None,None,654258000,1092582000,3.945,0.038,106584000,106584000,None,-0.085,0.34,2082563000,2736821000,2.37,2018-06-30,10.04,None,14111000000.0,3035707000,1965137000,705561000,None,None,None,62506000,None,63215000,None,None,858992000,None,None,696731000,None,None,None,0.332,1941617000,1031076000,2004631000,93750000,225516000,None,None,None,None,None,None,None,2.308,1.854,2.494,None,None,None,None,None,-15247000,None,0.244,None,6087179000,2025-10-30,quarterly,2.71,USD,pre-market,None,3920483000,0.0909,0.185,-0.024,41.34,125918000,985067000,126075000,None,114.54,106.96,14.346,7753320000,1563238000,1172041000,3437028000,6190082000,2264987000,3606990000,4316292000,10.28,-131344000,134.2,99.8
2025-12-28,EOG,10.07,22653999000.0,10.28,None,0.504,55.69,1441211000,None,643811000,643811000,-113963000,-1456427000,-18134000,90000,-106799000,None,None,-109654000,202495000,487950000,None,571283000,571283000,679548000,None,None,762462000,None,None,654258000,748591000,3.945,0.038,97026000,97026000,None,-0.085,0.34,2082563000,2736821000,2.37,2018-03-31,10.04,None,14111000000.0,3035707000,1965137000,705561000,None,None,None,62506000,None,63215000,None,None,858992000,None,None,638589000,None,None,None,0.332,1552166000,1031076000,2004631000,93750000,225516000,None,None,None,None,None,None,None,2.308,1.854,2.494,None,None,None,None,None,-16776000,None,0.244,None,6087179000,2025-10-30,quarterly,2.71,USD,pre-market,None,3920483000,0.0909,0.185,-0.024,41.34,125918000,985067000,126075000,None,114.54,106.96,14.346,7753320000,1563238000,1172041000,3437028000,6190082000,2264987000,3606990000,4316292000,10.28,-131344000,134.2,99.8
2025-12-28,EOG,10.07,22653999000.0,10.28,None,0.504,55.69,1056696000,None,643811000,643811000,-102257000,-1231925000,-11910000,-5276000,-156874000,None,None,-366686000,202495000,487950000,None,571283000,571283000,679548000,None,None,762462000,None,None,654258000,1145439000,3.945,0.038,97270000,97270000,None,-0.085,0.34,2082563000,2736821000,2.37,2017-12-31,10.04,None,14111000000.0,3035707000,1965137000,705561000,None,None,None,62506000,None,63215000,None,None,858992000,None,None,2430468000,None,None,None,0.332,1327548000,1031076000,2004631000,93750000,225516000,None,None,None,None,None,None,None,2.308,1.854,2.494,None,None,None,None,None,-13034000,None,0.244,None,6087179000,2025-10-30,quarterly,2.71,USD,pre-market,None,3920483000,0.0909,0.185,-0.024,41.34,125918000,985067000,126075000,None,114.54,106.96,14.346,7753320000,1563238000,1172041000,3437028000,6190082000,2264987000,3606990000,4316292000,10.28,-131344000,134.2,99.8
2025-12-28,EOG,10.07,22653999000.0,10.28,None,0.504,55.69,1094053000,None,643811000,643811000,-725149000,-1036389000,-803305000,-3130000,-11545000,None,None,-129231000,202495000,487950000,None,571283000,571283000,679548000,None,None,762462000,None,None,654258000,914707000,3.945,0.038,96277000,96277000,None,-0.085,0.34,2082563000,2736821000,2.37,2017-09-30,10.04,None,14111000000.0,3035707000,1965137000,705561000,None,None,None,62506000,None,63215000,None,None,858992000,None,None,100541000,None,None,None,0.332,961363000,1031076000,2004631000,93750000,225516000,None,None,None,None,None,None,None,2.308,1.854,2.494,None,None,None,None,None,-28696000,None,0.244,None,6087179000,2025-10-30,quarterly,2.71,USD,pre-market,None,3920483000,0.0909,0.185,-0.024,41.34,125918000,985067000,126075000,None,114.54,106.96,14.346,7753320000,1563238000,1172041000,3437028000,6190082000,2264987000,3606990000,4316292000,10.28,-131344000,134.2,99.8
2025-12-28,EOG,10.07,22653999000.0,10.28,None,0.504,55.69,1026930000,None,643811000,643811000,-93707000,-882668000,102877000,876000,-30865000,None,None,75098000,202495000,487950000,None,571283000,571283000,679548000,None,None,762462000,None,None,654258000,943788000,3.945,0.038,96277000,96277000,None,-0.085,0.34,2082563000,2736821000,2.37,2017-06-30,10.04,None,14111000000.0,3035707000,1965137000,705561000,None,None,None,62506000,None,63215000,None,None,858992000,None,None,23053000,None,None,None,0.332,1078376000,1031076000,2004631000,93750000,225516000,None,None,None,None,None,None,None,2.308,1.854,2.494,None,None,None,None,None,-3050000,None,0.244,None,6087179000,2025-10-30,quarterly,2.71,USD,pre-market,None,3920483000,0.0909,0.185,-0.024,41.34,125918000,985067000,126075000,None,114.54,106.96,14.346,7753320000,1563238000,1172041000,3437028000,6190082000,2264987000,3606990000,4316292000,10.28,-131344000,134.2,99.8
2025-12-28,EOG,10.07,22653999000.0,10.28,None,0.504,55.69,946563000,None,643811000,643811000,-114598000,-836427000,-53329000,-353000,24736000,None,None,28688000,202495000,487950000,None,571283000,571283000,679548000,None,None,762462000,None,None,654258000,816036000,3.945,0.038,96707000,96707000,None,-0.085,0.34,2082563000,2736821000,2.37,2017-03-31,10.04,None,14111000000.0,3035707000,1965137000,705561000,None,None,None,62506000,None,63215000,None,None,858992000,None,None,28517000,None,None,None,0.332,898049000,1031076000,2004631000,93750000,225516000,None,None,None,None,None,None,None,2.308,1.854,2.494,None,None,None,None,None,-18628000,None,0.244,None,6087179000,2025-10-30,quarterly,2.71,USD,pre-market,None,3920483000,0.0909,0.185,-0.024,41.34,125918000,985067000,126075000,None,114.54,106.96,14.346,7753320000,1563238000,1172041000,3437028000,6190082000,2264987000,3606990000,4316292000,10.28,-131344000,134.2,99.8
2025-12-28,EOG,10.07,22653999000.0,10.28,None,0.504,55.69,740905000,None,643811000,643811000,-270886000,10667000,551168000,6642000,33131000,None,None,-220939000,202495000,487950000,None,571283000,571283000,679548000,None,None,762462000,None,None,654258000,1114937000,3.945,0.038,96119000,96119000,None,-0.085,0.34,2082563000,2736821000,2.37,2016-12-31,10.04,None,14111000000.0,3035707000,1965137000,705561000,None,None,None,62506000,None,63215000,None,None,858992000,None,None,-142352000,None,None,None,0.332,804745000,1031076000,2004631000,93750000,225516000,None,None,None,None,None,None,None,2.308,1.854,2.494,None,None,None,None,None,-26484000,None,0.244,None,6087179000,2025-10-30,quarterly,2.71,USD,pre-market,None,3920483000,0.0909,0.185,-0.024,41.34,125918000,985067000,126075000,None,114.54,106.96,14.346,7753320000,1563238000,1172041000,3437028000,6190082000,2264987000,3606990000,4316292000,10.28,-131344000,134.2,99.8
2025-12-28,EOG,10.07,22653999000.0,10.28,None,0.504,55.69,653757000,None,643811000,643811000,-108083000,-382484000,269005000,-9000,41750000,None,None,10712000,202495000,487950000,None,571283000,571283000,679548000,None,None,762462000,None,None,654258000,953920000,3.945,0.038,92690000,92690000,None,-0.085,0.34,2082563000,2736821000,2.37,2016-09-30,10.04,None,14111000000.0,3035707000,1965137000,705561000,None,None,None,62506000,None,63215000,None,None,858992000,None,None,-190000000,None,None,None,0.332,759581000,1031076000,2004631000,93750000,225516000,None,None,None,None,None,None,None,2.308,1.854,2.494,None,None,None,None,None,-26886000,None,0.244,None,6087179000,2025-10-30,quarterly,2.71,USD,pre-market,None,3920483000,0.0909,0.185,-0.024,41.34,125918000,985067000,126075000,None,114.54,106.96,14.346,7753320000,1563238000,1172041000,3437028000,6190082000,2264987000,3606990000,4316292000,10.28,-131344000,134.2,99.8
2025-12-28,EOG,10.07,22653999000.0,10.28,None,0.504,55.69,614942000,None,643811000,643811000,-89817000,-312375000,111241000,10287000,38235000,None,None,-154970000,202495000,487950000,None,571283000,571283000,679548000,None,None,762462000,None,None,654258000,983317000,3.945,0.038,91866000,91866000,None,-0.085,0.34,2082563000,2736821000,2.37,2016-06-30,10.04,None,14111000000.0,3035707000,1965137000,705561000,None,None,None,62506000,None,63215000,None,None,858992000,None,None,-292558000,None,None,None,0.332,503146000,1031076000,2004631000,93750000,225516000,None,None,None,None,None,None,None,2.308,1.854,2.494,None,None,None,None,None,-16083000,None,0.244,None,6087179000,2025-10-30,quarterly,2.71,USD,pre-market,None,3920483000,0.0909,0.185,-0.024,41.34,125918000,985067000,126075000,None,114.54,106.96,14.346,7753320000,1563238000,1172041000,3437028000,6190082000,2264987000,3606990000,4316292000,10.28,-131344000,134.2,99.8
2025-12-28,EOG,10.07,22653999000.0,10.28,None,0.504,55.69,573191000,None,643811000,643811000,226064000,-568752000,-50025000,1072000,57578000,None,None,132398000,202495000,487950000,None,571283000,571283000,679548000,None,None,762462000,None,None,654258000,928891000,3.945,0.038,92170000,92170000,None,-0.085,0.34,2082563000,2736821000,2.37,2016-03-31,10.04,None,14111000000.0,3035707000,1965137000,705561000,None,None,None,62506000,None,63215000,None,None,858992000,None,None,-471776000,None,None,None,0.332,291591000,1031076000,2004631000,93750000,225516000,None,None,None,None,None,None,None,2.308,1.854,2.494,None,None,None,None,None,-12672000,None,0.244,None,6087179000,2025-10-30,quarterly,2.71,USD,pre-market,None,3920483000,0.0909,0.185,-0.024,41.34,125918000,985067000,126075000,None,114.54,106.96,14.346,7753320000,1563238000,1172041000,3437028000,6190082000,2264987000,3606990000,4316292000,10.28,-131344000,134.2,99.8
2025-12-28,EOG,10.07,22653999000.0,10.28,None,0.504,55.69,842803000,None,643811000,643811000,140218000,-774858000,-24183000,-5356000,31443000,None,None,193101000,202495000,487950000,None,571283000,571283000,679548000,None,None,762462000,None,None,654258000,934475000,3.945,0.038,92428000,92428000,None,-0.085,0.34,2082563000,2736821000,2.37,2015-12-31,10.04,None,14111000000.0,3035707000,1965137000,705561000,None,None,None,62506000,None,63215000,None,None,858992000,None,None,-284296000,None,None,None,0.332,615813000,1031076000,2004631000,93750000,225516000,None,None,None,None,None,None,None,2.308,1.854,2.494,None,None,None,None,None,-5372000,None,0.244,None,6087179000,2025-10-30,quarterly,2.71,USD,pre-market,None,3920483000,0.0909,0.185,-0.024,41.34,125918000,985067000,126075000,None,114.54,106.96,14.346,7753320000,1563238000,1172041000,3437028000,6190082000,2264987000,3606990000,4316292000,10.28,-131344000,134.2,99.8
2025-12-28,EOG,10.07,22653999000.0,10.28,None,0.504,55.69,1356915000,None,643811000,643811000,-76370000,-1678216000,-624706000,-1552000,-10602000,None,None,150128000,202495000,487950000,None,571283000,571283000,679548000,None,None,762462000,None,None,654258000,6993712000,3.945,0.038,91447000,91447000,None,-0.085,0.34,2082563000,2736821000,2.37,2015-09-30,10.04,None,14111000000.0,3035707000,1965137000,705561000,None,None,None,62506000,None,63215000,None,None,858992000,None,None,-4075739000,None,None,None,0.332,1131432000,1031076000,2004631000,93750000,225516000,None,None,None,None,None,None,None,2.308,1.854,2.494,None,None,None,None,None,-17057000,None,0.244,None,6087179000,2025-10-30,quarterly,2.71,USD,pre-market,None,3920483000,0.0909,0.185,-0.024,41.34,125918000,985067000,126075000,None,114.54,106.96,14.346,7753320000,1563238000,1172041000,3437028000,6190082000,2264987000,3606990000,4316292000,10.28,-131344000,134.2,99.8
2025-12-28,EOG,10.07,22653999000.0,10.28,None,0.504,55.69,1267846000,None,643811000,643811000,-585499000,-1062960000,-760024000,1062000,99781000,None,None,-54917000,202495000,487950000,None,571283000,571283000,679548000,None,None,762462000,None,None,654258000,1024268000,3.945,0.038,91469000,91469000,None,-0.085,0.34,2082563000,2736821000,2.37,2015-06-30,10.04,None,14111000000.0,3035707000,1965137000,705561000,None,None,None,62506000,None,63215000,None,None,858992000,None,None,5268000,None,None,None,0.332,887373000,1031076000,2004631000,93750000,225516000,None,None,None,None,None,None,None,2.308,1.854,2.494,None,None,None,None,None,-10903000,None,0.244,None,6087179000,2025-10-30,quarterly,2.71,USD,pre-market,None,3920483000,0.0909,0.185,-0.024,41.34,125918000,985067000,126075000,None,114.54,106.96,14.346,7753320000,1563238000,1172041000,3437028000,6190082000,2264987000,3606990000,4316292000,10.28,-131344000,134.2,99.8
2025-12-28,EOG,10.07,22653999000.0,10.28,None,0.504,55.69,1545599000,None,643811000,643811000,892572000,-1804222000,40206000,-8691000,-62172000,None,None,353100000,202495000,487950000,None,571283000,571283000,679548000,None,None,762462000,None,None,654258000,912788000,3.945,0.038,91661000,91661000,None,-0.085,0.34,2082563000,2736821000,2.37,2015-03-31,10.04,None,14111000000.0,3035707000,1965137000,705561000,None,None,None,62506000,None,63215000,None,None,858992000,None,None,-169748000,None,None,None,0.332,960547000,1031076000,2004631000,93750000,225516000,None,None,None,None,None,None,None,2.308,1.854,2.494,None,None,None,None,None,-15459000,None,0.244,None,6087179000,2025-10-30,quarterly,2.71,USD,pre-market,None,3920483000,0.0909,0.185,-0.024,41.34,125918000,985067000,126075000,None,114.54,106.96,14.346,7753320000,1563238000,1172041000,3437028000,6190082000,2264987000,3606990000,4316292000,10.28,-131344000,134.2,99.8
2025-12-28,EOG,10.07,22653999000.0,10.28,None,0.504,55.69,2006592000,None,643811000,643811000,-83671000,-1382448000,606068000,-38251000,-42792000,None,None,426025000,202495000,487950000,None,571283000,571283000,679548000,None,None,762462000,None,None,654258000,355891000,3.945,0.038,92025000,92025000,None,-0.085,0.34,2082563000,2736821000,2.37,2014-12-31,10.04,None,14111000000.0,3035707000,1965137000,705561000,None,None,None,62506000,None,63215000,None,None,858992000,None,None,444588000,None,None,None,0.332,2110438000,1031076000,2004631000,93750000,225516000,None,None,None,None,None,None,None,2.308,1.854,2.494,None,None,None,None,None,-12600000,None,0.244,None,6087179000,2025-10-30,quarterly,2.71,USD,pre-market,None,3920483000,0.0909,0.185,-0.024,41.34,125918000,985067000,126075000,None,114.54,106.96,14.346,7753320000,1563238000,1172041000,3437028000,6190082000,2264987000,3606990000,4316292000,10.28,-131344000,134.2,99.8
2025-12-28,EOG,10.07,22653999000.0,10.28,None,0.504,55.69,2112755000,None,643811000,643811000,-69865000,-2018553000,251005000,2954000,-9410000,None,None,-91707000,202495000,487950000,None,571283000,571283000,679548000,None,None,762462000,None,None,654258000,542021000,3.945,0.038,67986000,67986000,None,-0.085,0.34,2082563000,2736821000,2.37,2014-09-30,10.04,None,14111000000.0,3035707000,1965137000,705561000,None,None,None,62506000,None,63215000,None,None,858992000,None,None,1103618000,None,None,None,0.332,2336469000,1031076000,2004631000,93750000,225516000,None,None,None,None,None,None,None,2.308,1.854,2.494,None,None,None,None,None,-25300000,None,0.244,None,6087179000,2025-10-30,quarterly,2.71,USD,pre-market,None,3920483000,0.0909,0.185,-0.024,41.34,125918000,985067000,126075000,None,114.54,106.96,14.346,7753320000,1563238000,1172041000,3437028000,6190082000,2264987000,3606990000,4316292000,10.28,-131344000,134.2,99.8
2025-12-28,EOG,10.07,22653999000.0,10.28,None,0.504,55.69,2224862000,None,643811000,643811000,-84184000,-2289004000,-437072000,1541000,-40808000,None,None,-105019000,202495000,487950000,None,571283000,571283000,679548000,None,None,762462000,None,None,654258000,1224714000,3.945,0.038,67904000,67904000,None,-0.085,0.34,2082563000,2736821000,2.37,2014-06-30,10.04,None,14111000000.0,3035707000,1965137000,705561000,None,None,None,62506000,None,63215000,None,None,858992000,None,None,706353000,None,None,None,0.332,1934575000,1031076000,2004631000,93750000,225516000,None,None,None,None,None,None,None,2.308,1.854,2.494,None,None,None,None,None,-60627000,None,0.244,None,6087179000,2025-10-30,quarterly,2.71,USD,pre-market,None,3920483000,0.0909,0.185,-0.024,41.34,125918000,985067000,126075000,None,114.54,106.96,14.346,7753320000,1563238000,1172041000,3437028000,6190082000,2264987000,3606990000,4316292000,10.28,-131344000,134.2,99.8
2025-12-28,EOG,10.07,22653999000.0,10.28,None,0.504,55.69,1902596000,None,643811000,643811000,-90014000,-1823560000,349003000,-5096000,-68948000,None,None,-144317000,202495000,487950000,None,571283000,571283000,679548000,None,None,762462000,None,None,654258000,946491000,3.945,0.038,51780000,51780000,None,-0.085,0.34,2082563000,2736821000,2.37,2014-03-31,10.04,None,14111000000.0,3035707000,1965137000,705561000,None,None,None,62506000,None,63215000,None,None,858992000,None,None,660928000,None,None,None,0.332,2267673000,1031076000,2004631000,93750000,225516000,None,None,None,None,None,None,None,2.308,1.854,2.494,None,None,None,None,None,-28897000,None,0.244,None,6087179000,2025-10-30,quarterly,2.71,USD,pre-market,None,3920483000,0.0909,0.185,-0.024,41.34,125918000,985067000,126075000,None,114.54,106.96,14.346,7753320000,1563238000,1172041000,3437028000,6190082000,2264987000,3606990000,4316292000,10.28,-131344000,134.2,99.8
2025-12-28,EOG,10.07,22653999000.0,10.28,None,0.504,55.69,1705156000,None,643811000,643811000,-446654000,-1551435000,-608000,-3749000,-7745000,None,None,190133000,202495000,487950000,None,571283000,571283000,679548000,None,None,762462000,None,None,654258000,967703000,3.945,0.038,51447000,51447000,None,-0.085,0.34,2082563000,2736821000,2.37,2013-12-31,10.04,None,14111000000.0,3035707000,1965137000,705561000,None,None,None,62506000,None,63215000,None,None,858992000,None,None,580194000,None,None,None,0.332,2001230000,1031076000,2004631000,93750000,225516000,None,None,None,None,None,None,None,2.308,1.854,2.494,None,None,None,None,None,-8222000,None,0.244,None,6087179000,2025-10-30,quarterly,2.71,USD,pre-market,None,3920483000,0.0909,0.185,-0.024,41.34,125918000,985067000,126075000,None,114.54,106.96,14.346,7753320000,1563238000,1172041000,3437028000,6190082000,2264987000,3606990000,4316292000,10.28,-131344000,134.2,99.8
2025-12-28,EOG,10.07,22653999000.0,10.28,None,0.504,55.69,1921864000,None,643811000,643811000,-49229000,-1876713000,90801000,4271000,39062000,None,None,-48937000,202495000,487950000,None,571283000,571283000,679548000,None,None,762462000,None,None,654258000,1250924000,3.945,0.038,50725000,50725000,None,-0.085,0.34,2082563000,2736821000,2.37,2013-09-30,10.04,None,14111000000.0,3035707000,1965137000,705561000,None,None,None,62506000,None,63215000,None,None,858992000,None,None,462498000,None,None,None,0.332,2012472000,1031076000,2004631000,93750000,225516000,None,None,None,None,None,None,None,2.308,1.854,2.494,None,None,None,None,None,-34468000,None,0.244,None,6087179000,2025-10-30,quarterly,2.71,USD,pre-market,None,3920483000,0.0909,0.185,-0.024,41.34,125918000,985067000,126075000,None,114.54,106.96,14.346,7753320000,1563238000,1172041000,3437028000,6190082000,2264987000,3606990000,4316292000,10.28,-131344000,134.2,99.8
2025-12-28,EOG,10.07,22653999000.0,10.28,None,0.504,55.69,1737283000,None,643811000,643811000,-39321000,-1726891000,119982000,-4583000,37143000,None,None,71948000,202495000,487950000,None,571283000,571283000,679548000,None,None,762462000,None,None,654258000,802568000,3.945,0.038,50786000,50786000,None,-0.085,0.34,2082563000,2736821000,2.37,2013-06-30,10.04,None,14111000000.0,3035707000,1965137000,705561000,None,None,None,62506000,None,63215000,None,None,858992000,None,None,659692000,None,None,None,0.332,1890777000,1031076000,2004631000,93750000,225516000,None,None,None,None,None,None,None,2.308,1.854,2.494,None,None,None,None,None,-10070000,None,0.244,None,6087179000,2025-10-30,quarterly,2.71,USD,pre-market,None,3920483000,0.0909,0.185,-0.024,41.34,125918000,985067000,126075000,None,114.54,106.96,14.346,7753320000,1563238000,1172041000,3437028000,6190082000,2264987000,3606990000,4316292000,10.28,-131344000,134.2,99.8
2025-12-28,EOG,10.07,22653999000.0,10.28,None,0.504,55.69,1696324000,None,643811000,643811000,-38722000,-1159739000,231599000,5125000,-15058000,None,None,-236757000,202495000,487950000,None,571283000,571283000,679548000,None,None,762462000,None,None,654258000,846388000,3.945,0.038,46220000,46220000,None,-0.085,0.34,2082563000,2736821000,2.37,2013-03-31,10.04,None,14111000000.0,3035707000,1965137000,705561000,None,None,None,62506000,None,63215000,None,None,858992000,None,None,494725000,None,None,None,0.332,1424935000,1031076000,2004631000,93750000,225516000,None,None,None,None,None,None,None,2.308,1.854,2.494,None,None,None,None,None,-11024000,None,0.244,None,6087179000,2025-10-30,quarterly,2.71,USD,pre-market,None,3920483000,0.0909,0.185,-0.024,41.34,125918000,985067000,126075000,None,114.54,106.96,14.346,7753320000,1563238000,1172041000,3437028000,6190082000,2264987000,3606990000,4316292000,10.28,-131344000,134.2,99.8
2025-12-28,EOG,10.07,22653999000.0,10.28,None,0.504,55.69,1550881000,None,643811000,643811000,-21084000,-1440924000,-236188000,-1367000,-1996000,None,None,-66509000,202495000,487950000,None,571283000,571283000,679548000,None,None,762462000,None,None,654258000,1920817000,3.945,0.038,46668000,46668000,None,-0.085,0.34,2082563000,2736821000,2.37,2012-12-31,10.04,None,14111000000.0,3035707000,1965137000,705561000,None,None,None,62506000,None,63215000,None,None,858992000,None,None,-504999000,None,None,None,0.332,1227187000,1031076000,2004631000,93750000,225516000,None,None,None,None,None,None,None,2.308,1.854,2.494,None,None,None,None,None,-13793000,None,0.244,None,6087179000,2025-10-30,quarterly,2.71,USD,pre-market,None,3920483000,0.0909,0.185,-0.024,41.34,125918000,985067000,126075000,None,114.54,106.96,14.346,7753320000,1563238000,1172041000,3437028000,6190082000,2264987000,3606990000,4316292000,10.28,-131344000,134.2,99.8
2025-12-28,EOG,10.07,22653999000.0,10.28,None,0.504,55.69,1740415000,None,643811000,643811000,1217582000,-1823782000,832249000,2077000,-51190000,None,None,-227593000,202495000,487950000,None,571283000,571283000,679548000,None,None,762462000,None,None,654258000,1040458000,3.945,0.038,45520000,45520000,None,-0.085,0.34,2082563000,2736821000,2.37,2012-09-30,10.04,None,14111000000.0,3035707000,1965137000,705561000,None,None,None,62506000,None,63215000,None,None,858992000,None,None,355491000,None,None,None,0.332,1436372000,1031076000,2004631000,93750000,225516000,None,None,None,None,None,None,None,2.308,1.854,2.494,None,None,None,None,None,-22136000,None,0.244,None,6087179000,2025-10-30,quarterly,2.71,USD,pre-market,None,3920483000,0.0909,0.185,-0.024,41.34,125918000,985067000,126075000,None,114.54,106.96,14.346,7753320000,1563238000,1172041000,3437028000,6190082000,2264987000,3606990000,4316292000,10.28,-131344000,134.2,99.8
2025-12-28,EOG,10.07,22653999000.0,10.28,None,0.504,55.69,2014303000,None,643811000,643811000,-29862000,-1479237000,-13690000,-204000,-113784000,None,None,205367000,202495000,487950000,None,571283000,571283000,679548000,None,None,762462000,None,None,654258000,740039000,3.945,0.038,45642000,45642000,None,-0.085,0.34,2082563000,2736821000,2.37,2012-06-30,10.04,None,14111000000.0,3035707000,1965137000,705561000,None,None,None,62506000,None,63215000,None,None,858992000,None,None,395778000,None,None,None,0.332,1495613000,1031076000,2004631000,93750000,225516000,None,None,None,None,None,None,None,2.308,1.854,2.494,None,None,None,None,None,-2591000,None,0.244,None,6087179000,2025-10-30,quarterly,2.71,USD,pre-market,None,3920483000,0.0909,0.185,-0.024,41.34,125918000,985067000,126075000,None,114.54,106.96,14.346,7753320000,1563238000,1172041000,3437028000,6190082000,2264987000,3606990000,4316292000,10.28,-131344000,134.2,99.8
2025-12-28,EOG,10.07,22653999000.0,10.28,None,0.504,55.69,2049517000,None,643811000,643811000,-26885000,-1375320000,-321662000,2938000,10208000,None,None,-89948000,202495000,487950000,None,571283000,571283000,679548000,None,None,762462000,None,None,654258000,748743000,3.945,0.038,43250000,43250000,None,-0.085,0.34,2082563000,2736821000,2.37,2012-03-31,10.04,None,14111000000.0,3035707000,1965137000,705561000,None,None,None,62506000,None,63215000,None,None,858992000,None,None,324009000,None,None,None,0.332,1077605000,1031076000,2004631000,93750000,225516000,None,None,None,None,None,None,None,2.308,1.854,2.494,None,None,None,None,None,-20072000,None,0.244,None,6087179000,2025-10-30,quarterly,2.71,USD,pre-market,None,3920483000,0.0909,0.185,-0.024,41.34,125918000,985067000,126075000,None,114.54,106.96,14.346,7753320000,1563238000,1172041000,3437028000,6190082000,2264987000,3606990000,4316292000,10.28,-131344000,134.2,99.8
2025-12-28,EOG,10.07,22653999000.0,10.28,None,0.504,55.69,1783165000,None,643811000,643811000,-261413000,-1748410000,-771002000,1934000,-9012000,None,None,-210815000,202495000,487950000,None,571283000,571283000,679548000,None,None,762462000,None,None,654258000,693527000,3.945,0.038,43036000,43036000,None,-0.085,0.34,2082563000,2736821000,2.37,2011-12-31,10.04,None,14111000000.0,3035707000,1965137000,705561000,None,None,None,62506000,None,63215000,None,None,858992000,None,None,120698000,None,None,None,0.332,1236887000,1031076000,2004631000,93750000,225516000,None,None,None,None,None,None,None,2.308,1.854,2.494,None,None,None,None,None,21357000,None,0.244,None,6087179000,2025-10-30,quarterly,2.71,USD,pre-market,None,3920483000,0.0909,0.185,-0.024,41.34,125918000,985067000,126075000,None,114.54,106.96,14.346,7753320000,1563238000,1172041000,3437028000,6190082000,2264987000,3606990000,4316292000,10.28,-131344000,134.2,99.8
2025-12-28,EOG,10.07,22653999000.0,10.28,None,0.504,55.69,1704940000,None,643811000,643811000,-44851000,-1411454000,-190710000,-6688000,-40549000,None,None,36335000,202495000,487950000,None,571283000,571283000,679548000,None,None,762462000,None,None,654258000,245067000,3.945,0.038,42571000,42571000,None,-0.085,0.34,2082563000,2736821000,2.37,2011-09-30,10.04,None,14111000000.0,3035707000,1965137000,705561000,None,None,None,62506000,None,63215000,None,None,858992000,None,None,540878000,None,None,None,0.332,1272283000,1031076000,2004631000,93750000,225516000,None,None,None,None,None,None,None,2.308,1.854,2.494,None,None,None,None,None,-4621000,None,0.244,None,6087179000,2025-10-30,quarterly,2.71,USD,pre-market,None,3920483000,0.0909,0.185,-0.024,41.34,125918000,985067000,126075000,None,114.54,106.96,14.346,7753320000,1563238000,1172041000,3437028000,6190082000,2264987000,3606990000,4316292000,10.28,-131344000,134.2,99.8
2025-12-28,EOG,10.07,22653999000.0,10.28,None,0.504,55.69,1775059000,None,643811000,643811000,-35008000,-1167331000,-90847000,-260000,-59329000,None,None,-51445000,202495000,487950000,None,571283000,571283000,679548000,None,None,762462000,None,None,654258000,616230000,3.945,0.038,42559000,42559000,None,-0.085,0.34,2082563000,2736821000,2.37,2011-06-30,10.04,None,14111000000.0,3035707000,1965137000,705561000,None,None,None,62506000,None,63215000,None,None,858992000,None,None,295574000,None,None,None,0.332,1111752000,1031076000,2004631000,93750000,225516000,None,None,None,None,None,None,None,2.308,1.854,2.494,None,None,None,None,None,-1755000,None,0.244,None,6087179000,2025-10-30,quarterly,2.71,USD,pre-market,None,3920483000,0.0909,0.185,-0.024,41.34,125918000,985067000,126075000,None,114.54,106.96,14.346,7753320000,1563238000,1172041000,3437028000,6190082000,2264987000,3606990000,4316292000,10.28,-131344000,134.2,99.8
2025-12-28,EOG,10.07,22653999000.0,10.28,None,0.504,55.69,1687648000,None,643811000,643811000,1349811000,-1427747000,879432000,-120000,-67733000,None,None,-113855000,202495000,487950000,None,571283000,571283000,679548000,None,None,762462000,None,None,654258000,568226000,3.945,0.038,39003000,39003000,None,-0.085,0.34,2082563000,2736821000,2.37,2011-03-31,10.04,None,14111000000.0,3035707000,1965137000,705561000,None,None,None,62506000,None,63215000,None,None,858992000,None,None,133973000,None,None,None,0.332,957488000,1031076000,2004631000,93750000,225516000,None,None,None,None,None,None,None,2.308,1.854,2.494,None,None,None,None,None,-14981000,None,0.244,None,6087179000,2025-10-30,quarterly,2.71,USD,pre-market,None,3920483000,0.0909,0.185,-0.024,41.34,125918000,985067000,126075000,None,114.54,106.96,14.346,7753320000,1563238000,1172041000,3437028000,6190082000,2264987000,3606990000,4316292000,10.28,-131344000,134.2,99.8
2025-12-28,EOG,10.07,22653999000.0,10.28,None,0.504,55.69,1617427000,None,643811000,643811000,1421692000,-1277530000,761021000,-6016000,-37610000,None,None,-214313000,202495000,487950000,None,571283000,571283000,679548000,None,None,762462000,None,None,654258000,685622000,3.945,0.038,38963000,38963000,None,-0.085,0.34,2082563000,2736821000,2.37,2010-12-31,10.04,None,14111000000.0,3035707000,1965137000,705561000,None,None,None,62506000,None,63215000,None,None,858992000,None,None,53673000,None,None,None,0.332,622875000,1031076000,2004631000,93750000,225516000,None,None,None,None,None,None,None,2.308,1.854,2.494,None,None,None,None,None,-997000,None,0.244,None,6087179000,2025-10-30,quarterly,2.71,USD,pre-market,None,3920483000,0.0909,0.185,-0.024,41.34,125918000,985067000,126075000,None,114.54,106.96,14.346,7753320000,1563238000,1172041000,3437028000,6190082000,2264987000,3606990000,4316292000,10.28,-131344000,134.2,99.8
2025-12-28,EOG,10.07,22653999000.0,10.28,None,0.504,55.69,1560024000,None,643811000,643811000,-10291000,-1394788000,-622282000,-1590000,-66818000,None,None,-85538000,202495000,487950000,None,571283000,571283000,679548000,None,None,762462000,None,None,654258000,709410000,3.945,0.038,39098000,39098000,None,-0.085,0.34,2082563000,2736821000,2.37,2010-09-30,10.04,None,14111000000.0,3035707000,1965137000,705561000,None,None,None,62506000,None,63215000,None,None,858992000,None,None,-70906000,None,None,None,0.332,784387000,1031076000,2004631000,93750000,225516000,None,None,None,None,None,None,None,2.308,1.854,2.494,None,None,None,None,None,-2991000,None,0.244,None,6087179000,2025-10-30,quarterly,2.71,USD,pre-market,None,3920483000,0.0909,0.185,-0.024,41.34,125918000,985067000,126075000,None,114.54,106.96,14.346,7753320000,1563238000,1172041000,3437028000,6190082000,2264987000,3606990000,4316292000,10.28,-131344000,134.2,99.8
2025-12-28,EOG,10.07,22653999000.0,10.28,None,0.504,55.69,1279058000,None,643811000,643811000,928107000,-1190778000,420030000,1648000,-14051000,None,None,56495000,202495000,487950000,None,571283000,571283000,679548000,None,None,762462000,None,None,654258000,543875000,3.945,0.038,38890000,38890000,None,-0.085,0.34,2082563000,2736821000,2.37,2010-06-30,10.04,None,14111000000.0,3035707000,1965137000,705561000,None,None,None,62506000,None,63215000,None,None,858992000,None,None,59872000,None,None,None,0.332,681053000,1031076000,2004631000,93750000,225516000,None,None,None,None,None,None,None,2.308,1.854,2.494,None,None,None,None,None,-1960000,None,0.244,None,6087179000,2025-10-30,quarterly,2.71,USD,pre-market,None,3920483000,0.0909,0.185,-0.024,41.34,125918000,985067000,126075000,None,114.54,106.96,14.346,7753320000,1563238000,1172041000,3437028000,6190082000,2264987000,3606990000,4316292000,10.28,-131344000,134.2,99.8
2025-12-28,EOG,10.07,22653999000.0,10.28,None,0.504,55.69,1124873000,None,643811000,643811000,-36089000,-1039678000,-455667000,-187000,-53312000,None,None,-95770000,202495000,487950000,None,571283000,571283000,679548000,None,None,762462000,None,None,654258000,431906000,3.945,0.038,36289000,36289000,None,-0.085,0.34,2082563000,2736821000,2.37,2010-03-31,10.04,None,14111000000.0,3035707000,1965137000,705561000,None,None,None,62506000,None,63215000,None,None,858992000,None,None,118015000,None,None,None,0.332,620287000,1031076000,2004631000,93750000,225516000,None,None,None,None,None,None,None,2.308,1.854,2.494,None,None,None,None,None,-5347000,None,0.244,None,6087179000,2025-10-30,quarterly,2.71,USD,pre-market,None,3920483000,0.0909,0.185,-0.024,41.34,125918000,985067000,126075000,None,114.54,106.96,14.346,7753320000,1563238000,1172041000,3437028000,6190082000,2264987000,3606990000,4316292000,10.28,-131344000,134.2,99.8
2025-12-28,EOG,10.07,22653999000.0,10.28,None,0.504,55.69,994511000,None,643811000,643811000,11497000,-763190000,None,None,-26554000,None,None,None,202495000,487950000,None,571283000,571283000,679548000,None,None,762462000,None,None,654258000,187545000,3.945,0.038,36271000,36271000,None,-0.085,0.34,2082563000,2736821000,2.37,2009-12-31,10.04,None,14111000000.0,3035707000,1965137000,705561000,None,None,None,62506000,None,63215000,None,None,858992000,None,None,400427000,None,None,None,0.332,828763000,1031076000,2004631000,93750000,225516000,None,None,None,None,None,None,None,2.308,1.854,2.494,None,None,None,None,None,-1098000,None,0.244,None,6087179000,2025-10-30,quarterly,2.71,USD,pre-market,None,3920483000,0.0909,0.185,-0.024,41.34,125918000,985067000,126075000,None,114.54,106.96,14.346,7753320000,1563238000,1172041000,3437028000,6190082000,2264987000,3606990000,4316292000,10.28,-131344000,134.2,99.8
2025-12-28,EOG,10.07,22653999000.0,10.28,None,0.504,55.69,923062000,None,643811000,643811000,-22771000,-899036000,None,None,-1441000,None,None,None,202495000,487950000,None,571283000,571283000,679548000,None,None,762462000,None,None,654258000,768113000,3.945,0.038,36473000,36473000,None,-0.085,0.34,2082563000,2736821000,2.37,2009-09-30,10.04,None,14111000000.0,3035707000,1965137000,705561000,None,None,None,62506000,None,63215000,None,None,858992000,None,None,4196000,None,None,None,0.332,816458000,1031076000,2004631000,93750000,225516000,None,None,None,None,None,None,None,2.308,1.854,2.494,None,None,None,None,None,-3763000,None,0.244,None,6087179000,2025-10-30,quarterly,2.71,USD,pre-market,None,3920483000,0.0909,0.185,-0.024,41.34,125918000,985067000,126075000,None,114.54,106.96,14.346,7753320000,1563238000,1172041000,3437028000,6190082000,2264987000,3606990000,4316292000,10.28,-131344000,134.2,99.8
2025-12-28,EOG,10.07,22653999000.0,10.28,None,0.504,55.69,697840000,None,643811000,643811000,669957000,-727198000,None,None,745000,None,None,None,202495000,487950000,None,571283000,571283000,679548000,None,None,762462000,None,None,654258000,767487000,3.945,0.038,36025000,36025000,None,-0.085,0.34,2082563000,2736821000,2.37,2009-06-30,10.04,None,14111000000.0,3035707000,1965137000,705561000,None,None,None,62506000,None,63215000,None,None,858992000,None,None,-16706000,None,None,None,0.332,671379000,1031076000,2004631000,93750000,225516000,None,None,None,None,None,None,None,2.308,1.854,2.494,None,None,None,None,None,-1221000,None,0.244,None,6087179000,2025-10-30,quarterly,2.71,USD,pre-market,None,3920483000,0.0909,0.185,-0.024,41.34,125918000,985067000,126075000,None,114.54,106.96,14.346,7753320000,1563238000,1172041000,3437028000,6190082000,2264987000,3606990000,4316292000,10.28,-131344000,134.2,99.8
2025-12-28,EOG,10.07,22653999000.0,10.28,None,0.504,55.69,887596000,None,643811000,643811000,175479000,-1025127000,None,None,-22896000,None,None,None,202495000,487950000,None,571283000,571283000,679548000,None,None,762462000,None,None,654258000,389329000,3.945,0.038,33491000,33491000,None,-0.085,0.34,2082563000,2736821000,2.37,2009-03-31,10.04,None,14111000000.0,3035707000,1965137000,705561000,None,None,None,62506000,None,63215000,None,None,858992000,None,None,158710000,None,None,None,0.332,605839000,1031076000,2004631000,93750000,225516000,None,None,None,None,None,None,None,2.308,1.854,2.494,None,None,None,None,None,-4904000,None,0.244,None,6087179000,2025-10-30,quarterly,2.71,USD,pre-market,None,3920483000,0.0909,0.185,-0.024,41.34,125918000,985067000,126075000,None,114.54,106.96,14.346,7753320000,1563238000,1172041000,3437028000,6190082000,2264987000,3606990000,4316292000,10.28,-131344000,134.2,99.8
2025-12-28,EOG,10.07,22653999000.0,10.28,None,0.504,55.69,1342429000,None,643811000,643811000,-99427000,-1467328000,None,None,-46695000,None,None,None,202495000,487950000,None,571283000,571283000,679548000,None,None,762462000,None,None,654258000,368135000,3.945,0.038,33751000,33751000,None,-0.085,0.34,2082563000,2736821000,2.37,2008-12-31,10.04,None,14111000000.0,3035707000,1965137000,705561000,None,None,None,62506000,None,63215000,None,None,858992000,None,None,461472000,None,None,None,0.332,1033563000,1031076000,2004631000,93750000,225516000,None,None,None,None,None,None,None,2.308,1.854,2.494,None,None,None,None,None,16661000,None,0.244,None,6087179000,2025-10-30,quarterly,2.71,USD,pre-market,None,3920483000,0.0909,0.185,-0.024,41.34,125918000,985067000,126075000,None,114.54,106.96,14.346,7753320000,1563238000,1172041000,3437028000,6190082000,2264987000,3606990000,4316292000,10.28,-131344000,134.2,99.8
2025-12-28,EOG,10.07,22653999000.0,10.28,None,0.504,55.69,1511920000,None,643811000,643811000,742251000,-1492700000,None,None,-36178000,None,None,None,202495000,487950000,None,571283000,571283000,679548000,None,None,762462000,None,None,654258000,346247000,3.945,0.038,29806000,29806000,None,-0.085,0.34,2082563000,2736821000,2.37,2008-09-30,10.04,None,14111000000.0,3035707000,1965137000,705561000,None,None,None,62506000,None,63215000,None,None,858992000,None,None,1556285000,None,None,None,0.332,1537065000,1031076000,2004631000,93750000,225516000,None,None,None,None,None,None,None,2.308,1.854,2.494,None,None,None,None,None,-9796000,None,0.244,None,6087179000,2025-10-30,quarterly,2.71,USD,pre-market,None,3920483000,0.0909,0.185,-0.024,41.34,125918000,985067000,126075000,None,114.54,106.96,14.346,7753320000,1563238000,1172041000,3437028000,6190082000,2264987000,3606990000,4316292000,10.28,-131344000,134.2,99.8
2025-12-28,EOG,10.07,22653999000.0,10.28,None,0.504,55.69,1193498000,None,643811000,643811000,-34826000,-1199772000,None,None,-12461000,None,None,None,202495000,487950000,None,571283000,571283000,679548000,None,None,762462000,None,None,654258000,315294000,3.945,0.038,29558000,29558000,None,-0.085,0.34,2082563000,2736821000,2.37,2008-06-30,10.04,None,14111000000.0,3035707000,1965137000,705561000,None,None,None,62506000,None,63215000,None,None,858992000,None,None,178206000,None,None,None,0.332,1141044000,1031076000,2004631000,93750000,225516000,None,None,None,None,None,None,None,2.308,1.854,2.494,None,None,None,None,None,-1470000,None,0.244,None,6087179000,2025-10-30,quarterly,2.71,USD,pre-market,None,3920483000,0.0909,0.185,-0.024,41.34,125918000,985067000,126075000,None,114.54,106.96,14.346,7753320000,1563238000,1172041000,3437028000,6190082000,2264987000,3606990000,4316292000,10.28,-131344000,134.2,99.8
2025-12-28,EOG,10.07,22653999000.0,10.28,None,0.504,55.69,1147624000,None,643811000,643811000,37107000,-806718000,None,None,3285000,None,None,None,202495000,487950000,None,571283000,571283000,679548000,None,None,762462000,None,None,654258000,297199000,3.945,0.038,22089000,22089000,None,-0.085,0.34,2082563000,2736821000,2.37,2008-03-31,10.04,None,14111000000.0,3035707000,1965137000,705561000,None,None,None,62506000,None,63215000,None,None,858992000,None,None,240956000,None,None,None,0.332,921577000,1031076000,2004631000,93750000,225516000,None,None,None,None,None,None,None,2.308,1.854,2.494,None,None,None,None,None,-10903000,None,0.244,None,6087179000,2025-10-30,quarterly,2.71,USD,pre-market,None,3920483000,0.0909,0.185,-0.024,41.34,125918000,985067000,126075000,None,114.54,106.96,14.346,7753320000,1563238000,1172041000,3437028000,6190082000,2264987000,3606990000,4316292000,10.28,-131344000,134.2,99.8
2025-12-28,EOG,10.07,22653999000.0,10.28,None,0.504,55.69,1037191000,None,643811000,643811000,-129789000,-863203000,None,None,5406000,None,None,None,202495000,487950000,None,571283000,571283000,679548000,None,None,762462000,None,None,654258000,282234000,3.945,0.038,22767000,22767000,None,-0.085,0.34,2082563000,2736821000,2.37,2007-12-31,10.04,None,14111000000.0,3035707000,1965137000,705561000,None,None,None,62506000,None,63215000,None,None,858992000,None,None,361195000,None,None,None,0.332,747417000,1031076000,2004631000,93750000,225516000,None,None,None,None,None,None,None,2.308,1.854,2.494,None,None,None,None,None,-40556000,None,0.244,None,6087179000,2025-10-30,quarterly,2.71,USD,pre-market,None,3920483000,0.0909,0.185,-0.024,41.34,125918000,985067000,126075000,None,114.54,106.96,14.346,7753320000,1563238000,1172041000,3437028000,6190082000,2264987000,3606990000,4316292000,10.28,-131344000,134.2,99.8
2025-12-28,EOG,10.07,22653999000.0,10.28,None,0.504,55.69,893388000,None,643811000,643811000,386465000,-870374000,None,None,6708000,None,None,None,202495000,487950000,None,571283000,571283000,679548000,None,None,762462000,None,None,654258000,279189000,3.945,0.038,22883000,22883000,None,-0.085,0.34,2082563000,2736821000,2.37,2007-09-30,10.04,None,14111000000.0,3035707000,1965137000,705561000,None,None,None,62506000,None,63215000,None,None,858992000,None,None,204003000,None,None,None,0.332,724260000,1031076000,2004631000,93750000,225516000,None,None,None,None,None,None,None,2.308,1.854,2.494,None,None,None,None,None,None,None,0.244,None,6087179000,2025-10-30,quarterly,2.71,USD,pre-market,None,3920483000,0.0909,0.185,-0.024,41.34,125918000,985067000,126075000,None,114.54,106.96,14.346,7753320000,1563238000,1172041000,3437028000,6190082000,2264987000,3606990000,4316292000,10.28,-131344000,134.2,99.8
2025-12-28,EOG,10.07,22653999000.0,10.28,None,0.504,55.69,880547000,None,643811000,643811000,53549000,-863986000,None,None,6368000,None,None,None,202495000,487950000,None,571283000,571283000,679548000,None,None,762462000,None,None,654258000,259780000,3.945,0.038,22848000,22848000,None,-0.085,0.34,2082563000,2736821000,2.37,2007-06-30,10.04,None,14111000000.0,3035707000,1965137000,705561000,None,None,None,62506000,None,63215000,None,None,858992000,None,None,307053000,None,None,None,0.332,723208000,1031076000,2004631000,93750000,225516000,None,None,None,None,None,None,None,2.308,1.854,2.494,None,None,None,None,None,None,None,0.244,None,6087179000,2025-10-30,quarterly,2.71,USD,pre-market,None,3920483000,0.0909,0.185,-0.024,41.34,125918000,985067000,126075000,None,114.54,106.96,14.346,7753320000,1563238000,1172041000,3437028000,6190082000,2264987000,3606990000,4316292000,10.28,-131344000,134.2,99.8
2025-12-28,EOG,10.07,22653999000.0,10.28,None,0.504,55.69,867936000,None,643811000,643811000,83498000,-858211000,None,None,-8844000,None,None,None,202495000,487950000,None,571283000,571283000,679548000,None,None,762462000,None,None,654258000,244342000,3.945,0.038,15522000,15522000,None,-0.085,0.34,2082563000,2736821000,2.37,2007-03-31,10.04,None,14111000000.0,3035707000,1965137000,705561000,None,None,None,62506000,None,63215000,None,None,858992000,None,None,217667000,None,None,None,0.332,698480000,1031076000,2004631000,93750000,225516000,None,None,None,None,None,None,None,2.308,1.854,2.494,None,None,None,None,None,None,None,0.244,None,6087179000,2025-10-30,quarterly,2.71,USD,pre-market,None,3920483000,0.0909,0.185,-0.024,41.34,125918000,985067000,126075000,None,114.54,106.96,14.346,7753320000,1563238000,1172041000,3437028000,6190082000,2264987000,3606990000,4316292000,10.28,-131344000,134.2,99.8
2025-12-28,EOG,10.07,22653999000.0,10.28,None,0.504,55.69,866021000,None,643811000,643811000,-155292000,-818399000,None,None,3651000,None,None,None,202495000,487950000,None,571283000,571283000,679548000,None,None,762462000,None,None,654258000,230438000,3.945,0.038,16428000,16428000,None,-0.085,0.34,2082563000,2736821000,2.37,2006-12-31,10.04,None,14111000000.0,3035707000,1965137000,705561000,None,None,None,62506000,None,63215000,None,None,858992000,None,None,242625000,None,None,None,0.332,599005000,1031076000,2004631000,93750000,225516000,None,None,None,None,None,None,None,2.308,1.854,2.494,None,None,None,None,None,None,None,0.244,None,6087179000,2025-10-30,quarterly,2.71,USD,pre-market,None,3920483000,0.0909,0.185,-0.024,41.34,125918000,985067000,126075000,None,114.54,106.96,14.346,7753320000,1563238000,1172041000,3437028000,6190082000,2264987000,3606990000,4316292000,10.28,-131344000,134.2,99.8
2025-12-28,EOG,10.07,22653999000.0,10.28,None,0.504,55.69,763282000,None,643811000,643811000,-55098000,-712086000,None,None,-18955000,None,None,None,202495000,487950000,None,571283000,571283000,679548000,None,None,762462000,None,None,654258000,216071000,3.945,0.038,16303000,16303000,None,-0.085,0.34,2082563000,2736821000,2.37,2006-09-30,10.04,None,14111000000.0,3035707000,1965137000,705561000,None,None,None,62506000,None,63215000,None,None,858992000,None,None,299136000,None,None,None,0.332,603116000,1031076000,2004631000,93750000,225516000,None,None,None,None,None,None,None,2.308,1.854,2.494,None,None,None,None,None,None,None,0.244,None,6087179000,2025-10-30,quarterly,2.71,USD,pre-market,None,3920483000,0.0909,0.185,-0.024,41.34,125918000,985067000,126075000,None,114.54,106.96,14.346,7753320000,1563238000,1172041000,3437028000,6190082000,2264987000,3606990000,4316292000,10.28,-131344000,134.2,99.8
2025-12-28,EOG,10.07,22653999000.0,10.28,None,0.504,55.69,600879000,None,643811000,643811000,-37940000,-621616000,None,None,-21696000,None,None,None,202495000,487950000,None,571283000,571283000,679548000,None,None,762462000,None,None,654258000,192928000,3.945,0.038,16280000,16280000,None,-0.085,0.34,2082563000,2736821000,2.37,2006-06-30,10.04,None,14111000000.0,3035707000,1965137000,705561000,None,None,None,62506000,None,63215000,None,None,858992000,None,None,331417000,None,None,None,0.332,589665000,1031076000,2004631000,93750000,225516000,None,None,None,None,None,None,None,2.308,1.854,2.494,None,None,None,None,None,None,None,0.244,None,6087179000,2025-10-30,quarterly,2.71,USD,pre-market,None,3920483000,0.0909,0.185,-0.024,41.34,125918000,985067000,126075000,None,114.54,106.96,14.346,7753320000,1563238000,1172041000,3437028000,6190082000,2264987000,3606990000,4316292000,10.28,-131344000,134.2,99.8
2025-12-28,EOG,10.07,22653999000.0,10.28,None,0.504,55.69,589048000,None,643811000,643811000,-50552000,-558272000,None,None,-13370000,None,None,None,202495000,487950000,None,571283000,571283000,679548000,None,None,762462000,None,None,654258000,177652000,3.945,0.038,11432000,11432000,None,-0.085,0.34,2082563000,2736821000,2.37,2006-03-31,10.04,None,14111000000.0,3035707000,1965137000,705561000,None,None,None,62506000,None,63215000,None,None,858992000,None,None,426707000,None,None,None,0.332,786767000,1031076000,2004631000,93750000,225516000,None,None,None,None,None,None,None,2.308,1.854,2.494,None,None,None,None,None,None,None,0.244,None,6087179000,2025-10-30,quarterly,2.71,USD,pre-market,None,3920483000,0.0909,0.185,-0.024,41.34,125918000,985067000,126075000,None,114.54,106.96,14.346,7753320000,1563238000,1172041000,3437028000,6190082000,2264987000,3606990000,4316292000,10.28,-131344000,134.2,99.8
2025-12-28,EOG,10.07,22653999000.0,10.28,None,0.504,55.69,501048000,None,643811000,643811000,-60860000,-499969000,None,None,-8349000,None,None,None,202495000,487950000,None,571283000,571283000,679548000,None,None,762462000,None,None,654258000,176974000,3.945,0.038,11411000,11411000,None,-0.085,0.34,2082563000,2736821000,2.37,2005-12-31,10.04,None,14111000000.0,3035707000,1965137000,705561000,None,None,None,62506000,None,63215000,None,None,858992000,None,None,463656000,None,None,None,0.332,865214000,1031076000,2004631000,93750000,225516000,None,None,None,None,None,None,None,2.308,1.854,2.494,None,None,None,None,None,None,None,0.244,None,6087179000,2025-10-30,quarterly,2.71,USD,pre-market,None,3920483000,0.0909,0.185,-0.024,41.34,125918000,985067000,126075000,None,114.54,106.96,14.346,7753320000,1563238000,1172041000,3437028000,6190082000,2264987000,3606990000,4316292000,10.28,-131344000,134.2,99.8
2025-12-28,EOG,10.07,22653999000.0,10.28,None,0.504,55.69,461368000,None,643811000,643811000,-55185000,-411309000,None,None,-2551000,None,None,None,202495000,487950000,None,571283000,571283000,679548000,None,None,762462000,None,None,654258000,164372000,3.945,0.038,11355000,11355000,None,-0.085,0.34,2082563000,2736821000,2.37,2005-09-30,10.04,None,14111000000.0,3035707000,1965137000,705561000,None,None,None,62506000,None,63215000,None,None,858992000,None,None,343761000,None,None,None,0.332,518807000,1031076000,2004631000,93750000,225516000,None,None,None,None,None,None,None,2.308,1.854,2.494,None,None,None,None,None,None,None,0.244,None,6087179000,2025-10-30,quarterly,2.71,USD,pre-market,None,3920483000,0.0909,0.185,-0.024,41.34,125918000,985067000,126075000,None,114.54,106.96,14.346,7753320000,1563238000,1172041000,3437028000,6190082000,2264987000,3606990000,4316292000,10.28,-131344000,134.2,99.8
2025-12-28,EOG,10.07,22653999000.0,10.28,None,0.504,55.69,6372000000,None,643811000,643811000,-4361000000,-5967000000,None,None,259000000,None,None,None,202495000,487950000,None,571283000,571283000,679548000,None,None,762462000,None,None,654258000,4108000000,3.945,0.038,2087000000,2087000000,None,-0.085,0.34,2082563000,2736821000,2.37,2024-12-31,10.04,None,14111000000.0,3035707000,1965137000,705561000,None,None,None,62506000,None,63215000,None,None,858992000,None,None,6403000000,None,None,None,0.332,12143000000,1031076000,2004631000,93750000,225516000,None,None,None,None,None,None,None,2.308,1.854,2.494,None,None,None,None,None,-3246000000,None,0.244,None,6087179000,2025-10-30,annual,2.71,USD,pre-market,None,3920483000,0.0909,0.185,-0.024,41.34,125918000,985067000,126075000,None,114.54,106.96,14.346,7753320000,1563238000,1172041000,3437028000,6190082000,2264987000,3606990000,4316292000,10.28,-131344000,134.2,99.8
2025-12-28,EOG,10.07,22653999000.0,10.28,None,0.504,55.69,6185000000,None,643811000,643811000,-5694000000,-6340000000,None,None,-231000000,None,None,None,202495000,487950000,None,571283000,571283000,679548000,None,None,762462000,None,None,654258000,3492000000,3.945,0.038,3386000000,3386000000,None,-0.085,0.34,2082563000,2736821000,2.37,2023-12-31,10.04,None,14111000000.0,3035707000,1965137000,705561000,None,None,None,62506000,None,63215000,None,None,858992000,None,None,7594000000,None,None,None,0.332,11340000000,1031076000,2004631000,93750000,225516000,None,None,None,None,None,None,None,2.308,1.854,2.494,None,None,None,None,None,-1038000000,None,0.244,None,6087179000,2025-10-30,annual,2.71,USD,pre-market,None,3920483000,0.0909,0.185,-0.024,41.34,125918000,985067000,126075000,None,114.54,106.96,14.346,7753320000,1563238000,1172041000,3437028000,6190082000,2264987000,3606990000,4316292000,10.28,-131344000,134.2,99.8
2025-12-28,EOG,10.07,22653999000.0,10.28,None,0.504,55.69,1014000000,None,643811000,643811000,-1414000000,-5056000000,764000000,None,-108000000,None,None,-347000000,202495000,487950000,None,571283000,571283000,679548000,None,None,762462000,None,None,654258000,910000000,3.945,0.038,1406000000,1406000000,None,-0.085,0.34,2082563000,2736821000,2.37,2022-12-31,10.04,None,14111000000.0,3035707000,1965137000,705561000,None,None,None,62506000,None,63215000,None,None,858992000,None,None,1985000000,None,None,None,0.332,3166000000,1031076000,2004631000,93750000,225516000,None,None,None,None,None,None,None,2.308,1.854,2.494,None,None,None,None,None,-8000000,None,0.244,None,6087179000,2025-10-30,annual,2.71,USD,pre-market,None,3920483000,0.0909,0.185,-0.024,41.34,125918000,985067000,126075000,None,114.54,106.96,14.346,7753320000,1563238000,1172041000,3437028000,6190082000,2264987000,3606990000,4316292000,10.28,-131344000,134.2,99.8
2025-12-28,EOG,10.07,22653999000.0,10.28,None,0.504,55.69,3850000000,None,643811000,643811000,-3493000000,-3419000000,1879000000,None,-13000000,None,None,-821000000,202495000,487950000,None,571283000,571283000,679548000,None,None,762462000,None,None,654258000,5162000000,3.945,0.038,2684000000,2684000000,None,-0.085,0.34,2082563000,2736821000,2.37,2021-12-31,10.04,None,14111000000.0,3035707000,1965137000,705561000,None,None,None,62506000,None,63215000,None,None,858992000,None,None,4664000000,None,None,None,0.332,8791000000,1031076000,2004631000,93750000,225516000,None,None,None,None,None,None,None,2.308,1.854,2.494,None,None,None,None,None,-41000000,None,0.244,None,6087179000,2025-10-30,annual,2.71,USD,pre-market,None,3920483000,0.0909,0.185,-0.024,41.34,125918000,985067000,126075000,None,114.54,106.96,14.346,7753320000,1563238000,1172041000,3437028000,6190082000,2264987000,3606990000,4316292000,10.28,-131344000,134.2,99.8
2025-12-28,EOG,10.07,22653999000.0,10.28,None,0.504,55.69,3464700000,None,643811000,643811000,-359025000,-3347506000,1300956000,-296000,122647000,None,None,466523000,202495000,487950000,None,571283000,571283000,679548000,None,None,762462000,None,None,654258000,4402279000,3.945,0.038,820823000,820823000,None,-0.085,0.34,2082563000,2736821000,2.37,2020-12-31,10.04,None,14111000000.0,3035707000,1965137000,705561000,None,None,None,62506000,None,63215000,None,None,858992000,None,None,-604572000,None,None,None,0.332,5007783000,1031076000,2004631000,93750000,225516000,None,None,None,None,None,None,None,2.308,1.854,2.494,None,None,None,None,None,-16130000,None,0.244,None,6087179000,2025-10-30,annual,2.71,USD,pre-market,None,3920483000,0.0909,0.185,-0.024,41.34,125918000,985067000,126075000,None,114.54,106.96,14.346,7753320000,1563238000,1172041000,3437028000,6190082000,2264987000,3606990000,4316292000,10.28,-131344000,134.2,99.8
2025-12-28,EOG,10.07,22653999000.0,10.28,None,0.504,55.69,6422526000,None,643811000,643811000,-1513321000,-6177173000,472338000,-348000,90284000,None,None,-91792000,202495000,487950000,None,571283000,571283000,679548000,None,None,762462000,None,None,654258000,3963712000,3.945,0.038,588200000,588200000,None,-0.085,0.34,2082563000,2736821000,2.37,2019-12-31,10.04,None,14111000000.0,3035707000,1965137000,705561000,None,None,None,62506000,None,63215000,None,None,858992000,None,None,2734910000,None,None,None,0.332,8163180000,1031076000,2004631000,93750000,225516000,None,None,None,None,None,None,None,2.308,1.854,2.494,None,None,None,None,None,-25152000,None,0.244,None,6087179000,2025-10-30,annual,2.71,USD,pre-market,None,3920483000,0.0909,0.185,-0.024,41.34,125918000,985067000,126075000,None,114.54,106.96,14.346,7753320000,1563238000,1172041000,3437028000,6190082000,2264987000,3606990000,4316292000,10.28,-131344000,134.2,99.8
2025-12-28,EOG,10.07,22653999000.0,10.28,None,0.504,55.69,6076475000,None,643811000,643811000,-839103000,-6170162000,721406000,-37937000,-395408000,None,None,-368180000,202495000,487950000,None,571283000,571283000,679548000,None,None,762462000,None,None,654258000,3773507000,3.945,0.038,438045000,438045000,None,-0.085,0.34,2082563000,2736821000,2.37,2018-12-31,10.04,None,14111000000.0,3035707000,1965137000,705561000,None,None,None,62506000,None,63215000,None,None,858992000,None,None,3419040000,None,None,None,0.332,7768608000,1031076000,2004631000,93750000,225516000,None,None,None,None,None,None,None,2.308,1.854,2.494,None,None,None,None,None,-63456000,None,0.244,None,6087179000,2025-10-30,annual,2.71,USD,pre-market,None,3920483000,0.0909,0.185,-0.024,41.34,125918000,985067000,126075000,None,114.54,106.96,14.346,7753320000,1563238000,1172041000,3437028000,6190082000,2264987000,3606990000,4316292000,10.28,-131344000,134.2,99.8
2025-12-28,EOG,10.07,22653999000.0,10.28,None,0.504,55.69,4124242000,None,643811000,643811000,-1035711000,-3987409000,-765667000,-7883000,-174548000,None,None,-392131000,202495000,487950000,None,571283000,571283000,679548000,None,None,762462000,None,None,654258000,3967895000,3.945,0.038,386531000,386531000,None,-0.085,0.34,2082563000,2736821000,2.37,2017-12-31,10.04,None,14111000000.0,3035707000,1965137000,705561000,None,None,None,62506000,None,63215000,None,None,858992000,None,None,2582579000,None,None,None,0.332,4265336000,1031076000,2004631000,93750000,225516000,None,None,None,None,None,None,None,2.308,1.854,2.494,None,None,None,None,None,-63408000,None,0.244,None,6087179000,2025-10-30,annual,2.71,USD,pre-market,None,3920483000,0.0909,0.185,-0.024,41.34,125918000,985067000,126075000,None,114.54,106.96,14.346,7753320000,1563238000,1172041000,3437028000,6190082000,2264987000,3606990000,4316292000,10.28,-131344000,134.2,99.8
2025-12-28,EOG,10.07,22653999000.0,10.28,None,0.504,55.69,2582795000,None,643811000,643811000,-242722000,-1252944000,881389000,17992000,170694000,None,None,-232799000,202495000,487950000,None,571283000,571283000,679548000,None,None,762462000,None,None,654258000,4038100000,3.945,0.038,372845000,372845000,None,-0.085,0.34,2082563000,2736821000,2.37,2016-12-31,10.04,None,14111000000.0,3035707000,1965137000,705561000,None,None,None,62506000,None,63215000,None,None,858992000,None,None,-1096686000,None,None,None,0.332,2359063000,1031076000,2004631000,93750000,225516000,None,None,None,None,None,None,None,2.308,1.854,2.494,None,None,None,None,None,-82125000,None,0.244,None,6087179000,2025-10-30,annual,2.71,USD,pre-market,None,3920483000,0.0909,0.185,-0.024,41.34,125918000,985067000,126075000,None,114.54,106.96,14.346,7753320000,1563238000,1172041000,3437028000,6190082000,2264987000,3606990000,4316292000,10.28,-131344000,134.2,99.8
2025-12-28,EOG,10.07,22653999000.0,10.28,None,0.504,55.69,5013163000,None,643811000,643811000,370921000,-5320256000,-1368707000,-14537000,58450000,None,None,641412000,202495000,487950000,None,571283000,571283000,679548000,None,None,762462000,None,None,654258000,9848006000,3.945,0.038,367005000,367005000,None,-0.085,0.34,2082563000,2736821000,2.37,2015-12-31,10.04,None,14111000000.0,3035707000,1965137000,705561000,None,None,None,62506000,None,63215000,None,None,858992000,None,None,-4524515000,None,None,None,0.332,3595165000,1031076000,2004631000,93750000,225516000,None,None,None,None,None,None,None,2.308,1.854,2.494,None,None,None,None,None,-48791000,None,0.244,None,6087179000,2025-10-30,annual,2.71,USD,pre-market,None,3920483000,0.0909,0.185,-0.024,41.34,125918000,985067000,126075000,None,114.54,106.96,14.346,7753320000,1563238000,1172041000,3437028000,6190082000,2264987000,3606990000,4316292000,10.28,-131344000,134.2,99.8
2025-12-28,EOG,10.07,22653999000.0,10.28,None,0.504,55.69,8246805000,None,643811000,643811000,-327734000,-7513565000,769004000,-38852000,-161958000,None,None,84982000,202495000,487950000,None,571283000,571283000,679548000,None,None,762462000,None,None,654258000,3299294000,3.945,0.038,279695000,279695000,None,-0.085,0.34,2082563000,2736821000,2.37,2014-12-31,10.04,None,14111000000.0,3035707000,1965137000,705561000,None,None,None,62506000,None,63215000,None,None,858992000,None,None,2915487000,None,None,None,0.332,8649155000,1031076000,2004631000,93750000,225516000,None,None,None,None,None,None,None,2.308,1.854,2.494,None,None,None,None,None,-127424000,None,0.244,None,6087179000,2025-10-30,annual,2.71,USD,pre-market,None,3920483000,0.0909,0.185,-0.024,41.34,125918000,985067000,126075000,None,114.54,106.96,14.346,7753320000,1563238000,1172041000,3437028000,6190082000,2264987000,3606990000,4316292000,10.28,-131344000,134.2,99.8
2025-12-28,EOG,10.07,22653999000.0,10.28,None,0.504,55.69,7060627000,None,643811000,643811000,-573926000,-6314778000,441774000,1064000,53402000,None,None,-23613000,202495000,487950000,None,571283000,571283000,679548000,None,None,762462000,None,None,654258000,3917231000,3.945,0.038,199178000,199178000,None,-0.085,0.34,2082563000,2736821000,2.37,2013-12-31,10.04,None,14111000000.0,3035707000,1965137000,705561000,None,None,None,62506000,None,63215000,None,None,858992000,None,None,2197109000,None,None,None,0.332,7329414000,1031076000,2004631000,93750000,225516000,None,None,None,None,None,None,None,2.308,1.854,2.494,None,None,None,None,None,-63784000,None,0.244,None,6087179000,2025-10-30,annual,2.71,USD,pre-market,None,3920483000,0.0909,0.185,-0.024,41.34,125918000,985067000,126075000,None,114.54,106.96,14.346,7753320000,1563238000,1172041000,3437028000,6190082000,2264987000,3606990000,4316292000,10.28,-131344000,134.2,99.8
2025-12-28,EOG,10.07,22653999000.0,10.28,None,0.504,55.69,7355116000,None,643811000,643811000,1139751000,-6119263000,260709000,3444000,-156762000,None,None,-178683000,202495000,487950000,None,571283000,571283000,679548000,None,None,762462000,None,None,654258000,4498478000,3.945,0.038,181080000,181080000,None,-0.085,0.34,2082563000,2736821000,2.37,2012-12-31,10.04,None,14111000000.0,3035707000,1965137000,705561000,None,None,None,62506000,None,63215000,None,None,858992000,None,None,570279000,None,None,None,0.332,5236777000,1031076000,2004631000,93750000,225516000,None,None,None,None,None,None,None,2.308,1.854,2.494,None,None,None,None,None,-58592000,None,0.244,None,6087179000,2025-10-30,annual,2.71,USD,pre-market,None,3920483000,0.0909,0.185,-0.024,41.34,125918000,985067000,126075000,None,114.54,106.96,14.346,7753320000,1563238000,1172041000,3437028000,6190082000,2264987000,3606990000,4316292000,10.28,-131344000,134.2,99.8
2025-12-28,EOG,10.07,22653999000.0,10.28,None,0.504,55.69,6950812000,None,643811000,643811000,1008539000,-5754942000,-173127000,-5134000,-176623000,None,None,-339780000,202495000,487950000,None,571283000,571283000,679548000,None,None,762462000,None,None,654258000,2516381000,3.945,0.038,167169000,167169000,None,-0.085,0.34,2082563000,2736821000,2.37,2011-12-31,10.04,None,14111000000.0,3035707000,1965137000,705561000,None,None,None,62506000,None,63215000,None,None,858992000,None,None,1091123000,None,None,None,0.332,4578410000,1031076000,2004631000,93750000,225516000,None,None,None,None,None,None,None,2.308,1.854,2.494,None,None,None,None,None,-23922000,None,0.244,None,6087179000,2025-10-30,annual,2.71,USD,pre-market,None,3920483000,0.0909,0.185,-0.024,41.34,125918000,985067000,126075000,None,114.54,106.96,14.346,7753320000,1563238000,1172041000,3437028000,6190082000,2264987000,3606990000,4316292000,10.28,-131344000,134.2,99.8
2025-12-28,EOG,10.07,22653999000.0,10.28,None,0.504,55.69,5581382000,None,643811000,643811000,2303419000,-4902774000,103102000,-6145000,-171791000,None,None,-339126000,202495000,487950000,None,571283000,571283000,679548000,None,None,762462000,None,None,654258000,2478642000,3.945,0.038,153240000,153240000,None,-0.085,0.34,2082563000,2736821000,2.37,2010-12-31,10.04,None,14111000000.0,3035707000,1965137000,705561000,None,None,None,62506000,None,63215000,None,None,858992000,None,None,160654000,None,None,None,0.332,2708602000,1031076000,2004631000,93750000,225516000,None,None,None,None,None,None,None,2.308,1.854,2.494,None,None,None,None,None,-11295000,None,0.244,None,6087179000,2025-10-30,annual,2.71,USD,pre-market,None,3920483000,0.0909,0.185,-0.024,41.34,125918000,985067000,126075000,None,114.54,106.96,14.346,7753320000,1563238000,1172041000,3437028000,6190082000,2264987000,3606990000,4316292000,10.28,-131344000,134.2,99.8
2025-12-28,EOG,10.07,22653999000.0,10.28,None,0.504,55.69,3503009000,None,643811000,643811000,834162000,-3414551000,354440000,12390000,-50146000,None,None,-47818000,202495000,487950000,None,571283000,571283000,679548000,None,None,762462000,None,None,654258000,2140520000,3.945,0.038,142260000,142260000,None,-0.085,0.34,2082563000,2736821000,2.37,2009-12-31,10.04,None,14111000000.0,3035707000,1965137000,705561000,None,None,None,62506000,None,63215000,None,None,858992000,None,None,546627000,None,None,None,0.332,2922439000,1031076000,2004631000,93750000,225516000,None,None,None,None,None,None,None,2.308,1.854,2.494,None,None,None,None,None,-10986000,None,0.244,None,6087179000,2025-10-30,annual,2.71,USD,pre-market,None,3920483000,0.0909,0.185,-0.024,41.34,125918000,985067000,126075000,None,114.54,106.96,14.346,7753320000,1563238000,1172041000,3437028000,6190082000,2264987000,3606990000,4316292000,10.28,-131344000,134.2,99.8
2025-12-28,EOG,10.07,22653999000.0,10.28,None,0.504,55.69,5195471000,None,643811000,643811000,645105000,-4966518000,None,None,-92049000,None,None,None,202495000,487950000,None,571283000,571283000,679548000,None,None,762462000,None,None,654258000,1326875000,3.945,0.038,115204000,115204000,None,-0.085,0.34,2082563000,2736821000,2.37,2008-12-31,10.04,None,14111000000.0,3035707000,1965137000,705561000,None,None,None,62506000,None,63215000,None,None,858992000,None,None,2436919000,None,None,None,0.332,4633249000,1031076000,2004631000,93750000,225516000,None,None,None,None,None,None,None,2.308,1.854,2.494,None,None,None,None,None,-23229000,None,0.244,None,6087179000,2025-10-30,annual,2.71,USD,pre-market,None,3920483000,0.0909,0.185,-0.024,41.34,125918000,985067000,126075000,None,114.54,106.96,14.346,7753320000,1563238000,1172041000,3437028000,6190082000,2264987000,3606990000,4316292000,10.28,-131344000,134.2,99.8
2025-12-28,EOG,10.07,22653999000.0,10.28,None,0.504,55.69,3679062000,None,643811000,643811000,393723000,-3455774000,None,None,9638000,None,None,None,202495000,487950000,None,571283000,571283000,679548000,None,None,762462000,None,None,654258000,1065545000,3.945,0.038,84020000,84020000,None,-0.085,0.34,2082563000,2736821000,2.37,2007-12-31,10.04,None,14111000000.0,3035707000,1965137000,705561000,None,None,None,62506000,None,63215000,None,None,858992000,None,None,1089918000,None,None,None,0.332,2893365000,1031076000,2004631000,93750000,225516000,None,None,None,None,None,None,None,2.308,1.854,2.494,None,None,None,None,None,-51197000,None,0.244,None,6087179000,2025-10-30,annual,2.71,USD,pre-market,None,3920483000,0.0909,0.185,-0.024,41.34,125918000,985067000,126075000,None,114.54,106.96,14.346,7753320000,1563238000,1172041000,3437028000,6190082000,2264987000,3606990000,4316292000,10.28,-131344000,134.2,99.8
2025-12-28,EOG,10.07,22653999000.0,10.28,None,0.504,55.69,2819230000,None,643811000,643811000,-298882000,-2710373000,None,None,-50370000,None,None,None,202495000,487950000,None,571283000,571283000,679548000,None,None,762462000,None,None,654258000,817089000,3.945,0.038,60443000,60443000,None,-0.085,0.34,2082563000,2736821000,2.37,2006-12-31,10.04,None,14111000000.0,3035707000,1965137000,705561000,None,None,None,62506000,None,63215000,None,None,858992000,None,None,1299885000,None,None,None,0.332,2578553000,1031076000,2004631000,93750000,225516000,None,None,None,None,None,None,None,2.308,1.854,2.494,None,None,None,None,None,-50199000,None,0.244,None,6087179000,2025-10-30,annual,2.71,USD,pre-market,None,3920483000,0.0909,0.185,-0.024,41.34,125918000,985067000,126075000,None,114.54,106.96,14.346,7753320000,1563238000,1172041000,3437028000,6190082000,2264987000,3606990000,4316292000,10.28,-131344000,134.2,99.8
2025-12-28,EOG,10.07,22653999000.0,10.28,None,0.504,55.69,1724763000,None,643811000,643811000,-72310000,-1678108000,None,None,-23085000,None,None,None,202495000,487950000,None,571283000,571283000,679548000,None,None,762462000,None,None,654258000,654258000,3.945,0.038,42986000,42986000,None,-0.085,0.34,2082563000,2736821000,2.37,2005-12-31,10.04,None,14111000000.0,3035707000,1965137000,705561000,None,None,None,62506000,None,63215000,None,None,858992000,None,None,1259576000,None,None,None,0.332,2369426000,1031076000,2004631000,93750000,225516000,None,None,None,None,None,None,None,2.308,1.854,2.494,None,None,None,None,None,None,None,0.244,None,6087179000,2025-10-30,annual,2.71,USD,pre-market,None,3920483000,0.0909,0.185,-0.024,41.34,125918000,985067000,126075000,None,114.54,106.96,14.346,7753320000,1563238000,1172041000,3437028000,6190082000,2264987000,3606990000,4316292000,10.28,-131344000,134.2,99.8
