date,symbol,eps,revenue_ttm,pe_ratio,accumulateddepreciationamortizationppe,beta,book_value,capitalexpenditures,capitalleaseobligations,cashandcashequivalentsatcarryingvalue,cashandshortterminvestments,cashflowfromfinancing,cashflowfrominvestment,changeincashandcashequivalents,changeinexchangerate,changeininventory,changeinoperatingassets,changeinoperatingliabilities,changeinreceivables,commonstock,commonstocksharesoutstanding,comprehensiveincomenetoftax,costofgoodsandservicessold,costofrevenue,currentaccountspayable,currentdebt,currentlongtermdebt,currentnetreceivables,deferredrevenue,depreciation,depreciationandamortization,depreciationdepletionandamortization,dividend_per_share,dividend_yield,dividendpayout,dividendpayoutcommonstock,dividendpayoutpreferredstock,earnings_growth_yoy,earnings_surprise,ebit,ebitda,estimated_eps,fiscaldateending,forward_pe,goodwill,gross_profit_ttm,grossprofit,incomebeforetax,incometaxexpense,intangibleassets,intangibleassetsexcludinggoodwill,interestanddebtexpense,interestexpense,interestincome,inventory,investmentincomenet,investments,longtermdebt,longtermdebtnoncurrent,longterminvestments,netincome,netincomefromcontinuingoperations,netinterestincome,noninterestincome,operating_margin_ttm,operatingcashflow,operatingexpenses,operatingincome,othercurrentassets,othercurrentliabilities,othernoncurrentassets,othernoncurrentliabilities,othernonoperatingincome,paymentsforoperatingactivities,paymentsforrepurchaseofcommonstock,paymentsforrepurchaseofequity,paymentsforrepurchaseofpreferredstock,peg_ratio,price_to_book,price_to_sales_ttm,proceedsfromissuanceofcommonstock,proceedsfromissuanceoflongtermdebtandcapitalsecuritiesnet,proceedsfromissuanceofpreferredstock,proceedsfromoperatingactivities,proceedsfromrepaymentsofshorttermdebt,proceedsfromrepurchaseofequity,proceedsfromsaleoftreasurystock,profit_margin,profitloss,propertyplantequipment,report_date,report_type,reported_eps,reportedcurrency,reporttime,researchanddevelopment,retainedearnings,return_on_assets_ttm,return_on_equity_ttm,revenue_growth_yoy,revenue_per_share_ttm,sellinggeneralandadministrative,shortlongtermdebttotal,shorttermdebt,shortterminvestments,sma_200,sma_50,surprise_pct,totalassets,totalcurrentassets,totalcurrentliabilities,totalliabilities,totalnoncurrentassets,totalnoncurrentliabilities,totalrevenue,totalshareholderequity,trailing_pe,treasurystock,week_52_high,week_52_low
1998-09-30,EPD,,,,,,,,,,,,,,,,,,,,,,,,,,,,,,,,,,,,,,-0.04,,,0.08,,,,,,,,,,,,,,,,,,,,,,,,,,,,,,,,,,,,,,,,,,,,,,,,,1998-10-27,,0.04,,pre-market,,,,,,,,,,,,,-50.0,,,,,,,,,,,,
1998-12-31,EPD,,,,,,,,,,,,,,,,,,,,,,,,,,,,,,,,,,,,,,-0.04,,,0.09,,,,,,,,,,,,,,,,,,,,,,,,,,,,,,,,,,,,,,,,,,,,,,,,,1999-01-27,,0.05,,pre-market,,,,,,,,,,,,,-44.4444,,,,,,,,,,,,
1999-03-31,EPD,,,,,,,,,,,,,,,,,,,,,,,,,,,,,,,,,,,,,,-0.07,,,0.12,,,,,,,,,,,,,,,,,,,,,,,,,,,,,,,,,,,,,,,,,,,,,,,,,1999-04-28,,0.05,,pre-market,,,,,,,,,,,,,-58.3333,,,,,,,,,,,,
1999-06-30,EPD,,,,,,,,,,,,,,,,,,,,,,,,,,,,,,,,,,,,,,0.01,,,0.06,,,,,,,,,,,,,,,,,,,,,,,,,,,,,,,,,,,,,,,,,,,,,,,,,1999-07-29,,0.07,,pre-market,,,,,,,,,,,,,16.6667,,,,,,,,,,,,
1999-09-30,EPD,,,,,,,,,,,,,,,,,,,,,,,,,,,,,,,,,,,,,,0.05,,,0.07,,,,,,,,,,,,,,,,,,,,,,,,,,,,,,,,,,,,,,,,,,,,,,,,,1999-10-28,,0.12,,pre-market,,,,,,,,,,,,,71.4286,,,,,,,,,,,,
1999-12-31,EPD,,,,,,,,,,,,,,,,,,,,,,,,,,,,,,,,,,,,,,0.03,,,0.14,,,,,,,,,,,,,,,,,,,,,,,,,,,,,,,,,,,,,,,,,,,,,,,,,2000-01-27,,0.17,,pre-market,,,,,,,,,,,,,21.4286,,,,,,,,,,,,
2000-03-31,EPD,,,,,,,,,,,,,,,,,,,,,,,,,,,,,,,,,,,,,,0.08,,,0.13,,,,,,,,,,,,,,,,,,,,,,,,,,,,,,,,,,,,,,,,,,,,,,,,,2000-04-27,,0.21,,pre-market,,,,,,,,,,,,,61.5385,,,,,,,,,,,,
2000-06-30,EPD,,,,,,,,,,,,,,,,,,,,,,,,,,,,,,,,,,,,,,0.02,,,0.13,,,,,,,,,,,,,,,,,,,,,,,,,,,,,,,,,,,,,,,,,,,,,,,,,2000-07-31,,0.15,,pre-market,,,,,,,,,,,,,15.3846,,,,,,,,,,,,
2000-09-30,EPD,,,,,,,,,,,,,,,,,,,,,,,,,,,,,,,,,,,,,,0.06,,,0.09,,,,,,,,,,,,,,,,,,,,,,,,,,,,,,,,,,,,,,,,,,,,,,,,,2000-10-30,,0.15,,pre-market,,,,,,,,,,,,,66.6667,,,,,,,,,,,,
2000-12-31,EPD,,,,,,,,,,,,,,,,,,,,,,,,,,,,,,,,,,,,,,0.03,,,0.13,,,,,,,,,,,,,,,,,,,,,,,,,,,,,,,,,,,,,,,,,,,,,,,,,2001-01-30,,0.16,,pre-market,,,,,,,,,,,,,23.0769,,,,,,,,,,,,
2001-03-31,EPD,,,,,,,,,,,,,,,,,,,,,,,,,,,,,,,,,,,,,,0.02,,,0.13,,,,,,,,,,,,,,,,,,,,,,,,,,,,,,,,,,,,,,,,,,,,,,,,,2001-04-30,,0.15,,pre-market,,,,,,,,,,,,,15.3846,,,,,,,,,,,,
2001-06-30,EPD,,,,,,,,,,,,,,,,,,,,,,,,,,,,,,,,,,,,,,0.02,,,0.14,,,,,,,,,,,,,,,,,,,,,,,,,,,,,,,,,,,,,,,,,,,,,,,,,2001-07-30,,0.16,,pre-market,,,,,,,,,,,,,14.2857,,,,,,,,,,,,
2001-09-30,EPD,,,,,,,,,,,,,,,,,,,,,,,,,,,,,,,,,,,,,,0.11,,,0.15,,,,,,,,,,,,,,,,,,,,,,,,,,,,,,,,,,,,,,,,,,,,,,,,,2001-10-30,,0.26,,pre-market,,,,,,,,,,,,,73.3333,,,,,,,,,,,,
2001-12-31,EPD,,,,,,,,,,,,,,,,,,,,,,,,,,,,,,,,,,,,,,0.01,,,0.15,,,,,,,,,,,,,,,,,,,,,,,,,,,,,,,,,,,,,,,,,,,,,,,,,2002-01-30,,0.16,,pre-market,,,,,,,,,,,,,6.6667,,,,,,,,,,,,
2002-03-31,EPD,,,,,,,,,,,,,,,,,,,,,,,,,,,,,,,,,,,,,,-0.03,,,0.06,,,,,,,,,,,,,,,,,,,,,,,,,,,,,,,,,,,,,,,,,,,,,,,,,2002-04-30,,0.03,,pre-market,,,,,,,,,,,,,-50.0,,,,,,,,,,,,
2002-06-30,EPD,,,,,,,,,,,,,,,,,,,,,,,,,,,,,,,,,,,,,,-0.02,,,0.08,,,,,,,,,,,,,,,,,,,,,,,,,,,,,,,,,,,,,,,,,,,,,,,,,2002-07-31,,0.06,,pre-market,,,,,,,,,,,,,-25.0,,,,,,,,,,,,
2002-09-30,EPD,,,,,,,,,,,,,,,,,,,,,,,,,,,,,,,,,,,,,,-0.03,,,0.12,,,,,,,,,,,,,,,,,,,,,,,,,,,,,,,,,,,,,,,,,,,,,,,,,2002-10-31,,0.09,,pre-market,,,,,,,,,,,,,-25.0,,,,,,,,,,,,
2002-12-31,EPD,,,,,,,,,,,,,,,,,,,,,,,,,,,,,,,,,,,,,,0.02,,,0.12,,,,,,,,,,,,,,,,,,,,,,,,,,,,,,,,,,,,,,,,,,,,,,,,,2003-02-03,,0.14,,pre-market,,,,,,,,,,,,,16.6667,,,,,,,,,,,,
2003-03-31,EPD,,,,,,,,,,,,,,,,,,,,,,,,,,,,,,,,,,,,,,0.01,,,0.12,,,,,,,,,,,,,,,,,,,,,,,,,,,,,,,,,,,,,,,,,,,,,,,,,2003-04-30,,0.13,,pre-market,,,,,,,,,,,,,8.3333,,,,,,,,,,,,
2003-06-30,EPD,,,,,,,,,,,,,,,,,,,,,,,,,,,,,,,,,,,,,,0.01,,,0.06,,,,,,,,,,,,,,,,,,,,,,,,,,,,,,,,,,,,,,,,,,,,,,,,,2003-07-31,,0.07,,pre-market,,,,,,,,,,,,,16.6667,,,,,,,,,,,,
2003-09-30,EPD,,,,,,,,,,,,,,,,,,,,,,,,,,,,,,,,,,,,,,0.0,,,0.04,,,,,,,,,,,,,,,,,,,,,,,,,,,,,,,,,,,,,,,,,,,,,,,,,2003-11-03,,0.04,,pre-market,,,,,,,,,,,,,0.0,,,,,,,,,,,,
2003-12-31,EPD,,,,,,,,,,,,,,,,,,,,,,,,,,,,,,,,,,,,,,-0.01,,,0.08,,,,,,,,,,,,,,,,,,,,,,,,,,,,,,,,,,,,,,,,,,,,,,,,,2004-02-03,,0.07,,pre-market,,,,,,,,,,,,,-12.5,,,,,,,,,,,,
2004-03-31,EPD,,,,,,,,,,,,,,,,,,,,,,,,,,,,,,,,,,,,,,0.01,,,0.1,,,,,,,,,,,,,,,,,,,,,,,,,,,,,,,,,,,,,,,,,,,,,,,,,2004-04-22,,0.11,,pre-market,,,,,,,,,,,,,10.0,,,,,,,,,,,,
2004-06-30,EPD,,,,,,,,,,,,,,,,,,,,,,,,,,,,,,,,,,,,,,-0.05,,,0.11,,,,,,,,,,,,,,,,,,,,,,,,,,,,,,,,,,,,,,,,,,,,,,,,,2004-07-26,,0.06,,pre-market,,,,,,,,,,,,,-45.4545,,,,,,,,,,,,
2004-09-30,EPD,,,,,,,,,,,,,,,,,,,,,,,,,,,,,,,,,,,,,,0.01,,,0.1,,,,,,,,,,,,,,,,,,,,,,,,,,,,,,,,,,,,,,,,,,,,,,,,,2004-11-02,,0.11,,pre-market,,,,,,,,,,,,,10.0,,,,,,,,,,,,
2004-12-31,EPD,,,,,,,,,,,,,,,,,,,,,,,,,,,,,,,,,,,,,,0.01,,,0.13,,,,,,,,,,,,,,,,,,,,,,,,,,,,,,,,,,,,,,,,,,,,,,,,,2005-02-03,,0.14,,pre-market,,,,,,,,,,,,,7.6923,,,,,,,,,,,,
2005-03-31,EPD,,,,,,,,,,,,,,,,,,,,,,,,,,,,,,,,,,,,,,0.0,,,0.12,,,,,,,,,,,,,,,,,,,,,,,,,,,,,,,,,,,,,,,,,,,,,,,,,2005-05-03,,0.12,,pre-market,,,,,,,,,,,,,0.0,,,,,,,,,,,,
2005-06-30,EPD,,,,,,,,,,,,,,,,,,,,,,,,,,,,,,,,,,,,,,-0.01,,,0.1,,,,,,,,,,,,,,,,,,,,,,,,,,,,,,,,,,,,,,,,,,,,,,,,,2005-07-26,,0.09,,pre-market,,,,,,,,,,,,,-10.0,,,,,,,,,,,,
2005-09-30,EPD,,,,,,,,,,,,,,,,,,,,,,,,,,,,,,,,,,,,,,0.02,,,0.12,,,,,,,,,,,,,,,,,,,,,,,,,,,,,,,,,,,,,,,,,,,,,,,,,2005-10-26,,0.14,,pre-market,,,,,,,,,,,,,16.6667,,,,,,,,,,,,
2005-12-31,EPD,,,,,,,,,,,,,,,,,,,,,,,,,,,,,,,,,,,,,,0.0,,,0.14,,,,,,,,,,,,,,,,,,,,,,,,,,,,,,,,,,,,,,,,,,,,,,,,,2006-01-26,,0.14,,pre-market,,,,,,,,,,,,,0.0,,,,,,,,,,,,
2006-03-31,EPD,,,,,,,,,,,,,,,,,,,,,,,,,,,,,,,,,,,,,,0.02,,,0.12,,,,,,,,,,,,,,,,,,,,,,,,,,,,,,,,,,,,,,,,,,,,,,,,,2006-04-25,,0.14,,pre-market,,,,,,,,,,,,,16.6667,,,,,,,,,,,,
2006-06-30,EPD,,,,,,,,,,,,,,,,,,,,,,,,,,,,,,,,,,,,,,0.01,,,0.12,,,,,,,,,,,,,,,,,,,,,,,,,,,,,,,,,,,,,,,,,,,,,,,,,2006-07-25,,0.13,,pre-market,,,,,,,,,,,,,8.3333,,,,,,,,,,,,
2006-09-30,EPD,,,,,,,,,,,,,,,,,,,,,,,,,,,,,,,,,,,,,,0.04,,,0.14,,,,,,,,,,,,,,,,,,,,,,,,,,,,,,,,,,,,,,,,,,,,,,,,,2006-10-24,,0.18,,pre-market,,,,,,,,,,,,,28.5714,,,,,,,,,,,,
2006-12-31,EPD,,,,,,,,,,,,,,,,,,,,,,,,,,,,,,,,,,,,,,-0.01,,,0.14,,,,,,,,,,,,,,,,,,,,,,,,,,,,,,,,,,,,,,,,,,,,,,,,,2007-01-24,,0.13,,pre-market,,,,,,,,,,,,,-7.1429,,,,,,,,,,,,
2007-03-31,EPD,,,,,,,,,,,,,,,,,,,,,,,,,,,,,,,,,,,,,,0.0,,,0.1,,,,,,,,,,,,,,,,,,,,,,,,,,,,,,,,,,,,,,,,,,,,,,,,,2007-04-26,,0.1,,pre-market,,,,,,,,,,,,,0.0,,,,,,,,,,,,
2007-06-30,EPD,,,,,,,,,,,,,,,,,,,,,,,,,,,,,,,,,,,,,,0.0,,,0.13,,,,,,,,,,,,,,,,,,,,,,,,,,,,,,,,,,,,,,,,,,,,,,,,,2007-07-26,,0.13,,pre-market,,,,,,,,,,,,,0.0,,,,,,,,,,,,
2007-09-30,EPD,,,,,,,,,,,,,,,,,,,,,,,,,,,,,,,,,,,,,,-0.04,,,0.14,,,,,,,,,,,,,,,,,,,,,,,,,,,,,,,,,,,,,,,,,,,,,,,,,2007-10-25,,0.1,,pre-market,,,,,,,,,,,,,-28.5714,,,,,,,,,,,,
2007-12-31,EPD,,,,,,,,,,,,,,,,,,,,,,,,,,,,,,,,,,,,,,-0.01,,,0.16,,,,,,,,,,,,,,,,,,,,,,,,,,,,,,,,,,,,,,,,,,,,,,,,,2008-01-28,,0.15,,pre-market,,,,,,,,,,,,,-6.25,,,,,,,,,,,,
2008-03-31,EPD,,,,,,,,,,,,,,,,,,,,,,,,,,,,,,,,,,,,,,0.1,,,0.16,,,,,,,,,,,,,,,,,,,,,,,,,,,,,,,,,,,,,,,,,,,,,,,,,2008-04-28,,0.26,,pre-market,,,,,,,,,,,,,62.5,,,,,,,,,,,,
2008-06-30,EPD,,,,,,,,,,,,,,,,,,,,,,,,,,,,,,,,,,,,,,0.08,,,0.18,,,,,,,,,,,,,,,,,,,,,,,,,,,,,,,,,,,,,,,,,,,,,,,,,2008-07-24,,0.26,,pre-market,,,,,,,,,,,,,44.4444,,,,,,,,,,,,
2008-09-30,EPD,,,,,,,,,,,,,,,,,,,,,,,,,,,,,,,,,,,,,,-0.06,,,0.25,,,,,,,,,,,,,,,,,,,,,,,,,,,,,,,,,,,,,,,,,,,,,,,,,2008-10-23,,0.19,,pre-market,,,,,,,,,,,,,-24.0,,,,,,,,,,,,
2008-12-31,EPD,,,,,,,,,,,,,,,,,,,,,,,,,,,,,,,,,,,,,,0.01,,,0.21,,,,,,,,,,,,,,,,,,,,,,,,,,,,,,,,,,,,,,,,,,,,,,,,,2009-02-02,,0.22,,pre-market,,,,,,,,,,,,,4.7619,,,,,,,,,,,,
2009-03-31,EPD,,,,,,,,,,,,,,,,,,,,,,,,,,,,,,,,,,,,,,0.03,,,0.18,,,,,,,,,,,,,,,,,,,,,,,,,,,,,,,,,,,,,,,,,,,,,,,,,2009-04-27,,0.21,,pre-market,,,,,,,,,,,,,16.6667,,,,,,,,,,,,
2009-06-30,EPD,,,,,,,,,,,,,,,,,,,,,,,,,,,,,,,,,,,,,,-0.05,,,0.21,,,,,,,,,,,,,,,,,,,,,,,,,,,,,,,,,,,,,,,,,,,,,,,,,2009-07-27,,0.16,,pre-market,,,,,,,,,,,,,-23.8095,,,,,,,,,,,,
2009-09-30,EPD,,,,,,,,,,,,,,,,,,,,,,,,,,,,,,,,,,,,,,-0.03,,,0.21,,,,,,,,,,,,,,,,,,,,,,,,,,,,,,,,,,,,,,,,,,,,,,,,,2009-10-28,,0.18,,pre-market,,,,,,,,,,,,,-14.2857,,,,,,,,,,,,
2009-12-31,EPD,,,,,,,,,,,,,,,,,,,,,,,,,,,,,,,,,,,,,,0.02,,,0.24,,,,,,,,,,,,,,,,,,,,,,,,,,,,,,,,,,,,,,,,,,,,,,,,,2010-02-01,,0.26,,pre-market,,,,,,,,,,,,,8.3333,,,,,,,,,,,,
2010-03-31,EPD,,,,,,,,,,,,,,,,,,,,,,,,,,,,,,,,,,,,,,0.04,,,0.21,,,,,,,,,,,,,,,,,,,,,,,,,,,,,,,,,,,,,,,,,,,,,,,,,2010-04-27,,0.25,,pre-market,,,,,,,,,,,,,19.0476,,,,,,,,,,,,
2010-06-30,EPD,,,,,,,,,,,,,,,,,,,,,,,,,,,,,,,,,,,,,,0.01,,,0.22,,,,,,,,,,,,,,,,,,,,,,,,,,,,,,,,,,,,,,,,,,,,,,,,,2010-07-26,,0.23,,pre-market,,,,,,,,,,,,,4.5455,,,,,,,,,,,,
2010-09-30,EPD,,,,,,,,,,,,,,,,,,,,,,,,,,,,,,,,,,,,,,0.01,,,0.23,,,,,,,,,,,,,,,,,,,,,,,,,,,,,,,,,,,,,,,,,,,,,,,,,2010-10-26,,0.24,,pre-market,,,,,,,,,,,,,4.3478,,,,,,,,,,,,
2010-12-31,EPD,,,,,,,,,,,,,,,,,,,,,,,,,,,,,,,,,,,,,,-0.04,,,0.22,,,,,,,,,,,,,,,,,,,,,,,,,,,,,,,,,,,,,,,,,,,,,,,,,2011-02-17,,0.18,,pre-market,,,,,,,,,,,,,-18.1818,,,,,,,,,,,,
2011-03-31,EPD,,,,,,,,,,,,,,,,,,,,,,,,,,,,,,,,,,,,,,0.03,,,0.22,,,,,,,,,,,,,,,,,,,,,,,,,,,,,,,,,,,,,,,,,,,,,,,,,2011-05-10,,0.25,,pre-market,,,,,,,,,,,,,13.6364,,,,,,,,,,,,
2011-06-30,EPD,,,,,,,,,,,,,,,,,,,,,,,,,,,,,,,,,,,,,,0.04,,,0.22,,,,,,,,,,,,,,,,,,,,,,,,,,,,,,,,,,,,,,,,,,,,,,,,,2011-08-09,,0.26,,pre-market,,,,,,,,,,,,,18.1818,,,,,,,,,,,,
2011-09-30,EPD,,,,,,,,,,,,,,,,,,,,,,,,,,,,,,,,,,,,,,0.02,,,0.26,,,,,,,,,,,,,,,,,,,,,,,,,,,,,,,,,,,,,,,,,,,,,,,,,2011-11-02,,0.28,,pre-market,,,,,,,,,,,,,7.6923,,,,,,,,,,,,
2011-12-31,EPD,,,,,,,,,,,,,,,,,,,,,,,,,,,,,,,,,,,,,,0.13,,,0.28,,,,,,,,,,,,,,,,,,,,,,,,,,,,,,,,,,,,,,,,,,,,,,,,,2012-02-01,,0.41,,pre-market,,,,,,,,,,,,,46.4286,,,,,,,,,,,,
2012-03-31,EPD,,,,,,,,,,,,,,,,,,,,,,,,,,,,,,,,,,,,,,0.02,,,0.29,,,,,,,,,,,,,,,,,,,,,,,,,,,,,,,,,,,,,,,,,,,,,,,,,2012-05-02,,0.31,,pre-market,,,,,,,,,,,,,6.8966,,,,,,,,,,,,
2012-06-30,EPD,,,,,,,,,,,,,,,,,,,,,,,,,,,,,,,,,,,,,,0.03,,,0.29,,,,,,,,,,,,,,,,,,,,,,,,,,,,,,,,,,,,,,,,,,,,,,,,,2012-08-01,,0.32,,pre-market,,,,,,,,,,,,,10.3448,,,,,,,,,,,,
2012-09-30,EPD,,,,,,,,,,,,,,,,,,,,,,,,,,,,,,,,,,,,,,0.03,,,0.3,,,,,,,,,,,,,,,,,,,,,,,,,,,,,,,,,,,,,,,,,,,,,,,,,2012-11-01,,0.33,,pre-market,,,,,,,,,,,,,10.0,,,,,,,,,,,,
2012-12-31,EPD,,,,,,,,,,,,,,,,,,,,,,,,,,,,,,,,,,,,,,0.01,,,0.33,,,,,,,,,,,,,,,,,,,,,,,,,,,,,,,,,,,,,,,,,,,,,,,,,2013-01-31,,0.34,,pre-market,,,,,,,,,,,,,3.0303,,,,,,,,,,,,
2013-03-31,EPD,,,,,,,,,,,,,,,,,,,,,,,,,,,,,,,,,,,,,,0.06,,,0.33,,,,,,,,,,,,,,,,,,,,,,,,,,,,,,,,,,,,,,,,,,,,,,,,,2013-04-30,,0.39,,pre-market,,,,,,,,,,,,,18.1818,,,,,,,,,,,,
2013-06-30,EPD,,,,,,,,,,,,,,,,,,,,,,,,,,,,,,,,,,,,,,-0.01,,,0.34,,,,,,,,,,,,,,,,,,,,,,,,,,,,,,,,,,,,,,,,,,,,,,,,,2013-08-01,,0.33,,pre-market,,,,,,,,,,,,,-2.9412,,,,,,,,,,,,
2013-09-30,EPD,,,,,,,,,,,,,,,,,,,,,,,,,,,,,,,,,,,,,,-0.01,,,0.34,,,,,,,,,,,,,,,,,,,,,,,,,,,,,,,,,,,,,,,,,,,,,,,,,2013-10-31,,0.33,,pre-market,,,,,,,,,,,,,-2.9412,,,,,,,,,,,,
2013-12-31,EPD,,,,,,,,,,,,,,,,,,,,,,,,,,,,,,,,,,,,,,0.05,,,0.35,,,,,,,,,,,,,,,,,,,,,,,,,,,,,,,,,,,,,,,,,,,,,,,,,2014-01-30,,0.4,,pre-market,,,,,,,,,,,,,14.2857,,,,,,,,,,,,
2014-03-31,EPD,,,,,,,,,,,,,,,,,,,,,,,,,,,,,,,,,,,,,,0.01,,,0.37,,,,,,,,,,,,,,,,,,,,,,,,,,,,,,,,,,,,,,,,,,,,,,,,,2014-05-01,,0.38,,pre-market,,,,,,,,,,,,,2.7027,,,,,,,,,,,,
2014-06-30,EPD,,,,,,,,,,,,,,,,,,,,,,,,,,,,,,,,,,,,,,-0.03,,,0.37,,,,,,,,,,,,,,,,,,,,,,,,,,,,,,,,,,,,,,,,,,,,,,,,,2014-07-31,,0.34,,pre-market,,,,,,,,,,,,,-8.1081,,,,,,,,,,,,
2014-09-30,EPD,,,,,,,,,,,,,,,,,,,,,,,,,,,,,,,,,,,,,,0.0,,,0.37,,,,,,,,,,,,,,,,,,,,,,,,,,,,,,,,,,,,,,,,,,,,,,,,,2014-10-30,,0.37,,pre-market,,,,,,,,,,,,,0.0,,,,,,,,,,,,
2014-12-31,EPD,,,,,,,,,,,,,,,,,,,,,,,,,,,,,,,,,,,,,,-0.01,,,0.37,,,,,,,,,,,,,,,,,,,,,,,,,,,,,,,,,,,,,,,,,,,,,,,,,2015-01-29,,0.36,,pre-market,,,,,,,,,,,,,-2.7027,,,,,,,,,,,,
2015-03-31,EPD,,,,,,,,,,,,,,,,,,,,,,,,,,,,,,,,,,,,,,0.01,,,0.33,,,,,,,,,,,,,,,,,,,,,,,,,,,,,,,,,,,,,,,,,,,,,,,,,2015-04-30,,0.34,,pre-market,,,,,,,,,,,,,3.0303,,,,,,,,,,,,
2015-06-30,EPD,,,,,,,,,,,,,,,,,,,,,,,,,,,,,,,,,,,,,,0.01,,,0.33,,,,,,,,,,,,,,,,,,,,,,,,,,,,,,,,,,,,,,,,,,,,,,,,,2015-07-30,,0.34,,pre-market,,,,,,,,,,,,,3.0303,,,,,,,,,,,,
2015-09-30,EPD,,,,,,,,,,,,,,,,,,,,,,,,,,,,,,,,,,,,,,0.01,,,0.33,,,,,,,,,,,,,,,,,,,,,,,,,,,,,,,,,,,,,,,,,,,,,,,,,2015-10-29,,0.34,,pre-market,,,,,,,,,,,,,3.0303,,,,,,,,,,,,
2015-12-31,EPD,,,,,,,,,,,,,,,,,,,,,,,,,,,,,,,,,,,,,,0.0,,,0.34,,,,,,,,,,,,,,,,,,,,,,,,,,,,,,,,,,,,,,,,,,,,,,,,,2016-01-28,,0.34,,pre-market,,,,,,,,,,,,,0.0,,,,,,,,,,,,
2016-03-31,EPD,,,,,,,,,,,,,,,,,,,,,,,,,,,,,,,,,,,,,,0.0,,,0.32,,,,,,,,,,,,,,,,,,,,,,,,,,,,,,,,,,,,,,,,,,,,,,,,,2016-04-28,,0.32,,pre-market,,,,,,,,,,,,,0.0,,,,,,,,,,,,
2016-06-30,EPD,,,,,,,,,,,,,,,,,,,,,,,,,,,,,,,,,,,,,,-0.04,,,0.31,,,,,,,,,,,,,,,,,,,,,,,,,,,,,,,,,,,,,,,,,,,,,,,,,2016-07-28,,0.27,,pre-market,,,,,,,,,,,,,-12.9032,,,,,,,,,,,,
2016-09-30,EPD,,,,,,,,,,,,,,,,,,,,,,,,,,,,,,,,,,,,,,0.0,,,0.3,,,,,,,,,,,,,,,,,,,,,,,,,,,,,,,,,,,,,,,,,,,,,,,,,2016-10-27,,0.3,,pre-market,,,,,,,,,,,,,0.0,,,,,,,,,,,,
2016-12-31,EPD,,,,,,,,,,,,,,,,,,,,,,,,,,,,,,,,,,,,,,-0.02,,,0.33,,,,,,,,,,,,,,,,,,,,,,,,,,,,,,,,,,,,,,,,,,,,,,,,,2017-01-30,,0.31,,pre-market,,,,,,,,,,,,,-6.0606,,,,,,,,,,,,
2017-03-31,EPD,,,,,,,,,,,,,,,,,,,,,,,,,,,,,,,,,,,,,,0.03,,,0.33,,,,,,,,,,,,,,,,,,,,,,,,,,,,,,,,,,,,,,,,,,,,,,,,,2017-05-02,,0.36,,pre-market,,,,,,,,,,,,,9.0909,,,,,,,,,,,,
2017-06-30,EPD,,,,,,,,,,,,,,,,,,,,,,,,,,,,,,,,,,,,,,-0.03,,,0.33,,,,,,,,,,,,,,,,,,,,,,,,,,,,,,,,,,,,,,,,,,,,,,,,,2017-08-03,,0.3,,pre-market,,,,,,,,,,,,,-9.0909,,,,,,,,,,,,
2017-09-30,EPD,,,,,,,,,,,,,,,,,,,,,,,,,,,,,,,,,,,,,,-0.01,,,0.31,,,,,,,,,,,,,,,,,,,,,,,,,,,,,,,,,,,,,,,,,,,,,,,,,2017-11-02,,0.3,,pre-market,,,,,,,,,,,,,-3.2258,,,,,,,,,,,,
2017-12-31,EPD,,,,,,,,,,,,,,,,,,,,,,,,,,,,,,,,,,,,,,0.01,,,0.35,,,,,,,,,,,,,,,,,,,,,,,,,,,,,,,,,,,,,,,,,,,,,,,,,2018-01-31,,0.36,,pre-market,,,,,,,,,,,,,2.8571,,,,,,,,,,,,
2018-03-31,EPD,,,,,,,,,,,,,,,,,,,,,,,,,,,,,,,,,,,,,,0.03,,,0.38,,,,,,,,,,,,,,,,,,,,,,,,,,,,,,,,,,,,,,,,,,,,,,,,,2018-04-30,,0.41,,pre-market,,,,,,,,,,,,,7.8947,,,,,,,,,,,,
2018-06-30,EPD,,,,,,,,,,,,,,,,,,,,,,,,,,,,,,,,,,,,,,0.06,,,0.4,,,,,,,,,,,,,,,,,,,,,,,,,,,,,,,,,,,,,,,,,,,,,,,,,2018-08-01,,0.46,,pre-market,,,,,,,,,,,,,15.0,,,,,,,,,,,,
2018-09-30,EPD,,,,,,,,,,,,,,,,,,,,,,,,,,,,,,,,,,,,,,0.15,,,0.45,,,,,,,,,,,,,,,,,,,,,,,,,,,,,,,,,,,,,,,,,,,,,,,,,2018-10-31,,0.6,,pre-market,,,,,,,,,,,,,33.3333,,,,,,,,,,,,
2018-12-31,EPD,,,,,,,,,,,,,,,,,,,,,,,,,,,,,,,,,,,,,,0.09,,,0.5,,,,,,,,,,,,,,,,,,,,,,,,,,,,,,,,,,,,,,,,,,,,,,,,,2019-01-31,,0.59,,pre-market,,,,,,,,,,,,,18.0,,,,,,,,,,,,
2019-03-31,EPD,,,,,,,,,,,,,,,,,,,,,,,,,,,,,,,,,,,,,,0.09,,,0.48,,,,,,,,,,,,,,,,,,,,,,,,,,,,,,,,,,,,,,,,,,,,,,,,,2019-05-01,,0.57,,pre-market,,,,,,,,,,,,,18.75,,,,,,,,,,,,
2019-06-30,EPD,,,,,,,,,,,,,,,,,,,,,,,,,,,,,,,,,,,,,,0.04,,,0.51,,,,,,,,,,,,,,,,,,,,,,,,,,,,,,,,,,,,,,,,,,,,,,,,,2019-07-31,,0.55,,pre-market,,,,,,,,,,,,,7.8431,,,,,,,,,,,,
2019-09-30,EPD,,,,,,,,,,,,,,,,,,,,,,,,,,,,,,,,,,,,,,-0.07,,,0.53,,,,,,,,,,,,,,,,,,,,,,,,,,,,,,,,,,,,,,,,,,,,,,,,,2019-10-28,,0.46,,pre-market,,,,,,,,,,,,,-13.2075,,,,,,,,,,,,
2019-12-31,EPD,,,,,,,,,,,,,,,,,,,,,,,,,,,,,,,,,,,,,,-0.04,,,0.54,,,,,,,,,,,,,,,,,,,,,,,,,,,,,,,,,,,,,,,,,,,,,,,,,2020-01-30,,0.5,,pre-market,,,,,,,,,,,,,-7.4074,,,,,,,,,,,,
2020-03-31,EPD,,,,,,,,,,,,,,,,,,,,,,,,,,,,,,,,,,,,,,0.09,,,0.52,,,,,,,,,,,,,,,,,,,,,,,,,,,,,,,,,,,,,,,,,,,,,,,,,2020-04-29,,0.61,,pre-market,,,,,,,,,,,,,17.3077,,,,,,,,,,,,
2020-06-30,EPD,,,,,,,,,,,,,,,,,,,,,,,,,,,,,,,,,,,,,,-0.02,,,0.49,,,,,,,,,,,,,,,,,,,,,,,,,,,,,,,,,,,,,,,,,,,,,,,,,2020-07-29,,0.47,,pre-market,,,,,,,,,,,,,-4.0816,,,,,,,,,,,,
2020-09-30,EPD,,,,,,,,,,,,,,,,,,,,,,,,,,,,,,,,,,,,,,0.0,,,0.48,,,,,,,,,,,,,,,,,,,,,,,,,,,,,,,,,,,,,,,,,,,,,,,,,2020-10-28,,0.48,,pre-market,,,,,,,,,,,,,0.0,,,,,,,,,,,,
2020-12-31,EPD,,,,,,,,,,,,,,,,,,,,,,,,,,,,,,,,,,,,,,-0.35,,,0.5,,,,,,,,,,,,,,,,,,,,,,,,,,,,,,,,,,,,,,,,,,,,,,,,,2021-02-03,,0.15,,pre-market,,,,,,,,,,,,,-70.0,,,,,,,,,,,,
2021-03-31,EPD,,,,,,,,,,,,,,,,,,,,,,,,,,,,,,,,,,,,,,0.13,,,0.48,,,,,,,,,,,,,,,,,,,,,,,,,,,,,,,,,,,,,,,,,,,,,,,,,2021-05-03,,0.61,,pre-market,,,,,,,,,,,,,27.0833,,,,,,,,,,,,
2021-06-30,EPD,,,,,,,,,,,,,,,,,,,,,,,,,,,,,,,,,,,,,,0.0,,,0.5,,,,,,,,,,,,,,,,,,,,,,,,,,,,,,,,,,,,,,,,,,,,,,,,,2021-07-28,,0.5,,pre-market,,,,,,,,,,,,,0.0,,,,,,,,,,,,
2021-09-30,EPD,,,,,,,,,,,,,,,,,,,,,,,,,,,,,,,,,,,,,,0.0,,,0.52,,,,,,,,,,,,,,,,,,,,,,,,,,,,,,,,,,,,,,,,,,,,,,,,,2021-11-02,,0.52,,pre-market,,,,,,,,,,,,,0.0,,,,,,,,,,,,
2021-12-31,EPD,,,,,,,,,,,,,,,,,,,,,,,,,,,,,,,,,,,,,,-0.06,,,0.53,,,,,,,,,,,,,,,,,,,,,,,,,,,,,,,,,,,,,,,,,,,,,,,,,2022-02-01,,0.47,,pre-market,,,,,,,,,,,,,-11.3208,,,,,,,,,,,,
2022-03-31,EPD,,,,,,,,,,,,,,,,,,,,,,,,,,,,,,,,,,,,,,0.06,,,0.53,,,,,,,,,,,,,,,,,,,,,,,,,,,,,,,,,,,,,,,,,,,,,,,,,2022-05-02,,0.59,,pre-market,,,,,,,,,,,,,11.3208,,,,,,,,,,,,
2022-06-30,EPD,,,,,,,,,,,,,,,,,,,,,,,,,,,,,,,,,,,,,,0.01,,,0.63,,,,,,,,,,,,,,,,,,,,,,,,,,,,,,,,,,,,,,,,,,,,,,,,,2022-08-03,,0.64,,pre-market,,,,,,,,,,,,,1.5873,,,,,,,,,,,,
2022-09-30,EPD,,,,,,,,,,,,,,,,,,,,,,,,,,,,,,,,,,,,,,0.0,,,0.62,,,,,,,,,,,,,,,,,,,,,,,,,,,,,,,,,,,,,,,,,,,,,,,,,2022-11-01,,0.62,,pre-market,,,,,,,,,,,,,0.0,,,,,,,,,,,,
2022-12-31,EPD,,,,,,,,,,,,,,,,,,,,,,,,,,,,,,,,,,,,,,0.03,,,0.62,,,,,,,,,,,,,,,,,,,,,,,,,,,,,,,,,,,,,,,,,,,,,,,,,2023-02-01,,0.65,,pre-market,,,,,,,,,,,,,4.8387,,,,,,,,,,,,
2023-03-31,EPD,,,,,,,,,,,,,,,,,,,,,,,,,,,,,,,,,,,,,,0.01,,,0.62,,,,,,,,,,,,,,,,,,,,,,,,,,,,,,,,,,,,,,,,,,,,,,,,,2023-05-02,,0.63,,pre-market,,,,,,,,,,,,,1.6129,,,,,,,,,,,,
2023-06-30,EPD,,,,,,,,,,,,,,,,,,,,,,,,,,,,,,,,,,,,,,-0.01,,,0.58,,,,,,,,,,,,,,,,,,,,,,,,,,,,,,,,,,,,,,,,,,,,,,,,,2023-08-01,,0.57,,pre-market,,,,,,,,,,,,,-1.7241,,,,,,,,,,,,
2023-09-30,EPD,,,,,,,,,,,,,,,,,,,,,,,,,,,,,,,,,,,,,,-0.03,,,0.63,,,,,,,,,,,,,,,,,,,,,,,,,,,,,,,,,,,,,,,,,,,,,,,,,2023-10-31,,0.6,,pre-market,,,,,,,,,,,,,-4.7619,,,,,,,,,,,,
2023-12-31,EPD,,,,,,,,,,,,,,,,,,,,,,,,,,,,,,,,,,,,,,0.04,,,0.68,,,,,,,,,,,,,,,,,,,,,,,,,,,,,,,,,,,,,,,,,,,,,,,,,2024-02-01,,0.72,,pre-market,,,,,,,,,,,,,5.8824,,,,,,,,,,,,
2024-03-31,EPD,,,,,,,,,,,,,,,,,,,,,,,,,,,,,,,,,,,,,,-0.01,,,0.67,,,,,,,,,,,,,,,,,,,,,,,,,,,,,,,,,,,,,,,,,,,,,,,,,2024-04-30,,0.66,,pre-market,,,,,,,,,,,,,-1.4925,,,,,,,,,,,,
2024-06-30,EPD,,,,,,,,,,,,,,,,,,,,,,,,,,,,,,,,,,,,,,-0.02,,,0.66,,,,,,,,,,,,,,,,,,,,,,,,,,,,,,,,,,,,,,,,,,,,,,,,,2024-07-30,,0.64,,pre-market,,,,,,,,,,,,,-3.0303,,,,,,,,,,,,
2024-09-30,EPD,,,,,,,,,,,,,,,,,,,,,,,,,,,,,,,,,,,,,,0.01,,,0.65,,,,,,,,,,,,,,,,,,,,,,,,,,,,,,,,,,,,,,,,,,,,,,,,,2024-10-29,,0.66,,pre-market,,,,,,,,,,,,,1.5385,,,,,,,,,,,,
2024-12-31,EPD,,,,,,,,,,,,,,,,,,,,,,,,,,,,,,,,,,,,,,0.03,,,0.71,,,,,,,,,,,,,,,,,,,,,,,,,,,,,,,,,,,,,,,,,,,,,,,,,2025-02-04,,0.74,,pre-market,,,,,,,,,,,,,4.2254,,,,,,,,,,,,
2025-03-31,EPD,,,,,,,,,,,,,,,,,,,,,,,,,,,,,,,,,,,,,,-0.04,,,0.7,,,,,,,,,,,,,,,,,,,,,,,,,,,,,,,,,,,,,,,,,,,,,,,,,2025-04-29,,0.66,,pre-market,,,,,,,,,,,,,-5.7143,,,,,,,,,,,,
2025-06-30,EPD,,,,,,,,,,,,,,,,,,,,,,,,,,,,,,,,,,,,,,-0.01,,,0.64,,,,,,,,,,,,,,,,,,,,,,,,,,,,,,,,,,,,,,,,,,,,,,,,,2025-07-28,,0.63,,pre-market,,,,,,,,,,,,,-1.5625,,,,,,,,,,,,
2025-09-30,EPD,,,,,,,,,,,,,,,,,,,,,,,,,,,,,,,,,,,,,,-0.0164,,,0.65,,,,,,,,,,,,,,,,,,,,,,,,,,,,,,,,,,,,,,,,,,,,,,,,,2025-10-28,,0.6336,,pre-market,,,,,,,,,,,,,-2.5231,,,,,,,,,,,,
2025-12-28,EPD,2.64,53004001000.0,12.07,,0.575,13.5,,,,,,,,,,,,,,,,,,,,,,,,,,2.16,0.0673,,,,-0.053,-0.0164,,,0.65,,11.15,,7117000000.0,,,,,,,,,,,,,,,,,,,0.134,,,,,,,,,,,,,2.233,2.36,1.302,,,,,,,,0.109,,,2025-10-28,,0.6336,,pre-market,,,0.0561,0.197,-0.127,24.47,,,,,31.59,31.66,-2.5231,,,,,,,,,12.07,,32.95,26.35
2025-12-28,EPD,2.64,53004001000.0,12.07,,0.575,13.5,,,,,,,,,,,,,,,None,10366000000,10366000000,,,,,,None,660000000,,2.16,0.0673,,,,-0.053,-0.0164,1697000000,2357000000,0.65,2025-09-30,11.15,,7117000000.0,1657000000,1343000000,-13000000,,,None,354000000,11000000,,None,,,,,1339000000,1356000000,-345000000,None,0.134,,-29000000,1686000000,,,,,None,,,,,2.233,2.36,1.302,,,,,,,,0.109,,,2025-10-28,quarterly,0.6336,USD,pre-market,None,,0.0561,0.197,-0.127,24.47,61000000,,,,31.59,31.66,-2.5231,,,,,,,12023000000,,12.07,,32.95,26.35
2025-12-28,EPD,2.64,53004001000.0,12.07,,0.575,13.5,,,,,,,,,,,,,,,None,9592000000,9592000000,,,,,,None,643000000,,2.16,0.0673,,,,-0.053,-0.0164,1802000000,2445000000,0.65,2025-06-30,11.15,,7117000000.0,1771000000,1470000000,16000000,,,None,332000000,332000000,,None,,,,,1436000000,1454000000,-326000000,None,0.134,,68000000,1703000000,,,,,None,,,,,2.233,2.36,1.302,,,,,,,,0.109,,,2025-10-28,quarterly,0.6336,USD,pre-market,None,,0.0561,0.197,-0.127,24.47,68000000,,,,31.59,31.66,-2.5231,,,,,,,11363000000,,12.07,,32.95,26.35
2025-12-28,EPD,2.64,53004001000.0,12.07,,0.575,13.5,,,,,,,,,,,,,,,None,13680000000,13680000000,,,,,,None,563000000,,2.16,0.0673,,,,-0.053,-0.0164,1771000000,2334000000,0.65,2025-03-31,11.15,,7117000000.0,1737000000,1430000000,24000000,,,None,341000000,9000000,,None,,,,,1394000000,1406000000,-332000000,None,0.134,,-24000000,1761000000,,,,,None,,,,,2.233,2.36,1.302,,,,,,,,0.109,,,2025-10-28,quarterly,0.6336,USD,pre-market,None,,0.0561,0.197,-0.127,24.47,60000000,,,,31.59,31.66,-2.5231,,,,,,,15417000000,,12.07,,32.95,26.35
2025-12-28,EPD,2.64,53004001000.0,12.07,,0.575,13.5,,,,,,,,,,,,,,,None,12277000000,12277000000,,,,,,None,560000000,,2.16,0.0673,,,,-0.053,-0.0164,1990000000,2550000000,0.65,2024-12-31,11.15,,7117000000.0,1924000000,1646000000,10000000,,,None,347000000,17000000,,None,,,,,1623000000,1633000000,-330000000,None,0.134,,-47000000,1971000000,,,,,None,,,,,2.233,2.36,1.302,,,,,,,,0.109,,,2025-10-28,quarterly,0.6336,USD,pre-market,None,,0.0561,0.197,-0.127,24.47,60000000,,,,31.59,31.66,-2.5231,,,,,,,14201000000,,12.07,,32.95,26.35
2025-12-28,EPD,2.64,53004001000.0,12.07,,0.575,13.5,,,,,,,,,,,,,,,None,12006000000,12006000000,,,,,,None,552000000,,2.16,0.0673,,,,-0.053,-0.0164,1796000000,2348000000,0.65,2024-09-30,11.15,,7117000000.0,1769000000,1450000000,19000000,,,None,345000000,16000000,,None,,,,,1417000000,1432000000,-329000000,None,0.134,,-11000000,1780000000,,,,,None,,,,,2.233,2.36,1.302,,,,,,,,0.109,,,2025-10-28,quarterly,0.6336,USD,pre-market,None,,0.0561,0.197,-0.127,24.47,61000000,,,,31.59,31.66,-2.5231,,,,,,,13775000000,,12.07,,32.95,26.35
2025-12-28,EPD,2.64,53004001000.0,12.07,,0.575,13.5,,,,,,,,,,,,,,,None,11758000000,11758000000,,,,,,None,544000000,,2.16,0.0673,,,,-0.053,-0.0164,1770000000,2314000000,0.65,2024-06-30,11.15,,7117000000.0,1725000000,1435000000,15000000,,,None,333000000,5000000,,None,,,,,1405000000,1422000000,-328000000,None,0.134,,-40000000,1765000000,,,,,None,,,,,2.233,2.36,1.302,,,,,,,,0.109,,,2025-10-28,quarterly,0.6336,USD,pre-market,None,,0.0561,0.197,-0.127,24.47,57000000,,,,31.59,31.66,-2.5231,,,,,,,13483000000,,12.07,,32.95,26.35
2025-12-28,EPD,2.64,53004001000.0,12.07,,0.575,13.5,,,,,,,,,,,,,,,None,12954000000,12954000000,,,,,,None,538000000,,2.16,0.0673,,,,-0.053,-0.0164,1837000000,2375000000,0.65,2024-03-31,11.15,,7117000000.0,1806000000,1504000000,21000000,,,None,333000000,15000000,,None,,,,,1457000000,1483000000,-318000000,None,0.134,,-16000000,1822000000,,,,,None,,,,,2.233,2.36,1.302,,,,,,,,0.109,,,2025-10-28,quarterly,0.6336,USD,pre-market,None,,0.0561,0.197,-0.127,24.47,66000000,,,,31.59,31.66,-2.5231,,,,,,,14760000000,,12.07,,32.95,26.35
2025-12-28,EPD,2.64,53004001000.0,12.07,,0.575,13.5,,,,,,,,,,,,,,,None,12766000000,12766000000,,,,,,None,536000000,,2.16,0.0673,,,,-0.053,-0.0164,1928000000,2464000000,0.65,2023-12-31,11.15,,7117000000.0,1856000000,1604000000,-1000000,,,None,327000000,7000000,,None,,,,,1571000000,1602000000,-320000000,None,0.134,,-65000000,1921000000,,,,,None,,,,,2.233,2.36,1.302,,,,,,,,0.109,,,2025-10-28,quarterly,0.6336,USD,pre-market,None,,0.0561,0.197,-0.127,24.47,57000000,,,,31.59,31.66,-2.5231,,,,,,,14622000000,,12.07,,32.95,26.35
2025-12-28,EPD,2.64,53004001000.0,12.07,,0.575,13.5,,,,,,,,,,,,,,,None,10355000000,10355000000,,,,,,None,530000000,,2.16,0.0673,,,,-0.053,-0.0164,1702000000,2232000000,0.65,2023-09-30,11.15,,7117000000.0,1643000000,1371000000,22000000,,,None,328000000,317000000,,None,,,,,1318000000,1350000000,-328000000,None,0.134,,-52000000,1695000000,,,,,None,,,,,2.233,2.36,1.302,,,,,,,,0.109,,,2025-10-28,quarterly,0.6336,USD,pre-market,None,,0.0561,0.197,-0.127,24.47,59000000,,,,31.59,31.66,-2.5231,,,,,,,11998000000,,12.07,,32.95,26.35
2025-12-28,EPD,2.64,53004001000.0,12.07,,0.575,13.5,,,,,,,,,,,,,,,None,9134000000,9134000000,,,,,,None,506000000,,2.16,0.0673,,,,-0.053,-0.0164,1601000000,2107000000,0.65,2023-06-30,11.15,,7117000000.0,1517000000,1294000000,13000000,,,None,305000000,291000000,,None,,,,,1253000000,1283000000,-302000000,None,0.134,,-62000000,1579000000,,,,,19000000,,,,,2.233,2.36,1.302,,,,,,,,0.109,,,2025-10-28,quarterly,0.6336,USD,pre-market,None,,0.0561,0.197,-0.127,24.47,56000000,,,,31.59,31.66,-2.5231,,,,,,,10651000000,,12.07,,32.95,26.35
2025-12-28,EPD,2.64,53004001000.0,12.07,,0.575,13.5,,,,,,,,,,,,,,,None,10744000000,10744000000,,,,,,None,500000000,,2.16,0.0673,,,,-0.053,-0.0164,1746000000,2246000000,0.65,2023-03-31,11.15,,7117000000.0,1700000000,1432000000,10000000,,,None,314000000,295000000,,None,,,,,1390000000,1422000000,-314000000,None,0.134,,-34000000,1734000000,,,,,12000000,,,,,2.233,2.36,1.302,,,,,,,,0.109,,,2025-10-28,quarterly,0.6336,USD,pre-market,None,,0.0561,0.197,-0.127,24.47,57000000,,,,31.59,31.66,-2.5231,,,,,,,12444000000,,12.07,,32.95,26.35
2025-12-28,EPD,2.64,53004001000.0,12.07,,0.575,13.5,,,,,,,,,,,,,,,None,11959000000,11959000000,,,,,,None,506000000,,2.16,0.0673,,,,-0.053,-0.0164,1787000000,2293000000,0.65,2022-12-31,11.15,,7117000000.0,1691000000,1480000000,28000000,,,None,307000000,5000000,,None,,,,,1420000000,1452000000,-307000000,None,0.134,,-74000000,1765000000,,,,,None,,,,,2.233,2.36,1.302,,,,,,,,0.109,,,2025-10-28,quarterly,0.6336,USD,pre-market,None,,0.0561,0.197,-0.127,24.47,62000000,,,,31.59,31.66,-2.5231,,,,,,,13650000000,,12.07,,32.95,26.35
2025-12-28,EPD,2.64,53004001000.0,12.07,,0.575,13.5,,,,,,,,,,,,,,,None,13783000000,13783000000,,,,,,None,491000000,,2.16,0.0673,,,,-0.053,-0.0164,1719000000,2210000000,0.65,2022-09-30,11.15,,7117000000.0,1685000000,1410000000,18000000,,,None,309000000,297000000,,None,,,,,1361000000,1392000000,-309000000,None,0.134,,-27000000,1712000000,,,,,7000000,,,,,2.233,2.36,1.302,,,,,,,,0.109,,,2025-10-28,quarterly,0.6336,USD,pre-market,None,,0.0561,0.197,-0.127,24.47,55000000,,,,31.59,31.66,-2.5231,,,,,,,15468000000,,12.07,,32.95,26.35
2025-12-28,EPD,2.64,53004001000.0,12.07,,0.575,13.5,,,,,,,,,,,,,,,None,14336000000,14336000000,,,,,,None,498000000,,2.16,0.0673,,,,-0.053,-0.0164,1766000000,2264000000,0.65,2022-06-30,11.15,,7117000000.0,1724000000,1457000000,17000000,,,None,309000000,2000000,,None,,,,,1412000000,1440000000,-309000000,None,0.134,,-40000000,1764000000,,,,,2000000,,,,,2.233,2.36,1.302,,,,,,,,0.109,,,2025-10-28,quarterly,0.6336,USD,pre-market,None,,0.0561,0.197,-0.127,24.47,62000000,,,,31.59,31.66,-2.5231,,,,,,,16060000000,,12.07,,32.95,26.35
2025-12-28,EPD,2.64,53004001000.0,12.07,,0.575,13.5,,,,,,,,,,,,,,,None,11383000000,11383000000,,,,,,None,479000000,,2.16,0.0673,,,,-0.053,-0.0164,1669000000,2148000000,0.65,2022-03-31,11.15,,7117000000.0,1625000000,1350000000,19000000,,,None,319000000,1000000,,None,,,,,1297000000,1331000000,-319000000,None,0.134,,-41000000,1666000000,,,,,3000000,,,,,2.233,2.36,1.302,,,,,,,,0.109,,,2025-10-28,quarterly,0.6336,USD,pre-market,None,,0.0561,0.197,-0.127,24.47,62000000,,,,31.59,31.66,-2.5231,,,,,,,13008000000,,12.07,,32.95,26.35
2025-12-28,EPD,2.64,53004001000.0,12.07,,0.575,13.5,,,,,,,,,,,,,,,None,9944000000,9944000000,,,,,,None,480100000,,2.16,0.0673,,,,-0.053,-0.0164,1405500000,1885600000,0.65,2021-12-31,11.15,,7117000000.0,1426000000,1077000000,13000000,,,None,328200000,320600000,,None,,,,,1029000000,1064600000,-328200000,None,0.134,,23000000,1403000000,,,,,2000000,,,,,2.233,2.36,1.302,,,,,,,,0.109,,,2025-10-28,quarterly,0.6336,USD,pre-market,None,,0.0561,0.197,-0.127,24.47,54000000,,,,31.59,31.66,-2.5231,,,,,,,11370000000,,12.07,,32.95,26.35
2025-12-28,EPD,2.64,53004001000.0,12.07,,0.575,13.5,,,,,,,,,,,,,,,None,9380000000,9380000000,,,,,,None,471000000,,2.16,0.0673,,,,-0.053,-0.0164,1514000000,1985000000,0.65,2021-09-30,11.15,,7117000000.0,1452000000,1198000000,16000000,,,None,315900000,308400000,,None,,,,,1154000000,1182100000,-315900000,None,0.134,,-61000000,1513000000,,,,,1000000,,,,,2.233,2.36,1.302,,,,,,,,0.109,,,2025-10-28,quarterly,0.6336,USD,pre-market,None,,0.0561,0.197,-0.127,24.47,47000000,,,,31.59,31.66,-2.5231,,,,,,,10832000000,,12.07,,32.95,26.35
2025-12-28,EPD,2.64,53004001000.0,12.07,,0.575,13.5,,,,,,,,,,,,,,,None,8049000000,8049000000,,,,,,None,461000000,,2.16,0.0673,,,,-0.053,-0.0164,1493000000,1954000000,0.65,2021-06-30,11.15,,7117000000.0,1401000000,1177000000,31000000,,,None,316100000,316100000,,None,,,,,1113000000,1146000000,-316100000,None,0.134,,-91000000,1492000000,,,,,700000,,,,,2.233,2.36,1.302,,,,,,,,0.109,,,2025-10-28,quarterly,0.6336,USD,pre-market,None,,0.0561,0.197,-0.127,24.47,52000000,,,,31.59,31.66,-2.5231,,,,,,,9450000000,,12.07,,32.95,26.35
2025-12-28,EPD,2.64,53004001000.0,12.07,,0.575,13.5,,,,,,,,,,,,,,,None,7487000000,7487000000,,,,,,None,462000000,,2.16,0.0673,,,,-0.053,-0.0164,1696000000,2158000000,0.65,2021-03-31,11.15,,7117000000.0,1668000000,1373000000,10000000,,,None,322800000,322800000,,None,,,,,1342000000,1362600000,-322800000,None,0.134,,-27000000,1695000000,,,,,900000,,,,,2.233,2.36,1.302,,,,,,,,0.109,,,2025-10-28,quarterly,0.6336,USD,pre-market,None,,0.0561,0.197,-0.127,24.47,56000000,,,,31.59,31.66,-2.5231,,,,,,,9155000000,,12.07,,32.95,26.35
2025-12-28,EPD,2.64,53004001000.0,12.07,,0.575,13.5,,,,,,,,,,,,,,,None,5573500000,5573500000,,,,,,None,526800000,,2.16,0.0673,,,,-0.053,-0.0164,709400000,1236200000,0.65,2020-12-31,11.15,,7117000000.0,1470700000,380200000,14300000,,,None,329200000,321100000,,None,,,,,338200000,365900000,-329200000,None,0.134,,762500000,708200000,,,,,1200000,,,,,2.233,2.36,1.302,,,,,,,,0.109,,,2025-10-28,quarterly,0.6336,USD,pre-market,None,,0.0561,0.197,-0.127,24.47,56800000,,,,31.59,31.66,-2.5231,,,,,,,7044200000,,12.07,,32.95,26.35
2025-12-28,EPD,2.64,53004001000.0,12.07,,0.575,13.5,,,,,,,,,,,,,,,None,5494200000,5494200000,,,,,,None,454600000,,2.16,0.0673,,,,-0.053,-0.0164,1385400000,1840000000,0.65,2020-09-30,11.15,,7117000000.0,1427800000,1064900000,-19100000,,,None,320500000,308100000,,None,,,,,1052599999,1084000000,-308400000,None,0.134,,45300000,1382500000,,,,,2900000,,,,,2.233,2.36,1.302,,,,,,,,0.109,,,2025-10-28,quarterly,0.6336,USD,pre-market,None,,0.0561,0.197,-0.127,24.47,50300000,,,,31.59,31.66,-2.5231,,,,,,,6922000000,,12.07,,32.95,26.35
2025-12-28,EPD,2.64,53004001000.0,12.07,,0.575,13.5,,,,,,,,,,,,,,,None,4358600000,4358600000,,,,,,None,463700000,,2.16,0.0673,,,,-0.053,-0.0164,1440700000,1904400000,0.65,2020-06-30,11.15,,7117000000.0,1392400000,1120500000,59700000,,,None,320200000,2900000,,None,,,,,1034700000,1060800000,-307600000,None,0.134,,-44500000,1436900000,,,,,3800000,,,,,2.233,2.36,1.302,,,,,,,,0.109,,,2025-10-28,quarterly,0.6336,USD,pre-market,None,,0.0561,0.197,-0.127,24.47,57000000,,,,31.59,31.66,-2.5231,,,,,,,5751000000,,12.07,,32.95,26.35
2025-12-28,EPD,2.64,53004001000.0,12.07,,0.575,13.5,,,,,,,,,,,,,,,None,6058700000,6058700000,,,,,,None,453600000,,2.16,0.0673,,,,-0.053,-0.0164,1513300000,1966900000,0.65,2020-03-31,11.15,,7117000000.0,1423800000,1195800000,-179200000,,,None,317500000,7200000,,None,,,,,1350100000,1375000000,-310300000,None,0.134,,-83700000,1507500000,,,,,5800000,,,,,2.233,2.36,1.302,,,,,,,,0.109,,,2025-10-28,quarterly,0.6336,USD,pre-market,None,,0.0561,0.197,-0.127,24.47,55500000,,,,31.59,31.66,-2.5231,,,,,,,7482500000,,12.07,,32.95,26.35
2025-12-28,EPD,2.64,53004001000.0,12.07,,0.575,13.5,,,,,,,,,,,,,,,None,6667700000,6667700000,,,,,,None,492600000,,2.16,0.0673,,,,-0.053,-0.0164,1426400000,1919000000,0.65,2019-12-31,11.15,,7117000000.0,1337600000,1133600000,8199999,,,None,292800000,277700000,,None,,,,,1096900000,1125400000,-271700000,None,0.134,,-80400000,1418000000,,,,,8400000,,,,,2.233,2.36,1.302,,,,,,,,0.109,,,2025-10-28,quarterly,0.6336,USD,pre-market,None,,0.0561,0.197,-0.127,24.47,51400000,,,,31.59,31.66,-2.5231,,,,,,,8005300000,,12.07,,32.95,26.35
2025-12-28,EPD,2.64,53004001000.0,12.07,,0.575,13.5,,,,,,,,,,,,,,,None,6534300000,6534300000,,,,,,None,493600000,,2.16,0.0673,,,,-0.053,-0.0164,1443100000,1936700000,0.65,2019-09-30,11.15,,7117000000.0,1429800000,1060200000,15400000,,,None,382900000,421600000,,None,,,,,1019200000,1044800000,-292600000,None,0.134,,-44400000,1474200000,,,,,-31100000,,,,,2.233,2.36,1.302,,,,,,,,0.109,,,2025-10-28,quarterly,0.6336,USD,pre-market,None,,0.0561,0.197,-0.127,24.47,55500000,,,,31.59,31.66,-2.5231,,,,,,,7964100000,,12.07,,32.95,26.35
2025-12-28,EPD,2.64,53004001000.0,12.07,,0.575,13.5,,,,,,,,,,,,,,,None,6793900000,6793900000,,,,,,None,488600000,,2.16,0.0673,,,,-0.053,-0.0164,1536300000,2024900000,0.65,2019-06-30,11.15,,7117000000.0,1482400000,1246200000,9700000,,,None,290100000,316700000,,None,,,,,1214700000,1236500000,-281400000,None,0.134,,-77900000,1560300000,,,,,-24000000,,,,,2.233,2.36,1.302,,,,,,,,0.109,,,2025-10-28,quarterly,0.6336,USD,pre-market,None,,0.0561,0.197,-0.127,24.47,52500000,,,,31.59,31.66,-2.5231,,,,,,,8276299999,,12.07,,32.95,26.35
2025-12-28,EPD,2.64,53004001000.0,12.07,,0.575,13.5,,,,,,,,,,,,,,,None,7014900000,7014900000,,,,,,None,474500000,,2.16,0.0673,,,,-0.053,-0.0164,1569900000,2044400000,0.65,2019-03-31,11.15,,7117000000.0,1528600000,1292700000,12300000,,,None,277200000,335000000,,None,,,,,1260500000,1280400000,-278300000,None,0.134,,-97600000,1626200000,,,,,-56300000,,,,,2.233,2.36,1.302,,,,,,,,0.109,,,2025-10-28,quarterly,0.6336,USD,pre-market,None,,0.0561,0.197,-0.127,24.47,52200000,,,,31.59,31.66,-2.5231,,,,,,,8543500000,,12.07,,32.95,26.35
2025-12-28,EPD,2.64,53004001000.0,12.07,,0.575,13.5,,,,,,,,,,,,,,,None,7595300000,7595300000,,,,,,None,431100000,,2.16,0.0673,,,,-0.053,-0.0164,1621500000,2052600000,0.65,2018-12-31,11.15,,7117000000.0,1587000000,1331000000,25800000,,,None,290500000,None,,None,,,,,1284700000,1305200000,None,None,0.134,,-53400000,1640400000,,,,,-18900000,,,,,2.233,2.36,1.302,,,,,,,,0.109,,,2025-10-28,quarterly,0.6336,USD,pre-market,0,,0.0561,0.197,-0.127,24.47,51200000,,,,31.59,31.66,-2.5231,,,,,,,9182300000,,12.07,,32.95,26.35
2025-12-28,EPD,2.64,53004001000.0,12.07,,0.575,13.5,,,,,,,,,,,,,,,None,7997300000,7997300000,,,,,,None,457000000,,2.16,0.0673,,,,-0.053,-0.0164,1625100000,2082100000,0.65,2018-09-30,11.15,,7117000000.0,1588600000,1345600000,11000000,,,None,279500000,None,,None,,,,,1313200000,1334600000,None,None,0.134,,-54700000,1643300000,,,,,-18200000,,,,,2.233,2.36,1.302,,,,,,,,0.109,,,2025-10-28,quarterly,0.6336,USD,pre-market,0,,0.0561,0.197,-0.127,24.47,52700000,,,,31.59,31.66,-2.5231,,,,,,,9585900000,,12.07,,32.95,26.35
2025-12-28,EPD,2.64,53004001000.0,12.07,,0.575,13.5,,,,,,,,,,,,,,,None,7536100000,7536100000,,,,,,None,447900000,,2.16,0.0673,,,,-0.053,-0.0164,980200000,1428100000,0.65,2018-06-30,11.15,,7117000000.0,931400000,705600000,18400000,,,None,274600000,None,,None,,,,,673800000,687200000,None,None,0.134,,-55000000,986400000,,,,,-6200000,,,,,2.233,2.36,1.302,,,,,,,,0.109,,,2025-10-28,quarterly,0.6336,USD,pre-market,0,,0.0561,0.197,-0.127,24.47,51400000,,,,31.59,31.66,-2.5231,,,,,,,8467500000,,12.07,,32.95,26.35
2025-12-28,EPD,2.64,53004001000.0,12.07,,0.575,13.5,,,,,,,,,,,,,,,None,8221799999,8221799999,,,,,,None,425900000,,2.16,0.0673,,,,-0.053,-0.0164,1168700000,1594600000,0.65,2018-03-31,11.15,,7117000000.0,1076700000,916600000,5100000,,,None,252100000,None,,None,,,,,900700000,911500000,None,None,0.134,,-61799999,1138500000,,,,,30200000,,,,,2.233,2.36,1.302,,,,,,,,0.109,,,2025-10-28,quarterly,0.6336,USD,pre-market,0,,0.0561,0.197,-0.127,24.47,53000000,,,,31.59,31.66,-2.5231,,,,,,,9298500000,,12.07,,32.95,26.35
2025-12-28,EPD,2.64,53004001000.0,12.07,,0.575,13.5,,,,,,,,,,,,,,,None,7399700000,7399700000,,,,,,None,422600000,,2.16,0.0673,,,,-0.053,-0.0164,1048500000,1471100000,0.65,2017-12-31,11.15,,7117000000.0,1026900000,802900000,5600000,,,None,245600000,None,,None,,,,,774000000,797300000,None,None,0.134,,-52500000,1079400000,,,,,-49500000,,,,,2.233,2.36,1.302,,,,,,,,0.109,,,2025-10-28,quarterly,0.6336,USD,pre-market,0,,0.0561,0.197,-0.127,24.47,43700000,,,,31.59,31.66,-2.5231,,,,,,,8426600000,,12.07,,32.95,26.35
2025-12-28,EPD,2.64,53004001000.0,12.07,,0.575,13.5,,,,,,,,,,,,,,,None,6070100000,6070100000,,,,,,None,412600000,,2.16,0.0673,,,,-0.053,-0.0164,870600000,1283200000,0.65,2017-09-30,11.15,,7117000000.0,816800000,626700000,5400000,,,None,243900000,None,,None,,,,,610900000,621300000,None,None,0.134,,-62400000,879200000,,,,,-8600000,,,,,2.233,2.36,1.302,,,,,,,,0.109,,,2025-10-28,quarterly,0.6336,USD,pre-market,0,,0.0561,0.197,-0.127,24.47,41300000,,,,31.59,31.66,-2.5231,,,,,,,6886900000,,12.07,,32.95,26.35
2025-12-28,EPD,2.64,53004001000.0,12.07,,0.575,13.5,,,,,,,,,,,,,,,None,5717100000,5717100000,,,,,,None,406500000,,2.16,0.0673,,,,-0.053,-0.0164,920500000,1327000000,0.65,2017-06-30,11.15,,7117000000.0,890500000,674700000,8700000,,,None,245800000,None,,None,,,,,653700000,666000000,None,None,0.134,,-48200000,938700000,,,,,400000,,,,,2.233,2.36,1.302,,,,,,,,0.109,,,2025-10-28,quarterly,0.6336,USD,pre-market,0,,0.0561,0.197,-0.127,24.47,45700000,,,,31.59,31.66,-2.5231,,,,,,,6607600000,,12.07,,32.95,26.35
2025-12-28,EPD,2.64,53004001000.0,12.07,,0.575,13.5,,,,,,,,,,,,,,,None,6322000000,6322000000,,,,,,None,402300000,,2.16,0.0673,,,,-0.053,-0.0164,1026300000,1428600000,0.65,2017-03-31,11.15,,7117000000.0,998400000,777000000,6000000,,,None,249300000,None,,None,,,,,760700000,771000000,None,None,0.134,,-33199999,1031599999,,,,,-5300000,,,,,2.233,2.36,1.302,,,,,,,,0.109,,,2025-10-28,quarterly,0.6336,USD,pre-market,0,,0.0561,0.197,-0.127,24.47,50400000,,,,31.59,31.66,-2.5231,,,,,,,7320400000,,12.07,,32.95,26.35
2025-12-28,EPD,2.64,53004001000.0,12.07,,0.575,13.5,,,,,,,,,,,,,,,None,5592900000,5592900000,,,,,,None,396700000,,2.16,0.0673,,,,-0.053,-0.0164,927000000,1323700000,0.65,2016-12-31,11.15,,7117000000.0,885900000,680000000,10300000,,,None,247000000,None,,None,,,,,658800000,669700000,None,None,0.134,,-37300000,923200000,,,,,3800000,,,,,2.233,2.36,1.302,,,,,,,,0.109,,,2025-10-28,quarterly,0.6336,USD,pre-market,0,,0.0561,0.197,-0.127,24.47,38400000,,,,31.59,31.66,-2.5231,,,,,,,6478800000,,12.07,,32.95,26.35
2025-12-28,EPD,2.64,53004001000.0,12.07,,0.575,13.5,,,,,,,,,,,,,,,None,5058900000,5058900000,,,,,,None,391900000,,2.16,0.0673,,,,-0.053,-0.0164,898800000,1290700000,0.65,2016-09-30,11.15,,7117000000.0,861500000,647900000,4800000,,,None,250900000,None,,None,,,,,634600000,643100000,None,None,0.134,,-43500000,905000000,,,,,-6200000,,,,,2.233,2.36,1.302,,,,,,,,0.109,,,2025-10-28,quarterly,0.6336,USD,pre-market,0,,0.0561,0.197,-0.127,24.47,42000000,,,,31.59,31.66,-2.5231,,,,,,,5920400000,,12.07,,32.95,26.35
2025-12-28,EPD,2.64,53004001000.0,12.07,,0.575,13.5,,,,,,,,,,,,,,,None,4808800000,4808800000,,,,,,None,381300000,,2.16,0.0673,,,,-0.053,-0.0164,814000000,1195300000,0.65,2016-06-30,11.15,,7117000000.0,809000000,569900000,-100000,,,None,244100000,None,,None,,,,,558500000,570000000,None,None,0.134,,-27900000,836900000,,,,,-22900000,,,,,2.233,2.36,1.302,,,,,,,,0.109,,,2025-10-28,quarterly,0.6336,USD,pre-market,0,,0.0561,0.197,-0.127,24.47,35100000,,,,31.59,31.66,-2.5231,,,,,,,5617800000,,12.07,,32.95,26.35
2025-12-28,EPD,2.64,53004001000.0,12.07,,0.575,13.5,,,,,,,,,,,,,,,None,4145200000,4145200000,,,,,,None,382100000,,2.16,0.0673,,,,-0.053,-0.0164,919200000,1301300000,0.65,2016-03-31,11.15,,7117000000.0,860100000,678600000,8400000,,,None,240600000,None,,None,,,,,661200000,670200000,None,None,0.134,,-55500000,915600000,,,,,3600000,,,,,2.233,2.36,1.302,,,,,,,,0.109,,,2025-10-28,quarterly,0.6336,USD,pre-market,0,,0.0561,0.197,-0.127,24.47,43900000,,,,31.59,31.66,-2.5231,,,,,,,5005300000,,12.07,,32.95,26.35
2025-12-28,EPD,2.64,53004001000.0,12.07,,0.575,13.5,,,,,,,,,,,,,,,None,5218700000,5218700000,,,,,,None,368300000,,2.16,0.0673,,,,-0.053,-0.0164,925200000,1293500000,0.65,2015-12-31,11.15,,7117000000.0,936300000,686600000,-6900000,,,None,238600000,None,,None,,,,,684800000,693500000,None,None,0.134,,1800000,934500000,,,,,-9300000,,,,,2.233,2.36,1.302,,,,,,,,0.109,,,2025-10-28,quarterly,0.6336,USD,pre-market,0,,0.0561,0.197,-0.127,24.47,49400000,,,,31.59,31.66,-2.5231,,,,,,,6155000000,,12.07,,32.95,26.35
2025-12-28,EPD,2.64,53004001000.0,12.07,,0.575,13.5,,,,,,,,,,,,,,,None,5425800000,5425800000,,,,,,None,372800000,,2.16,0.0673,,,,-0.053,-0.0164,906900000,1279700000,0.65,2015-09-30,11.15,,7117000000.0,882100000,663200000,5500000,,,None,243700000,None,,None,,,,,649300000,657700000,None,None,0.134,,-27300000,909400000,,,,,-2500000,,,,,2.233,2.36,1.302,,,,,,,,0.109,,,2025-10-28,quarterly,0.6336,USD,pre-market,0,,0.0561,0.197,-0.127,24.47,49000000,,,,31.59,31.66,-2.5231,,,,,,,6307900000,,12.07,,32.95,26.35
2025-12-28,EPD,2.64,53004001000.0,12.07,,0.575,13.5,,,,,,,,,,,,,,,None,6278500000,6278500000,,,,,,None,407500000,,2.16,0.0673,,,,-0.053,-0.0164,789100000,1196600000,0.65,2015-06-30,11.15,,7117000000.0,814000000,548700000,-7900000,,,None,240400000,None,,None,,,,,551000000,556600000,None,None,0.134,,13700000,800300000,,,,,-11200000,,,,,2.233,2.36,1.302,,,,,,,,0.109,,,2025-10-28,quarterly,0.6336,USD,pre-market,0,,0.0561,0.197,-0.127,24.47,44900000,,,,31.59,31.66,-2.5231,,,,,,,7092500000,,12.07,,32.95,26.35
2025-12-28,EPD,2.64,53004001000.0,12.07,,0.575,13.5,,,,,,,,,,,,,,,None,6583100000,6583100000,,,,,,None,367400000,,2.16,0.0673,,,,-0.053,-0.0164,896500000,1263900000,0.65,2015-03-31,11.15,,7117000000.0,889400000,657400000,6800000,,,None,239100000,None,,None,,,,,636100000,650600000,None,None,0.134,,-6600000,896000000,,,,,500000,,,,,2.233,2.36,1.302,,,,,,,,0.109,,,2025-10-28,quarterly,0.6336,USD,pre-market,0,,0.0561,0.197,-0.127,24.47,49300000,,,,31.59,31.66,-2.5231,,,,,,,7472500000,,12.07,,32.95,26.35
2025-12-28,EPD,2.64,53004001000.0,12.07,,0.575,13.5,,,,,,,,,,,,,,,None,9270300000,9270300000,,,,,,None,368100000,,2.16,0.0673,,,,-0.053,-0.0164,923100000,1291200000,0.65,2014-12-31,11.15,,7117000000.0,920000000,681700000,600000,,,None,241400000,None,,None,,,,,659800000,681100000,None,None,0.134,,-1000000,921000000,,,,,2100000,,,,,2.233,2.36,1.302,,,,,,,,0.109,,,2025-10-28,quarterly,0.6336,USD,pre-market,0,,0.0561,0.197,-0.127,24.47,55100000,,,,31.59,31.66,-2.5231,,,,,,,10190300000,,12.07,,32.95,26.35
2025-12-28,EPD,2.64,53004001000.0,12.07,,0.575,13.5,,,,,,,,,,,,,,,None,11409100000,11409100000,,,,,,None,341400000,,2.16,0.0673,,,,-0.053,-0.0164,936700000,1278100000,0.65,2014-09-30,11.15,,7117000000.0,921100000,706900000,7700000,,,None,229800000,None,,None,,,,,691100000,699200000,None,None,0.134,,-16600000,937700000,,,,,-1000000,,,,,2.233,2.36,1.302,,,,,,,,0.109,,,2025-10-28,quarterly,0.6336,USD,pre-market,0,,0.0561,0.197,-0.127,24.47,50000000,,,,31.59,31.66,-2.5231,,,,,,,12330200000,,12.07,,32.95,26.35
2025-12-28,EPD,2.64,53004001000.0,12.07,,0.575,13.5,,,,,,,,,,,,,,,None,11635400000,11635400000,,,,,,None,331100000,,2.16,0.0673,,,,-0.053,-0.0164,885400000,1216500000,0.65,2014-06-30,11.15,,7117000000.0,885400000,656500000,10000000,,,None,228900000,None,,None,,,,,637700000,646500000,None,None,0.134,,1100000,884300000,,,,,1100000,,,,,2.233,2.36,1.302,,,,,,,,0.109,,,2025-10-28,quarterly,0.6336,USD,pre-market,0,,0.0561,0.197,-0.127,24.47,47700000,,,,31.59,31.66,-2.5231,,,,,,,12520800000,,12.07,,32.95,26.35
2025-12-28,EPD,2.64,53004001000.0,12.07,,0.575,13.5,,,,,,,,,,,,,,,None,11966700000,11966700000,,,,,,None,319900000,,2.16,0.0673,,,,-0.053,-0.0164,1032400000,1352300000,0.65,2014-03-31,11.15,,7117000000.0,943200000,811500000,4800000,,,None,220900000,None,,None,,,,,798800000,806700000,None,None,0.134,,-89500000,1032700000,,,,,-300000,,,,,2.233,2.36,1.302,,,,,,,,0.109,,,2025-10-28,quarterly,0.6336,USD,pre-market,0,,0.0561,0.197,-0.127,24.47,53200000,,,,31.59,31.66,-2.5231,,,,,,,12909900000,,12.07,,32.95,26.35
2025-12-28,EPD,2.64,53004001000.0,12.07,,0.575,13.5,,,,,,,,,,,,,,,None,12144500000,12144500000,,,,,,None,315300000,,2.16,0.0673,,,,-0.053,-0.0164,915100000,1230400000,0.65,2013-12-31,11.15,,7117000000.0,956800000,717000000,11300000,,,None,198100000,None,,None,,,,,698900000,705700000,None,None,0.134,,41300000,915500000,,,,,-400000,,,,,2.233,2.36,1.302,,,,,,,,0.109,,,2025-10-28,quarterly,0.6336,USD,pre-market,0,,0.0561,0.197,-0.127,24.47,49400000,,,,31.59,31.66,-2.5231,,,,,,,13101300000,,12.07,,32.95,26.35
2025-12-28,EPD,2.64,53004001000.0,12.07,,0.575,13.5,,,,,,,,,,,,,,,None,11258300000,11258300000,,,,,,None,302500000,,2.16,0.0673,,,,-0.053,-0.0164,820500000,1123000000,0.65,2013-09-30,11.15,,7117000000.0,835000000,612200000,19400000,,,None,208300000,None,,None,,,,,592000000,592800000,None,None,0.134,,15100000,819900000,,,,,600000,,,,,2.233,2.36,1.302,,,,,,,,0.109,,,2025-10-28,quarterly,0.6336,USD,pre-market,0,,0.0561,0.197,-0.127,24.47,43900000,,,,31.59,31.66,-2.5231,,,,,,,12093300000,,12.07,,32.95,26.35
2025-12-28,EPD,2.64,53004001000.0,12.07,,0.575,13.5,,,,,,,,,,,,,,,None,10340100000,10340100000,,,,,,None,307800000,,2.16,0.0673,,,,-0.053,-0.0164,773900000,1081700000,0.65,2013-06-30,11.15,,7117000000.0,809200000,573700000,20400000,,,None,200200000,None,,None,,,,,552500000,553300000,None,None,0.134,,35600000,763700000,,,,,-300000,,,,,2.233,2.36,1.302,,,,,,,,0.109,,,2025-10-28,quarterly,0.6336,USD,pre-market,0,,0.0561,0.197,-0.127,24.47,45500000,,,,31.59,31.66,-2.5231,,,,,,,11149300000,,12.07,,32.95,26.35
2025-12-28,EPD,2.64,53004001000.0,12.07,,0.575,13.5,,,,,,,,,,,,,,,None,10418200000,10418200000,,,,,,None,292000000,,2.16,0.0673,,,,-0.053,-0.0164,957600000,1249600000,0.65,2013-03-31,11.15,,7117000000.0,964900000,761700000,6400000,,,None,195900000,None,,None,,,,,753500000,755300000,None,None,0.134,,49500000,915400000,,,,,-100000,,,,,2.233,2.36,1.302,,,,,,,,0.109,,,2025-10-28,quarterly,0.6336,USD,pre-market,0,,0.0561,0.197,-0.127,24.47,49500000,,,,31.59,31.66,-2.5231,,,,,,,11383100000,,12.07,,32.95,26.35
2025-12-28,EPD,2.64,53004001000.0,12.07,,0.575,13.5,,,,,,,,,,,,,,,None,10225600000,10225600000,,,,,,None,287000000,,2.16,0.0673,,,,-0.053,-0.0164,822700000,1109700000,0.65,2012-12-31,11.15,,7117000000.0,846500000,623700000,6300000,,,None,199000000,None,,None,,,,,615500000,617400000,None,None,0.134,,23899999,806400000,,,,,None,,,,,2.233,2.36,1.302,,,,,,,,0.109,,,2025-10-28,quarterly,0.6336,USD,pre-market,0,,0.0561,0.197,-0.127,24.47,40100000,,,,31.59,31.66,-2.5231,,,,,,,11072100000,,12.07,,32.95,26.35
2025-12-28,EPD,2.64,53004001000.0,12.07,,0.575,13.5,,,,,,,,,,,,,,,None,9616700000,9616700000,,,,,,None,280200000,,2.16,0.0673,,,,-0.053,-0.0164,790000000,1070200000,0.65,2012-09-30,11.15,,7117000000.0,852000000,590300000,2400000,,,None,199700000,None,,None,,,,,586800000,587900000,None,None,0.134,,41400000,810600000,,,,,1500000,,,,,2.233,2.36,1.302,,,,,,,,0.109,,,2025-10-28,quarterly,0.6336,USD,pre-market,0,,0.0561,0.197,-0.127,24.47,41400000,,,,31.59,31.66,-2.5231,,,,,,,10468700000,,12.07,,32.95,26.35
2025-12-28,EPD,2.64,53004001000.0,12.07,,0.575,13.5,,,,,,,,,,,,,,,None,9009500000,9009500000,,,,,,None,271600000,,2.16,0.0673,,,,-0.053,-0.0164,762300000,1033900000,0.65,2012-06-30,11.15,,7117000000.0,780300000,575700000,8500000,,,None,186600000,None,,None,,,,,566300000,567200000,None,None,0.134,,42500000,749100000,,,,,13200000,,,,,2.233,2.36,1.302,,,,,,,,0.109,,,2025-10-28,quarterly,0.6336,USD,pre-market,0,,0.0561,0.197,-0.127,24.47,42500000,,,,31.59,31.66,-2.5231,,,,,,,9789800000,,12.07,,32.95,26.35
2025-12-28,EPD,2.64,53004001000.0,12.07,,0.575,13.5,,,,,,,,,,,,,,,None,10467200000,10467200000,,,,,,None,266100000,,2.16,0.0673,,,,-0.053,-0.0164,807600000,1073700000,0.65,2012-03-31,11.15,,7117000000.0,785300000,621100000,-34400000,,,None,186500000,None,,None,,,,,651300000,655500000,None,None,0.134,,46300000,748900000,,,,,58700000,,,,,2.233,2.36,1.302,,,,,,,,0.109,,,2025-10-28,quarterly,0.6336,USD,pre-market,0,,0.0561,0.197,-0.127,24.47,46300000,,,,31.59,31.66,-2.5231,,,,,,,11252500000,,12.07,,32.95,26.35
2025-12-28,EPD,2.64,53004001000.0,12.07,,0.575,13.5,,,,,,,,,,,,,,,None,10643500000,10643500000,,,,,,None,267800000,,2.16,0.0673,,,,-0.053,-0.0164,909900000,1177700000,0.65,2011-12-31,11.15,,7117000000.0,942200000,726900000,1100000,,,None,183000000,None,,None,,,,,721100000,725800000,None,None,0.134,,43500000,909200000,,,,,700000,,,,,2.233,2.36,1.302,,,,,,,,0.109,,,2025-10-28,quarterly,0.6336,USD,pre-market,0,,0.0561,0.197,-0.127,24.47,43500000,,,,31.59,31.66,-2.5231,,,,,,,11585700000,,12.07,,32.95,26.35
2025-12-28,EPD,2.64,53004001000.0,12.07,,0.575,13.5,,,,,,,,,,,,,,,None,10604600000,10604600000,,,,,,None,254400000,,2.16,0.0673,,,,-0.053,-0.0164,680100000,934500000,0.65,2011-09-30,11.15,,7117000000.0,722500000,491100000,11600000,,,None,189000000,None,,None,,,,,471400000,479500000,None,None,0.134,,50000000,681100000,,,,,-1000000,,,,,2.233,2.36,1.302,,,,,,,,0.109,,,2025-10-28,quarterly,0.6336,USD,pre-market,0,,0.0561,0.197,-0.127,24.47,50000000,,,,31.59,31.66,-2.5231,,,,,,,11327100000,,12.07,,32.95,26.35
2025-12-28,EPD,2.64,53004001000.0,12.07,,0.575,13.5,,,,,,,,,,,,,,,None,10533300000,10533300000,,,,,,None,243700000,,2.16,0.0673,,,,-0.053,-0.0164,644200000,887900000,0.65,2011-06-30,11.15,,7117000000.0,683200000,455900000,7400000,,,None,188300000,None,,None,,,,,433700000,448500000,None,None,0.134,,50400000,632800000,,,,,300000,,,,,2.233,2.36,1.302,,,,,,,,0.109,,,2025-10-28,quarterly,0.6336,USD,pre-market,0,,0.0561,0.197,-0.127,24.47,50400000,,,,31.59,31.66,-2.5231,,,,,,,11216500000,,12.07,,32.95,26.35
2025-12-28,EPD,2.64,53004001000.0,12.07,,0.575,13.5,,,,,,,,,,,,,,,None,9537100000,9537100000,,,,,,None,241100000,,2.16,0.0673,,,,-0.053,-0.0164,625400000,866500000,0.65,2011-03-31,11.15,,7117000000.0,646600000,441600000,7100000,,,None,183800000,None,,None,,,,,420700000,434500000,None,None,0.134,,37900000,624900000,,,,,500000,,,,,2.233,2.36,1.302,,,,,,,,0.109,,,2025-10-28,quarterly,0.6336,USD,pre-market,0,,0.0561,0.197,-0.127,24.47,37900000,,,,31.59,31.66,-2.5231,,,,,,,10183700000,,12.07,,32.95,26.35
2025-12-28,EPD,2.64,53004001000.0,12.07,,0.575,13.5,,,,,,,,,,,,,,,None,9043100000,9043100000,,,,,,None,280900000,,2.16,0.0673,,,,-0.053,-0.0164,481700000,762600000,0.65,2010-12-31,11.15,,7117000000.0,540500000,236700000,6000000,,,None,245000000,None,,None,,,,,-786100000,230700000,None,None,0.134,,73300000,479000000,,,,,2700000,,,,,2.233,2.36,1.302,,,,,,,,0.109,,,2025-10-28,quarterly,0.6336,USD,pre-market,0,,0.0561,0.197,-0.127,24.47,73300000,,,,31.59,31.66,-2.5231,,,,,,,9583600000,,12.07,,32.95,26.35
2025-12-28,EPD,2.64,53004001000.0,12.07,,0.575,13.5,,,,,,,,,,,,,,,None,7460100000,7460100000,,,,,,None,255600000,,2.16,0.0673,,,,-0.053,-0.0164,544500000,800100000,0.65,2010-09-30,11.15,,7117000000.0,607700000,390800000,4900000,,,None,192000000,None,,None,,,,,37000000,385900000,None,None,0.134,,56000000,543200000,,,,,1300000,,,,,2.233,2.36,1.302,,,,,,,,0.109,,,2025-10-28,quarterly,0.6336,USD,pre-market,0,,0.0561,0.197,-0.127,24.47,56000000,,,,31.59,31.66,-2.5231,,,,,,,8067800000,,12.07,,32.95,26.35
2025-12-28,EPD,2.64,53004001000.0,12.07,,0.575,13.5,,,,,,,,,,,,,,,None,6974200000,6974200000,,,,,,None,234900000,,2.16,0.0673,,,,-0.053,-0.0164,540100000,775000000,0.65,2010-06-30,11.15,,7117000000.0,569200000,360900000,6500000,,,None,179200000,None,,None,,,,,54100000,373300000,None,None,0.134,,37900000,539700000,,,,,400000,,,,,2.233,2.36,1.302,,,,,,,,0.109,,,2025-10-28,quarterly,0.6336,USD,pre-market,0,,0.0561,0.197,-0.127,24.47,37900000,,,,31.59,31.66,-2.5231,,,,,,,7543400000,,12.07,,32.95,26.35
2025-12-28,EPD,2.64,53004001000.0,12.07,,0.575,13.5,,,,,,,,,,,,,,,None,7971900000,7971900000,,,,,,None,218600000,,2.16,0.0673,,,,-0.053,-0.0164,559000000,777600000,0.65,2010-03-31,11.15,,7117000000.0,572600000,402500000,8700000,,,None,157900000,None,,None,,,,,377800000,393800000,None,None,0.134,,37600000,551000000,,,,,100000,,,,,2.233,2.36,1.302,,,,,,,,0.109,,,2025-10-28,quarterly,0.6336,USD,pre-market,0,,0.0561,0.197,-0.127,24.47,37600000,,,,31.59,31.66,-2.5231,,,,,,,8544500000,,12.07,,32.95,26.35
2025-12-28,EPD,2.64,53004001000.0,12.07,,0.575,13.5,,,,,,,,,,,,,,,None,13170100000,13170100000,,,,,,None,356500000,,2.16,0.0673,,,,-0.053,-0.0164,756300000,1112800000,0.65,2009-12-31,11.15,,7117000000.0,813700000,489100000,1300000,,,None,267200000,None,,None,,,,,406100000,0,None,None,0.134,,36400000,759000000,,,,,None,,,,,2.233,2.36,1.302,,,,,,,,0.109,,,2025-10-28,quarterly,0.6336,USD,pre-market,0,,0.0561,0.197,-0.127,24.47,87600000,,,,31.59,31.66,-2.5231,,,,,,,13983800000,,12.07,,32.95,26.35
2025-12-28,EPD,2.64,53004001000.0,12.07,,0.575,13.5,,,,,,,,,,,,,,,None,4220200000,4220200000,,,,,,None,212200000,,2.16,0.0673,,,,-0.053,-0.0164,356500000,568700000,0.65,2009-09-30,11.15,,7117000000.0,375900000,195500000,7700000,,,None,161000000,None,,None,,,,,212900000,229900000,None,None,0.134,,33900000,364500000,,,,,None,,,,,2.233,2.36,1.302,,,,,,,,0.109,,,2025-10-28,quarterly,0.6336,USD,pre-market,0,,0.0561,0.197,-0.127,24.47,33900000,,,,31.59,31.66,-2.5231,,,,,,,4596100000,,12.07,,32.95,26.35
2025-12-28,EPD,2.64,53004001000.0,12.07,,0.575,13.5,,,,,,,,,,,,,,,None,3134200000,3134200000,,,,,,None,208600000,,2.16,0.0673,,,,-0.053,-0.0164,374100000,582700000,0.65,2009-06-30,11.15,,7117000000.0,373700000,202300000,2200000,,,None,158500000,None,,None,,,,,186600000,0,None,None,0.134,,45400000,373300000,,,,,None,,,,,2.233,2.36,1.302,,,,,,,,0.109,,,2025-10-28,quarterly,0.6336,USD,pre-market,0,,0.0561,0.197,-0.127,24.47,27800000,,,,31.59,31.66,-2.5231,,,,,,,3507900000,,12.07,,32.95,26.35
2025-12-28,EPD,2.64,53004001000.0,12.07,,0.575,13.5,,,,,,,,,,,,,,,None,3041300000,3041300000,,,,,,None,199100000,,2.16,0.0673,,,,-0.053,-0.0164,484000000,683100000,0.65,2009-03-31,11.15,,7117000000.0,381800000,252500000,16000000,,,None,152500000,None,,None,,,,,225300000,0,None,None,0.134,,9600000,482800000,,,,,None,,,,,2.233,2.36,1.302,,,,,,,,0.109,,,2025-10-28,quarterly,0.6336,USD,pre-market,0,,0.0561,0.197,-0.127,24.47,23000000,,,,31.59,31.66,-2.5231,,,,,,,3423100000,,12.07,,32.95,26.35
2025-12-28,EPD,2.64,53004001000.0,12.07,,0.575,13.5,,,,,,,,,,,,,,,None,3217894000,3217894000,,,,,,None,145433000,,2.16,0.0673,,,,-0.053,-0.0164,353128000,498561000,0.65,2008-12-31,11.15,,7117000000.0,365710000,249352000,9208000,,,None,400686000,None,,None,,,,,228061000,0,None,None,0.134,,12582000,353128000,,,,,None,,,,,2.233,2.36,1.302,,,,,,,,0.109,,,2025-10-28,quarterly,0.6336,USD,pre-market,0,,0.0561,0.197,-0.127,24.47,23649000,,,,31.59,31.66,-2.5231,,,,,,,3583604000,,12.07,,32.95,26.35
2025-12-28,EPD,2.64,53004001000.0,12.07,,0.575,13.5,,,,,,,,,,,,,,,None,5971942000,5971942000,,,,,,None,139300000,,2.16,0.0673,,,,-0.053,-0.0164,320300000,459600000,0.65,2008-09-30,11.15,,7117000000.0,325960000,217637000,6610000,,,None,102700000,None,,None,,,,,203081000,0,None,None,0.134,,6844000,319116000,,,,,None,,,,,2.233,2.36,1.302,,,,,,,,0.109,,,2025-10-28,quarterly,0.6336,USD,pre-market,0,,0.0561,0.197,-0.127,24.47,21720000,,,,31.59,31.66,-2.5231,,,,,,,6297902000,,12.07,,32.95,26.35
2025-12-28,EPD,2.64,53004001000.0,12.07,,0.575,13.5,,,,,,,,,,,,,,,None,5959938000,5959938000,,,,,,None,138400000,,2.16,0.0673,,,,-0.053,-0.0164,375000000,513400000,0.65,2008-06-30,11.15,,7117000000.0,379677000,279132000,6926000,,,None,95800000,None,,None,,,,,263270000,0,None,None,0.134,,5407000,374270000,,,,,None,,,,,2.233,2.36,1.302,,,,,,,,0.109,,,2025-10-28,quarterly,0.6336,USD,pre-market,0,,0.0561,0.197,-0.127,24.47,23976000,,,,31.59,31.66,-2.5231,,,,,,,6339615000,,12.07,,32.95,26.35
2025-12-28,EPD,2.64,53004001000.0,12.07,,0.575,13.5,,,,,,,,,,,,,,,None,5311190000,5311190000,,,,,,None,135900000,,2.16,0.0673,,,,-0.053,-0.0164,367600000,503500000,0.65,2008-03-31,11.15,,7117000000.0,373345000,275677000,3657000,,,None,91900000,None,,None,,,,,259609000,0,None,None,0.134,,358753000,366700000,,,,,None,,,,,2.233,2.36,1.302,,,,,,,,0.109,,,2025-10-28,quarterly,0.6336,USD,pre-market,0,,0.0561,0.197,-0.127,24.47,21205000,,,,31.59,31.66,-2.5231,,,,,,,5684535000,,12.07,,32.95,26.35
2025-12-28,EPD,2.64,53004001000.0,12.07,,0.575,13.5,,,,,,,,,,,,,,,None,5027489000,5027489000,,,,,,None,141679000,,2.16,0.0673,,,,-0.053,-0.0164,269721000,411400000,0.65,2007-12-31,11.15,,7117000000.0,274980000,148942000,6256000,,,None,311764000,None,,None,,,,,161869000,0,None,None,0.134,,5259000,269721000,,,,,None,,,,,2.233,2.36,1.302,,,,,,,,0.109,,,2025-10-28,quarterly,0.6336,USD,pre-market,0,,0.0561,0.197,-0.127,24.47,20989000,,,,31.59,31.66,-2.5231,,,,,,,5302469000,,12.07,,32.95,26.35
2025-12-28,EPD,2.64,53004001000.0,12.07,,0.575,13.5,,,,,,,,,,,,,,,None,3896411000,3896411000,,,,,,None,136970000,,2.16,0.0673,,,,-0.053,-0.0164,210830000,347800000,0.65,2007-09-30,11.15,,7117000000.0,215585000,115533000,-2073000,,,None,85075000,None,,None,,,,,117606000,0,None,None,0.134,,4755000,210830000,,,,,None,,,,,2.233,2.36,1.302,,,,,,,,0.109,,,2025-10-28,quarterly,0.6336,USD,pre-market,0,,0.0561,0.197,-0.127,24.47,18715000,,,,31.59,31.66,-2.5231,,,,,,,4111996000,,12.07,,32.95,26.35
2025-12-28,EPD,2.64,53004001000.0,12.07,,0.575,13.5,,,,,,,,,,,,,,,None,3960672000,3960672000,,,,,,None,123892000,,2.16,0.0673,,,,-0.053,-0.0164,214562000,338454000,0.65,2007-06-30,11.15,,7117000000.0,252134000,144014000,1860000,,,None,71275000,None,,None,,,,,142154000,0,None,None,0.134,,37572000,214562000,,,,,None,,,,,2.233,2.36,1.302,,,,,,,,0.109,,,2025-10-28,quarterly,0.6336,USD,pre-market,0,,0.0561,0.197,-0.127,24.47,31361000,,,,31.59,31.66,-2.5231,,,,,,,4212806000,,12.07,,32.95,26.35
2025-12-28,EPD,2.64,53004001000.0,12.07,,0.575,13.5,,,,,,,,,,,,,,,None,3124479000,3124479000,,,,,,None,121221000,,2.16,0.0673,,,,-0.053,-0.0164,187924000,309145000,0.65,2007-03-31,11.15,,7117000000.0,198375000,126494000,8788000,,,None,63358000,None,,None,,,,,112045000,0,None,None,0.134,,10451000,187924000,,,,,None,,,,,2.233,2.36,1.302,,,,,,,,0.109,,,2025-10-28,quarterly,0.6336,USD,pre-market,0,,0.0561,0.197,-0.127,24.47,16630000,,,,31.59,31.66,-2.5231,,,,,,,3322854000,,12.07,,32.95,26.35
2025-12-28,EPD,2.64,53004001000.0,12.07,,0.575,13.5,,,,,,,,,,,,,,,None,3133860000,3133860000,,,,,,None,116905000,,2.16,0.0673,,,,-0.053,-0.0164,206323000,323228000,0.65,2006-12-31,11.15,,7117000000.0,216657000,146061000,8874000,,,None,238023000,None,,None,,,,,132781000,0,None,None,0.134,,10334000,206323000,,,,,None,,,,,2.233,2.36,1.302,,,,,,,,0.109,,,2025-10-28,quarterly,0.6336,USD,pre-market,0,,0.0561,0.197,-0.127,24.47,17593000,,,,31.59,31.66,-2.5231,,,,,,,3350517000,,12.07,,32.95,26.35
2025-12-28,EPD,2.64,53004001000.0,12.07,,0.575,13.5,,,,,,,,,,,,,,,None,3584783000,3584783000,,,,,,None,114296000,,2.16,0.0673,,,,-0.053,-0.0164,274184000,388480000,0.65,2006-09-30,11.15,,7117000000.0,287742000,213527000,3285000,,,None,62793000,None,,None,,,,,208302000,0,None,None,0.134,,13558000,274184000,,,,,None,,,,,2.233,2.36,1.302,,,,,,,,0.109,,,2025-10-28,quarterly,0.6336,USD,pre-market,0,,0.0561,0.197,-0.127,24.47,15823000,,,,31.59,31.66,-2.5231,,,,,,,3872525000,,12.07,,32.95,26.35
2025-12-28,EPD,2.64,53004001000.0,12.07,,0.575,13.5,,,,,,,,,,,,,,,None,3323585000,3323585000,,,,,,None,110440000,,2.16,0.0673,,,,-0.053,-0.0164,186045000,296485000,0.65,2006-06-30,11.15,,7117000000.0,194268000,133105000,6272000,,,None,56333000,None,,None,,,,,126295000,0,None,None,0.134,,8223000,186045000,,,,,None,,,,,2.233,2.36,1.302,,,,,,,,0.109,,,2025-10-28,quarterly,0.6336,USD,pre-market,0,,0.0561,0.197,-0.127,24.47,16235000,,,,31.59,31.66,-2.5231,,,,,,,3517853000,,12.07,,32.95,26.35
2025-12-28,EPD,2.64,53004001000.0,12.07,,0.575,13.5,,,,,,,,,,,,,,,None,3046863000,3046863000,,,,,,None,106567000,,2.16,0.0673,,,,-0.053,-0.0164,193500000,300067000,0.65,2006-03-31,11.15,,7117000000.0,203211000,137392000,2892000,,,None,58077000,None,,None,,,,,133777000,0,None,None,0.134,,9711000,193500000,,,,,None,,,,,2.233,2.36,1.302,,,,,,,,0.109,,,2025-10-28,quarterly,0.6336,USD,pre-market,0,,0.0561,0.197,-0.127,24.47,13740000,,,,31.59,31.66,-2.5231,,,,,,,3250074000,,12.07,,32.95,26.35
2025-12-28,EPD,2.64,53004001000.0,12.07,,0.575,13.5,,,,,,,,,,,,,,,None,3587103000,3587103000,,,,,,None,111828000,,2.16,0.0673,,,,-0.053,-0.0164,177649000,289477000,0.65,2005-12-31,11.15,,7117000000.0,193275000,119610000,4404000,,,None,230549000,None,,None,,,,,108424000,0,None,None,0.134,,15626000,177649000,,,,,None,,,,,2.233,2.36,1.302,,,,,,,,0.109,,,2025-10-28,quarterly,0.6336,USD,pre-market,0,,0.0561,0.197,-0.127,24.47,15611000,,,,31.59,31.66,-2.5231,,,,,,,3780378000,,12.07,,32.95,26.35
2025-12-28,EPD,2.64,53004001000.0,12.07,,0.575,13.5,,,,,,,,,,,,,,,None,3045345000,3045345000,,,,,,None,104816000,,2.16,0.0673,,,,-0.053,-0.0164,194397000,299213000,0.65,2005-09-30,11.15,,7117000000.0,203946000,135253000,3223000,,,None,60538000,None,,None,,,,,131169000,0,None,None,0.134,,9549000,194397000,,,,,None,,,,,2.233,2.36,1.302,,,,,,,,0.109,,,2025-10-28,quarterly,0.6336,USD,pre-market,0,,0.0561,0.197,-0.127,24.47,13252000,,,,31.59,31.66,-2.5231,,,,,,,3249291000,,12.07,,32.95,26.35
2025-12-28,EPD,2.64,53004001000.0,12.07,,0.575,13.5,,,,,,,,,,,,,,,None,48995000000,48995000000,,,,,,None,2194000000,,2.16,0.0673,,,,-0.053,-0.0164,7393000000,9587000000,0.65,2024-12-31,11.15,,7117000000.0,7224000000,6035000000,65000000,,,None,1358000000,53000000,,None,,,,,5901000000,5970000000,-1305000000,None,0.134,,-114000000,7338000000,,,,,None,,,,,2.233,2.36,1.302,,,,,,,,0.109,,,2025-10-28,annual,0.6336,USD,pre-market,None,,0.0561,0.197,-0.127,24.47,244000000,,,,31.59,31.66,-2.5231,,,,,,,56219000000,,12.07,,32.95,26.35
2025-12-28,EPD,2.64,53004001000.0,12.07,,0.575,13.5,,,,,,,,,,,,,,,None,42999000000,42999000000,,,,,,None,2072000000,,2.16,0.0673,,,,-0.053,-0.0164,6975000000,9047000000,0.65,2023-12-31,11.15,,7117000000.0,6716000000,5701000000,44000000,,,None,1269000000,30000000,,None,,,,,5532000000,5507000000,-1224000000,None,0.134,,-213000000,6929000000,,,,,None,,,,,2.233,2.36,1.302,,,,,,,,0.109,,,2025-10-28,annual,0.6336,USD,pre-market,None,,0.0561,0.197,-0.127,24.47,229000000,,,,31.59,31.66,-2.5231,,,,,,,49715000000,,12.07,,32.95,26.35
2025-12-28,EPD,2.64,53004001000.0,12.07,,0.575,13.5,,,,,,,,,,,,,,,None,51461000000,51461000000,,,,,,None,1974000000,,2.16,0.0673,,,,-0.053,-0.0164,6941000000,8915000000,0.65,2022-12-31,11.15,,7117000000.0,6725000000,5697000000,82000000,,,None,1244000000,11000000,,None,,,,,5490000000,5615000000,-1244000000,None,0.134,,-182000000,6907000000,,,,,None,,,,,2.233,2.36,1.302,,,,,,,,0.109,,,2025-10-28,annual,0.6336,USD,pre-market,None,,0.0561,0.197,-0.127,24.47,241000000,,,,31.59,31.66,-2.5231,,,,,,,58186000000,,12.07,,32.95,26.35
2025-12-28,EPD,2.64,53004001000.0,12.07,,0.575,13.5,,,,,,,,,,,,,,,None,34860000000,34860000000,,,,,,None,1874000000,,2.16,0.0673,,,,-0.053,-0.0164,6108000000,7982000000,0.65,2021-12-31,11.15,,7117000000.0,5947000000,4825000000,70000000,,,None,1283000000,1252900000,,None,,,,,4638000000,4755300000,-1283000000,None,0.134,,-156000000,6103000000,,,,,4600000,,,,,2.233,2.36,1.302,,,,,,,,0.109,,,2025-10-28,annual,0.6336,USD,pre-market,None,,0.0561,0.197,-0.127,24.47,209000000,,,,31.59,31.66,-2.5231,,,,,,,40807000000,,12.07,,32.95,26.35
2025-12-28,EPD,2.64,53004001000.0,12.07,,0.575,13.5,,,,,,,,,,,,,,,None,21485000000,21485000000,,,,,,None,1840000000,,2.16,0.0673,,,,-0.053,-0.0164,5049000000,6889000000,0.65,2020-12-31,11.15,,7117000000.0,5715000000,3762000000,-124000000,,,None,1287400000,1243800000,,None,,,,,3776000000,3885700000,-1287400000,None,0.134,,680000000,5035000000,,,,,13700000,,,,,2.233,2.36,1.302,,,,,,,,0.109,,,2025-10-28,annual,0.6336,USD,pre-market,None,,0.0561,0.197,-0.127,24.47,220000000,,,,31.59,31.66,-2.5231,,,,,,,27200000000,,12.07,,32.95,26.35
2025-12-28,EPD,2.64,53004001000.0,12.07,,0.575,13.5,,,,,,,,,,,,,,,None,27010800000,27010800000,,,,,,None,1744700000,,2.16,0.0673,,,,-0.053,-0.0164,5975700000,7720400000,0.65,2019-12-31,11.15,,7117000000.0,5778400000,4732700000,45600000,,,None,1243000000,11600000,,None,,,,,4591300000,4687100000,-1124000000,None,0.134,,-300300000,6078700000,,,,,-103000000,,,,,2.233,2.36,1.302,,,,,,,,0.109,,,2025-10-28,annual,0.6336,USD,pre-market,None,,0.0561,0.197,-0.127,24.47,211600000,,,,31.59,31.66,-2.5231,,,,,,,32789199999,,12.07,,32.95,26.35
2025-12-28,EPD,2.64,53004001000.0,12.07,,0.575,13.5,,,,,,,,,,,,,,,None,31350500000,31350500000,,,,,,None,1791600000,,2.16,0.0673,,,,-0.053,-0.0164,5395500000,7187100000,0.65,2018-12-31,11.15,,7117000000.0,5183700000,4298800000,60300000,,,None,1096700000,1152800000,,None,,,,,4172399999,4238500000,-1088600000,None,0.134,,-224900000,5408600000,,,,,-13100000,,,,,2.233,2.36,1.302,,,,,,,,0.109,,,2025-10-28,annual,0.6336,USD,pre-market,0,,0.0561,0.197,-0.127,24.47,208300000,,,,31.59,31.66,-2.5231,,,,,,,36534200000,,12.07,,32.95,26.35
2025-12-28,EPD,2.64,53004001000.0,12.07,,0.575,13.5,,,,,,,,,,,,,,,None,25519700000,25519700000,,,,,,None,1644000000,,2.16,0.0673,,,,-0.053,-0.0164,3865900000,5509900000,0.65,2017-12-31,11.15,,7117000000.0,3721800000,2881300000,25700000,,,None,984600000,1048900000,,None,,,,,2799300000,2855600000,-946400000,None,0.134,,-207100000,3928900000,,,,,-63000000,,,,,2.233,2.36,1.302,,,,,,,,0.109,,,2025-10-28,annual,0.6336,USD,pre-market,0,,0.0561,0.197,-0.127,24.47,181100000,,,,31.59,31.66,-2.5231,,,,,,,29241500000,,12.07,,32.95,26.35
2025-12-28,EPD,2.64,53004001000.0,12.07,,0.575,13.5,,,,,,,,,,,,,,,None,19591200000,19591200000,,,,,,None,1552000000,,2.16,0.0673,,,,-0.053,-0.0164,3559000000,5111000000,0.65,2016-12-31,11.15,,7117000000.0,3431100000,2576400000,23400000,,,None,982600000,1007100000,,None,,,,,2513100000,2553000000,-982600000,None,0.134,,-149600000,3580700000,,,,,-21700000,,,,,2.233,2.36,1.302,,,,,,,,0.109,,,2025-10-28,annual,0.6336,USD,pre-market,0,,0.0561,0.197,-0.127,24.47,160100000,,,,31.59,31.66,-2.5231,,,,,,,23022300000,,12.07,,32.95,26.35
2025-12-28,EPD,2.64,53004001000.0,12.07,,0.575,13.5,,,,,,,,,,,,,,,None,23506100000,23506100000,,,,,,None,1516000000,,2.16,0.0673,,,,-0.053,-0.0164,3517700000,5033700000,0.65,2015-12-31,11.15,,7117000000.0,3521800000,2555900000,-2500000,,,None,961800000,987200000,,None,,,,,2521200000,2558400000,None,None,0.134,,-18400000,3540200000,,,,,-22500000,,,,,2.233,2.36,1.302,,,,,,,,0.109,,,2025-10-28,annual,0.6336,USD,pre-market,0,,0.0561,0.197,-0.127,24.47,192600000,,,,31.59,31.66,-2.5231,,,,,,,27027900000,,12.07,,32.95,26.35
2025-12-28,EPD,2.64,53004001000.0,12.07,,0.575,13.5,,,,,,,,,,,,,,,None,44281500000,44281500000,,,,,,None,1360500000,,2.16,0.0673,,,,-0.053,-0.0164,3777600000,5138100000,0.65,2014-12-31,11.15,,7117000000.0,3669700000,2856600000,23100000,,,None,921000000,None,,None,,,,,2787400000,2833500000,None,None,0.134,,-106000000,3775700000,,,,,1900000,,,,,2.233,2.36,1.302,,,,,,,,0.109,,,2025-10-28,annual,0.6336,USD,pre-market,0,,0.0561,0.197,-0.127,24.47,206000000,,,,31.59,31.66,-2.5231,,,,,,,47951200000,,12.07,,32.95,26.35
2025-12-28,EPD,2.64,53004001000.0,12.07,,0.575,13.5,,,,,,,,,,,,,,,None,44161100000,44161100000,,,,,,None,1217600000,,2.16,0.0673,,,,-0.053,-0.0164,3467100000,4684700000,0.65,2013-12-31,11.15,,7117000000.0,3565900000,2664600000,57500000,,,None,802500000,None,,None,,,,,2596900000,2607100000,None,None,0.134,,98600000,3467300000,,,,,-200000,,,,,2.233,2.36,1.302,,,,,,,,0.109,,,2025-10-28,annual,0.6336,USD,pre-market,0,,0.0561,0.197,-0.127,24.47,188300000,,,,31.59,31.66,-2.5231,,,,,,,47727000000,,12.07,,32.95,26.35
2025-12-28,EPD,2.64,53004001000.0,12.07,,0.575,13.5,,,,,,,,,,,,,,,None,39334500000,39334500000,,,,,,None,1104900000,,2.16,0.0673,,,,-0.053,-0.0164,3182600000,4287500000,0.65,2012-12-31,11.15,,7117000000.0,3248600000,2410800000,-17200000,,,None,771800000,None,,None,,,,,2419900000,2428000000,None,None,0.134,,66799999,3078300000,,,,,73400000,,,,,2.233,2.36,1.302,,,,,,,,0.109,,,2025-10-28,annual,0.6336,USD,pre-market,0,,0.0561,0.197,-0.127,24.47,170300000,,,,31.59,31.66,-2.5231,,,,,,,42583100000,,12.07,,32.95,26.35
2025-12-28,EPD,2.64,53004001000.0,12.07,,0.575,13.5,,,,,,,,,,,,,,,None,41318500000,41318500000,,,,,,None,1007000000,,2.16,0.0673,,,,-0.053,-0.0164,2859600000,3866600000,0.65,2011-12-31,11.15,,7117000000.0,2994500000,2115500000,27200000,,,None,744100000,None,,None,,,,,2046900000,2088300000,None,None,0.134,,181800000,2859100000,,,,,500000,,,,,2.233,2.36,1.302,,,,,,,,0.109,,,2025-10-28,annual,0.6336,USD,pre-market,0,,0.0561,0.197,-0.127,24.47,181800000,,,,31.59,31.66,-2.5231,,,,,,,44313000000,,12.07,,32.95,26.35
2025-12-28,EPD,2.64,53004001000.0,12.07,,0.575,13.5,,,,,,,,,,,,,,,None,31449300000,31449300000,,,,,,None,985100000,,2.16,0.0673,,,,-0.053,-0.0164,2147200000,3132300000,0.65,2010-12-31,11.15,,7117000000.0,2290000000,1409800000,26100000,,,None,741900000,None,,None,,,,,320800000,1383700000,None,None,0.134,,204800000,2147200000,,,,,4500000,,,,,2.233,2.36,1.302,,,,,,,,0.109,,,2025-10-28,annual,0.6336,USD,pre-market,0,,0.0561,0.197,-0.127,24.47,204800000,,,,31.59,31.66,-2.5231,,,,,,,33739300000,,12.07,,32.95,26.35
2025-12-28,EPD,2.64,53004001000.0,12.07,,0.575,13.5,,,,,,,,,,,,,,,None,23565800000,23565800000,,,,,,None,836800000,,2.16,0.0673,,,,-0.053,-0.0164,1852900000,2689700000,0.65,2009-12-31,11.15,,7117000000.0,1945100000,1165600000,25300000,,,None,687300000,None,,None,,,,,204100000,1155100000,None,None,0.134,,121100000,1854600000,,,,,-1800000,,,,,2.233,2.36,1.302,,,,,,,,0.109,,,2025-10-28,annual,0.6336,USD,pre-market,0,,0.0561,0.197,-0.127,24.47,172300000,,,,31.59,31.66,-2.5231,,,,,,,25510900000,,12.07,,32.95,26.35
2025-12-28,EPD,2.64,53004001000.0,12.07,,0.575,13.5,,,,,,,,,,,,,,,None,20460964000,20460964000,,,,,,None,737800000,,2.16,0.0673,,,,-0.053,-0.0164,1760600000,2498400000,0.65,2008-12-31,11.15,,7117000000.0,1444692000,1219900000,31000000,,,None,540700000,None,,None,,,,,954021000,None,None,None,0.134,,102300000,1748400000,,,,,None,,,,,2.233,2.36,1.302,,,,,,,,0.109,,,2025-10-28,annual,0.6336,USD,pre-market,None,,0.0561,0.197,-0.127,24.47,90550000,,,,31.59,31.66,-2.5231,,,,,,,21905656000,,12.07,,32.95,26.35
2025-12-28,EPD,2.64,53004001000.0,12.07,,0.575,13.5,,,,,,,,,,,,,,,None,16009051000,16009051000,,,,,,None,523762000,,2.16,0.0673,,,,-0.053,-0.0164,883037000,1406799000,0.65,2007-12-31,11.15,,7117000000.0,941074000,579574000,15257000,,,None,311764000,None,,None,,,,,533674000,None,None,None,0.134,,58037000,883037000,,,,,None,,,,,2.233,2.36,1.302,,,,,,,,0.109,,,2025-10-28,annual,0.6336,USD,pre-market,None,,0.0561,0.197,-0.127,24.47,87695000,,,,31.59,31.66,-2.5231,,,,,,,16950125000,,12.07,,32.95,26.35
2025-12-28,EPD,2.64,53004001000.0,12.07,,0.575,13.5,,,,,,,,,,,,,,,None,13089091000,13089091000,,,,,,None,448208000,,2.16,0.0673,,,,-0.053,-0.0164,860052000,1308260000,0.65,2006-12-31,11.15,,7117000000.0,901878000,630085000,21323000,,,None,238023000,None,,None,,,,,601155000,None,None,None,0.134,,41826000,860052000,,,,,None,,,,,2.233,2.36,1.302,,,,,,,,0.109,,,2025-10-28,annual,0.6336,USD,pre-market,None,,0.0561,0.197,-0.127,24.47,63391000,,,,31.59,31.66,-2.5231,,,,,,,13990969000,,12.07,,32.95,26.35
2025-12-28,EPD,2.64,53004001000.0,12.07,,0.575,13.5,,,,,,,,,,,,,,,None,11546225000,11546225000,,,,,,None,420777000,,2.16,0.0673,,,,-0.053,-0.0164,663016000,1083793000,0.65,2005-12-31,11.15,,7117000000.0,710734000,437838000,8362000,,,None,230549000,None,,None,,,,,419508000,None,None,None,0.134,,47718000,663016000,,,,,None,,,,,2.233,2.36,1.302,,,,,,,,0.109,,,2025-10-28,annual,0.6336,USD,pre-market,None,,0.0561,0.197,-0.127,24.47,62266000,,,,31.59,31.66,-2.5231,,,,,,,12256959000,,12.07,,32.95,26.35
2025-12-28,EPD,2.64,53004001000.0,12.07,None,0.575,13.5,,None,206000000,206000000,,,,,,,,,30242000000,2186000000,None,11546225000,11546225000,1359000000,None,2464000000,7515000000,None,None,420777000,,2.16,0.0673,,,,-0.053,-0.0164,663016000,1083793000,0.65,2025-09-30,11.15,5712000000,7117000000.0,710734000,437838000,8362000,4207000000,4207000000,None,230549000,None,4160000000,None,None,31114000000,None,2201000000,419508000,None,None,None,0.134,,47718000,663016000,1356000000,11227000000,None,903000000,None,,,,,2.233,2.36,1.302,,,,,,,,0.109,,51903000000,2025-10-28,quarterly,0.6336,USD,pre-market,None,None,0.0561,0.197,-0.127,24.47,62266000,33578000000,2464000000,None,31.59,31.66,-2.5231,77822000000,13237000000,15050000000,47772000000,64585000000,32722000000,12256959000,29209000000,12.07,None,32.95,26.35
2025-12-28,EPD,2.64,53004001000.0,12.07,None,0.575,13.5,,None,870000000,870000000,,,,,,,,,30127000000,2190000000,None,11546225000,11546225000,1326000000,None,1623000000,7562000000,None,None,420777000,,2.16,0.0673,,,,-0.053,-0.0164,663016000,1083793000,0.65,2025-06-30,11.15,5712000000,7117000000.0,710734000,437838000,8362000,3902000000,3902000000,None,230549000,None,3969000000,None,None,31110000000,None,2221000000,419508000,None,None,None,0.134,,47718000,663016000,1759000000,11706000000,None,934000000,None,,,,,2.233,2.36,1.302,,,,,,,,0.109,,50908000000,2025-10-28,quarterly,0.6336,USD,pre-market,None,None,0.0561,0.197,-0.127,24.47,62266000,33179000000,1725000000,None,31.59,31.66,-2.5231,77442000000,14160000000,14757000000,47523000000,63282000000,32766000000,12256959000,29066000000,12.07,None,32.95,26.35
2025-12-28,EPD,2.64,53004001000.0,12.07,None,0.575,13.5,,None,220000000,220000000,,,,,,,,,29927000000,2191000000,None,11546225000,11546225000,1334000000,None,2453000000,7855000000,None,None,420777000,,2.16,0.0673,,,,-0.053,-0.0164,663016000,1083793000,0.65,2025-03-31,11.15,5712000000,7117000000.0,710734000,437838000,8362000,3953000000,3953000000,None,230549000,None,3233000000,None,None,29127000000,None,2251000000,419508000,None,None,None,0.134,,47718000,663016000,1455000000,10979000000,None,915000000,None,,,,,2.233,2.36,1.302,,,,,,,,0.109,,50144000000,2025-10-28,quarterly,0.6336,USD,pre-market,None,None,0.0561,0.197,-0.127,24.47,62266000,32045000000,2559000000,None,31.59,31.66,-2.5231,75406000000,12763000000,14872000000,45631000000,62643000000,30759000000,12256959000,28915000000,12.07,None,32.95,26.35
2025-12-28,EPD,2.64,53004001000.0,12.07,None,0.575,13.5,,366000000,583000000,583000000,,,,,,,,,29793000000,2190000000,None,11546225000,11546225000,1227000000,None,1150000000,9240000000,None,None,420777000,,2.16,0.0673,,,,-0.053,-0.0164,663016000,1083793000,0.65,2024-12-31,11.15,5712000000,7117000000.0,710734000,437838000,8362000,4005000000,4005000000,None,230549000,None,3955000000,None,None,30746000000,None,2259000000,419508000,None,None,None,0.134,,47718000,663016000,1355000000,12800000000,None,17000000,None,,,,,2.233,2.36,1.302,,,,,,,,0.109,,49501000000,2025-10-28,quarterly,0.6336,USD,pre-market,None,None,0.0561,0.197,-0.127,24.47,62266000,32262000000,1150000000,None,31.59,31.66,-2.5231,77168000000,15133000000,15177000000,47579000000,62035000000,32402000000,12256959000,28732000000,12.07,None,32.95,26.35
2025-12-28,EPD,2.64,53004001000.0,12.07,None,0.575,13.5,,None,1434000000,1434000000,,,,,,,,,29343000000,2192000000,None,11546225000,11546225000,1203000000,None,1149000000,8202000000,None,None,420777000,,2.16,0.0673,,,,-0.053,-0.0164,663016000,1083793000,0.65,2024-09-30,11.15,5608000000,7117000000.0,710734000,437838000,8362000,3619000000,3619000000,None,230549000,None,3319000000,None,None,30756000000,None,2268000000,419508000,None,None,None,0.134,,47718000,663016000,1430000000,10957000000,None,1060000000,None,,,,,2.233,2.36,1.302,,,,,,,,0.109,,48508000000,2025-10-28,quarterly,0.6336,USD,pre-market,None,None,0.0561,0.197,-0.127,24.47,62266000,32350000000,1244000000,None,31.59,31.66,-2.5231,75062000000,14385000000,13404000000,45904000000,60677000000,32500000000,12256959000,28349000000,12.07,None,32.95,26.35
2025-12-28,EPD,2.64,53004001000.0,12.07,None,0.575,13.5,,None,138000000,138000000,,,,,,,,,29110000000,2194000000,None,11546225000,11546225000,1147000000,None,2049000000,8655000000,None,None,420777000,,2.16,0.0673,,,,-0.053,-0.0164,663016000,1083793000,0.65,2024-06-30,11.15,5608000000,7117000000.0,710734000,437838000,8362000,3671000000,3671000000,None,230549000,None,3356000000,None,None,28289000000,None,2292000000,419508000,None,None,None,0.134,,47718000,663016000,1304000000,11518000000,None,992000000,None,,,,,2.233,2.36,1.302,,,,,,,,0.109,,None,2025-10-28,quarterly,0.6336,USD,pre-market,None,-29159000000,0.0561,0.197,-0.127,24.47,62266000,30799000000,2144000000,465000000,31.59,31.66,-2.5231,73561000000,13453000000,14809000000,44764000000,60108000000,29955000000,12256959000,27989000000,12.07,None,32.95,26.35
2025-12-28,EPD,2.64,53004001000.0,12.07,None,0.575,13.5,,None,283000000,283000000,,,,,,,,,28831000000,2193000000,None,11546225000,11546225000,1372000000,None,1149000000,7598000000,None,None,420777000,,2.16,0.0673,,,,-0.053,-0.0164,663016000,1083793000,0.65,2024-03-31,11.15,5608000000,7117000000.0,710734000,437838000,8362000,3720000000,3720000000,None,230549000,None,3257000000,None,None,28285000000,None,2321000000,419508000,None,None,None,0.134,,47718000,663016000,955000000,10426000000,None,912000000,None,,,,,2.233,2.36,1.302,,,,,,,,0.109,,None,2025-10-28,quarterly,0.6336,USD,pre-market,None,-28880000000,0.0561,0.197,-0.127,24.47,62266000,29850000000,1232000000,323000000,31.59,31.66,-2.5231,71373000000,12093000000,13030000000,42896000000,59280000000,29866000000,12256959000,27677000000,12.07,None,32.95,26.35
2025-12-28,EPD,2.64,53004001000.0,12.07,None,0.575,13.5,,323000000,180000000,180000000,,,,,,,,,28663000000,2192000000,None,11546225000,11546225000,1195000000,None,1300000000,7772000000,None,None,420777000,,2.16,0.0673,,,,-0.053,-0.0164,663016000,1083793000,0.65,2023-12-31,11.15,5608000000,7117000000.0,710734000,437838000,8362000,3770000000,3770000000,None,230549000,None,3352000000,None,None,27448000000,None,2330000000,419508000,None,None,None,0.134,,47718000,663016000,944000000,10636000000,None,8000000,None,,,,,2.233,2.36,1.302,,,,,,,,0.109,,None,2025-10-28,quarterly,0.6336,USD,pre-market,None,-49000000,0.0561,0.197,-0.127,24.47,62266000,29071000000,1300000000,347000000,31.59,31.66,-2.5231,70982000000,12248000000,13131000000,42223000000,58734000000,29092000000,12256959000,27673000000,12.07,None,32.95,26.35
2025-12-28,EPD,2.64,53004001000.0,12.07,None,0.575,13.5,,None,171000000,171000000,,,,,,,,,28244000000,2194000000,None,11546225000,11546225000,962000000,None,1470000000,6928000000,None,None,420777000,,2.16,0.0673,,,,-0.053,-0.0164,663016000,1083793000,0.65,2023-09-30,11.15,5608000000,7117000000.0,710734000,437838000,8362000,3821000000,3821000000,None,230549000,None,3345000000,None,None,27446000000,None,2337000000,419508000,None,None,None,0.134,,47718000,663016000,988000000,10043000000,None,1007000000,None,,,,,2.233,2.36,1.302,,,,,,,,0.109,,45715000000,2025-10-28,quarterly,0.6336,USD,pre-market,None,-28293000000,0.0561,0.197,-0.127,24.47,62266000,29327000000,1470000000,409000000,31.59,31.66,-2.5231,69804000000,11432000000,12475000000,41582000000,58372000000,29107000000,12256959000,27150000000,12.07,None,32.95,26.35
2025-12-28,EPD,2.64,53004001000.0,12.07,None,0.575,13.5,,None,183000000,183000000,,,,,,,,,27980000000,2196000000,None,11546225000,11546225000,999000000,None,1204000000,6134000000,None,None,420777000,,2.16,0.0673,,,,-0.053,-0.0164,663016000,1083793000,0.65,2023-06-30,11.15,5608000000,7117000000.0,710734000,437838000,8362000,3871000000,3871000000,None,230549000,None,2497000000,None,None,27443000000,None,2332000000,419508000,None,None,None,0.134,,47718000,663016000,890000000,8506000000,None,915000000,None,,,,,2.233,2.36,1.302,,,,,,,,0.109,,45054000000,2025-10-28,quarterly,0.6336,USD,pre-market,None,-28029000000,0.0561,0.197,-0.127,24.47,62266000,28647000000,1204000000,333000000,31.59,31.66,-2.5231,67729000000,9704000000,10709000000,39707000000,58025000000,28998000000,12256959000,26951000000,12.07,None,32.95,26.35
2025-12-28,EPD,2.64,53004001000.0,12.07,None,0.575,13.5,,None,76000000,76000000,,,,,,,,,27843000000,2195000000,None,11546225000,11546225000,750000000,None,1149000000,6637000000,None,None,420777000,,2.16,0.0673,,,,-0.053,-0.0164,663016000,1083793000,0.65,2023-03-31,11.15,5608000000,7117000000.0,710734000,437838000,8362000,3919000000,3919000000,None,230549000,None,2195000000,None,None,27439000000,None,2338000000,419508000,None,None,None,0.134,,47718000,663016000,779000000,8511000000,None,965000000,None,,,,,2.233,2.36,1.302,,,,,,,,0.109,,44597000000,2025-10-28,quarterly,0.6336,USD,pre-market,None,-27892000000,0.0561,0.197,-0.127,24.47,62266000,28588000000,1149000000,195000000,31.59,31.66,-2.5231,67325000000,9687000000,10410000000,39466000000,57638000000,29056000000,12256959000,26787000000,12.07,None,32.95,26.35
2025-12-28,EPD,2.64,53004001000.0,12.07,None,0.575,13.5,,341000000,76000000,76000000,,,,,,,,,27555000000,2194000000,None,11546225000,11546225000,743000000,None,1744000000,6975000000,None,None,420777000,,2.16,0.0673,,,,-0.053,-0.0164,663016000,1083793000,0.65,2022-12-31,11.15,5608000000,7117000000.0,710734000,437838000,8362000,3965000000,3965000000,None,230549000,None,2554000000,None,None,26551000000,None,2352000000,419508000,None,None,None,0.134,,47718000,663016000,993000000,9778000000,None,8000000,None,,,,,2.233,2.36,1.302,,,,,,,,0.109,,44766000000,2025-10-28,quarterly,0.6336,USD,pre-market,None,-27604000000,0.0561,0.197,-0.127,24.47,62266000,28636000000,1744000000,469000000,31.59,31.66,-2.5231,68108000000,10598000000,12265000000,40406000000,57510000000,28141000000,12256959000,26623000000,12.07,None,32.95,26.35
2025-12-28,EPD,2.64,53004001000.0,12.07,None,0.575,13.5,,None,167000000,167000000,,,,,,,,,27272000000,2199000000,None,11546225000,11546225000,754000000,None,2654000000,6733000000,None,None,420777000,,2.16,0.0673,,,,-0.053,-0.0164,663016000,1083793000,0.65,2022-09-30,11.15,5608000000,7117000000.0,710734000,437838000,8362000,4010000000,4010000000,None,230549000,None,3173000000,None,None,26548000000,None,2356000000,419508000,None,None,None,0.134,,47718000,663016000,1009000000,9489000000,None,938000000,None,,,,,2.233,2.36,1.302,,,,,,,,0.109,,44167000000,2025-10-28,quarterly,0.6336,USD,pre-market,None,2396000000,0.0561,0.197,-0.127,24.47,62266000,29202000000,2654000000,486000000,31.59,31.66,-2.5231,68437000000,11082000000,12897000000,40997000000,57355000000,28100000000,12256959000,26348000000,12.07,None,32.95,26.35
2025-12-28,EPD,2.64,53004001000.0,12.07,None,0.575,13.5,,None,231000000,231000000,,,,,,,,,27003000000,2201000000,None,11546225000,11546225000,803000000,None,1889000000,8450000000,None,None,420777000,,2.16,0.0673,,,,-0.053,-0.0164,663016000,1083793000,0.65,2022-06-30,11.15,5608000000,7117000000.0,710734000,437838000,8362000,4056000000,4056000000,None,230549000,None,3234000000,None,None,26892000000,None,2374000000,419508000,None,None,None,0.134,,47718000,663016000,1046000000,12286000000,None,898000000,None,,,,,2.233,2.36,1.302,,,,,,,,0.109,,44129000000,2025-10-28,quarterly,0.6336,USD,pre-market,None,-27052000000,0.0561,0.197,-0.127,24.47,62266000,28781000000,1889000000,332000000,31.59,31.66,-2.5231,70350000000,12961000000,14978000000,43373000000,57389000000,28395000000,12256959000,25883000000,12.07,None,32.95,26.35
2025-12-28,EPD,2.64,53004001000.0,12.07,None,0.575,13.5,,None,231000000,231000000,,,,,,,,,26610000000,2199000000,None,11546225000,11546225000,868000000,None,2629000000,9018000000,None,None,420777000,,2.16,0.0673,,,,-0.053,-0.0164,663016000,1083793000,0.65,2022-03-31,11.15,5608000000,7117000000.0,710734000,437838000,8362000,4101000000,4101000000,None,230549000,None,2652000000,None,None,26889000000,None,2426000000,419508000,None,None,None,0.134,,47718000,663016000,1077000000,11877000000,None,801000000,None,,,,,2.233,2.36,1.302,,,,,,,,0.109,,44033000000,2025-10-28,quarterly,0.6336,USD,pre-market,None,-26419000000,0.0561,0.197,-0.127,24.47,62266000,29518000000,2629000000,443000000,31.59,31.66,-2.5231,70319000000,12978000000,15374000000,43662000000,57341000000,28288000000,12256959000,25553000000,12.07,None,32.95,26.35
2025-12-28,EPD,2.64,53004001000.0,12.07,None,0.575,13.5,,338800000,2820000000,2820000000,,,,,,,,,26340300000,2200400000,None,11546225000,11546225000,632000000,None,1399800000,6988000000,None,None,420777000,,2.16,0.0673,,,,-0.053,-0.0164,663016000,1083793000,0.65,2021-12-31,11.15,5449000000,7117000000.0,710734000,437838000,8362000,3151000000,3151000000,None,230549000,None,2681000000,None,None,28135300000,None,2428400000,419508000,None,None,None,0.134,,47718000,663016000,781000000,9593000000,None,11200000,None,,,,,2.233,2.36,1.302,,,,,,,,0.109,,42433300000,2025-10-28,quarterly,0.6336,USD,pre-market,None,-26389300000,0.0561,0.197,-0.127,24.47,62266000,29874000000,1400000000,236500000,31.59,31.66,-2.5231,67526000000,13270000000,11624500000,41087000000,54256000000,29462000000,12256959000,25328900000,12.07,-1297300000,32.95,26.35
2025-12-28,EPD,2.64,53004001000.0,12.07,None,0.575,13.5,,None,2213500000,2213500000,,,,,,,,,26390300000,2204000000,None,11546225000,11546225000,708100000,None,1399300000,6122500000,None,None,420777000,,2.16,0.0673,,,,-0.053,-0.0164,663016000,1083793000,0.65,2021-09-30,11.15,5448900000,7117000000.0,710734000,437838000,8362000,3190000000,3190000000,None,230549000,None,3095900000,None,None,28132800000,None,2433400000,419508000,None,None,None,0.134,,47718000,663016000,1396500000,9763300000,None,771200000,None,,,,,2.233,2.36,1.302,,,,,,,,0.109,,42253800000,2025-10-28,quarterly,0.6336,USD,pre-market,None,-26439600000,0.0561,0.197,-0.127,24.47,62266000,29532100000,1399300000,694900000,31.59,31.66,-2.5231,67319900000,12828400000,11870700000,41335300000,54491500000,29464600000,12256959000,24921200000,12.07,-1297300000,32.95,26.35
2025-12-28,EPD,2.64,53004001000.0,12.07,None,0.575,13.5,,None,404500000,404500000,,,,,,,,,26268800000,2205000000,None,11546225000,11546225000,853400000,None,1398900000,5261600000,None,None,420777000,,2.16,0.0673,,,,-0.053,-0.0164,663016000,1083793000,0.65,2021-06-30,11.15,5448900000,7117000000.0,710734000,437838000,8362000,3229700000,3229700000,None,230549000,None,3346800000,None,None,27148600000,None,2442700000,419508000,None,None,None,0.134,,47718000,663016000,1298300000,8276300000,None,729500000,None,,,,,2.233,2.36,1.302,,,,,,,,0.109,,42551400000,2025-10-28,quarterly,0.6336,USD,pre-market,None,-26318100000,0.0561,0.197,-0.127,24.47,62266000,28547500000,1398900000,552300000,31.59,31.66,-2.5231,64805100000,10311200000,10528600000,38958300000,54493900000,28429700000,12256959000,24772800000,12.07,-1297300000,32.95,26.35
2025-12-28,EPD,2.64,53004001000.0,12.07,None,0.575,13.5,,None,229400000,229400000,,,,,,,,,26108600000,2203000000,None,11546225000,11546225000,830700000,None,1513400000,5786600000,None,None,420777000,,2.16,0.0673,,,,-0.053,-0.0164,663016000,1083793000,0.65,2021-03-31,11.15,5448900000,7117000000.0,710734000,437838000,8362000,3259800000,3259800000,None,230549000,None,3703300000,None,None,27145900000,None,2449800000,419508000,None,None,None,0.134,,47718000,663016000,864800000,8194800000,None,696400000,None,,,,,2.233,2.36,1.302,,,,,,,,0.109,,42102400000,2025-10-28,quarterly,0.6336,USD,pre-market,None,-26157900000,0.0561,0.197,-0.127,24.47,62266000,28659300000,1513400000,2449000000,31.59,31.66,-2.5231,64983500000,10584100000,10538900000,38913300000,54399400000,28374400000,12256959000,24992300000,12.07,-1297300000,32.95,26.35
2025-12-28,EPD,2.64,53004001000.0,12.07,None,0.575,13.5,,None,1059900000,1059900000,,,,,,,,,25766600000,2201400000,None,11546225000,11546225000,704600000,None,1325000000,4808200000,None,None,420777000,,2.16,0.0673,,,,-0.053,-0.0164,663016000,1083793000,0.65,2020-12-31,11.15,5448900000,7117000000.0,710734000,437838000,8362000,3309100000,3309100000,None,230549000,None,3303500000,None,None,28540700000,None,2429200000,419508000,None,None,None,0.134,,47718000,663016000,737800000,6933300000,None,686600000,None,,,,,2.233,2.36,1.302,,,,,,,,0.109,,41912800000,2025-10-28,quarterly,0.6336,USD,pre-market,None,-389400000,0.0561,0.197,-0.127,24.47,62266000,30186500000,1325000000,228600000,31.59,31.66,-2.5231,64106700000,9909400000,8988000000,38729300000,54197300000,29741300000,12256959000,24353400000,12.07,-1297300000,32.95,26.35
2025-12-28,EPD,2.64,53004001000.0,12.07,None,0.575,13.5,,None,1032200000,1032200000,,,,,,,,,26381900000,2201400000,None,11546225000,11546225000,896000000,None,1325000000,3780300000,None,None,420777000,,2.16,0.0673,,,,-0.053,-0.0164,663016000,1083793000,0.65,2020-09-30,11.15,5745200000,7117000000.0,710734000,437838000,8362000,3348600000,3348600000,None,230549000,None,3192600000,None,None,28537000000,None,2485400000,419508000,None,None,None,0.134,,47718000,663016000,788200000,5625900000,None,735200000,None,,,,,2.233,2.36,1.302,,,,,,,,0.109,,42360100000,2025-10-28,quarterly,0.6336,USD,pre-market,None,-26431000000,0.0561,0.197,-0.127,24.47,62266000,29862000000,1325000000,2485000000,31.59,31.66,-2.5231,63736200000,8793300000,7846900000,37631500000,54942900000,29784600000,12256959000,25035300000,12.07,-1297300000,32.95,26.35
2025-12-28,EPD,2.64,53004001000.0,12.07,None,0.575,13.5,,None,1298500000,1298500000,,,,,,,,,26321100000,2201900000,None,11546225000,11546225000,902500000,None,2325000000,2910300000,None,None,420777000,,2.16,0.0673,,,,-0.053,-0.0164,663016000,1083793000,0.65,2020-06-30,11.15,5745200000,7117000000.0,710734000,437838000,8362000,3379400000,3379400000,None,230549000,None,2024100000,None,None,27285200000,None,2547400000,419508000,None,None,None,0.134,,47718000,663016000,883400000,4254900000,None,753900000,None,,,,,2.233,2.36,1.302,,,,,,,,0.109,,42538400000,2025-10-28,quarterly,0.6336,USD,pre-market,None,None,0.0561,0.197,-0.127,24.47,62266000,29610200000,2325000000,None,31.59,31.66,-2.5231,61944500000,7116300000,7482400000,36003100000,54828200000,28520700000,12256959000,24876700000,12.07,-1297300000,32.95,26.35
2025-12-28,EPD,2.64,53004001000.0,12.07,None,0.575,13.5,,None,2025700000,2025700000,,,,,,,,,26225400000,2204000000,None,11546225000,11546225000,915800000,None,1750000000,3295700000,None,None,420777000,,2.16,0.0673,,,,-0.053,-0.0164,663016000,1083793000,0.65,2020-03-31,11.15,5745200000,7117000000.0,710734000,437838000,8362000,3409400000,3409400000,None,230549000,None,1538800000,None,None,27855900000,None,2608500000,419508000,None,None,None,0.134,,47718000,663016000,858900000,4249600000,None,951600000,None,,,,,2.233,2.36,1.302,,,,,,,,0.109,,42159100000,2025-10-28,quarterly,0.6336,USD,pre-market,None,None,0.0561,0.197,-0.127,24.47,62266000,29605900000,1750000000,None,31.59,31.66,-2.5231,62265300000,7719100000,6915400000,36151100000,54546200000,29235700000,12256959000,25050400000,12.07,-1297300000,32.95,26.35
2025-12-28,EPD,2.64,53004001000.0,12.07,None,0.575,13.5,,None,334700000,334700000,,,,,,,,,24692600000,2202200000,None,11546225000,11546225000,1004500000,None,1981900000,4876100000,None,None,420777000,,2.16,0.0673,,,,-0.053,-0.0164,663016000,1083793000,0.65,2019-12-31,11.15,5745200000,7117000000.0,710734000,437838000,8362000,3449000000,3449000000,None,230549000,None,2091400000,None,None,25643200000,None,2600200000,419508000,None,None,None,0.134,,47718000,663016000,560700000,6143300000,None,1032400000,None,,,,,2.233,2.36,1.302,,,,,,,,0.109,,41603400000,2025-10-28,quarterly,0.6336,USD,pre-market,None,None,0.0561,0.197,-0.127,24.47,62266000,27796700000,1981900000,None,31.59,31.66,-2.5231,61733200000,7862900000,9129700000,35905700000,53870300000,26776000000,12256959000,24764000000,12.07,None,32.95,26.35
2025-12-28,EPD,2.64,53004001000.0,12.07,None,0.575,13.5,,None,1207800000,1207800000,,,,,,,,,24535100000,2202300000,None,11546225000,11546225000,1057800000,None,2300000000,4263700000,None,None,420777000,,2.16,0.0673,,,,-0.053,-0.0164,663016000,1083793000,0.65,2019-09-30,11.15,5745200000,7117000000.0,710734000,437838000,8362000,3489400000,3489400000,None,230549000,None,1644700000,None,None,25639200000,None,2660900000,419508000,None,None,None,0.134,,47718000,663016000,797600000,5311700000,None,1089700000,None,,,,,2.233,2.36,1.302,,,,,,,,0.109,,40763300000,2025-10-28,quarterly,0.6336,USD,pre-market,None,None,0.0561,0.197,-0.127,24.47,62266000,27939200000,2300000000,None,31.59,31.66,-2.5231,61015300000,7913800000,8669500000,35489800000,53101500000,26820300000,12256959000,24496000000,12.07,None,32.95,26.35
2025-12-28,EPD,2.64,53004001000.0,12.07,None,0.575,13.5,,None,107300000,107300000,,,,,,,,,24450500000,2202600000,None,11546225000,11546225000,1078500000,None,500000000,3801800000,None,None,420777000,,2.16,0.0673,,,,-0.053,-0.0164,663016000,1083793000,0.65,2019-06-30,11.15,5745200000,7117000000.0,710734000,437838000,8362000,3532600000,3532600000,None,230549000,None,1586100000,None,None,26385000000,None,2652100000,419508000,None,None,None,0.134,,47718000,663016000,763700000,4685600000,None,1012700000,None,,,,,2.233,2.36,1.302,,,,,,,,0.109,,40089100000,2025-10-28,quarterly,0.6336,USD,pre-market,None,None,0.0561,0.197,-0.127,24.47,62266000,26885000000,500000000,None,31.59,31.66,-2.5231,58721800000,6258900000,6264100000,33746400000,52462900000,27482300000,12256959000,24439800000,12.07,None,32.95,26.35
2025-12-28,EPD,2.64,53004001000.0,12.07,None,0.575,13.5,,None,99300000,99300000,,,,,,,,,24151900000,2211404000,None,11546225000,11546225000,918100000,None,2694600000,4293200000,None,None,420777000,,2.16,0.0673,,,,-0.053,-0.0164,663016000,1083793000,0.65,2019-03-31,11.15,5745200000,7117000000.0,710734000,437838000,8362000,3565900000,3565900000,None,230549000,None,1680500000,None,None,24181600000,None,2654300000,419508000,None,None,None,0.134,,47718000,663016000,555600000,4980000000,None,1019700000,None,,,,,2.233,2.36,1.302,,,,,,,,0.109,,39347500000,2025-10-28,quarterly,0.6336,USD,pre-market,None,None,0.0561,0.197,-0.127,24.47,62266000,26876200000,2694600000,None,31.59,31.66,-2.5231,58397500000,6628600000,8592700000,33876200000,51768900000,25283500000,12256959000,24057900000,12.07,None,32.95,26.35
2025-12-28,EPD,2.64,53004001000.0,12.07,None,0.575,13.5,,None,344800000,344800000,,,,,,,,,23802600000,2195000000,None,11546225000,11546225000,1102800000,None,1500100000,3662600000,None,None,420777000,,2.16,0.0673,,,,-0.053,-0.0164,663016000,1083793000,0.65,2018-12-31,11.15,5745200000,7117000000.0,710734000,437838000,8362000,3608400000,3608400000,None,230549000,None,1522100000,None,None,24678100000,None,2615100000,419508000,None,None,None,0.134,,47718000,663016000,531200000,4564600000,None,751600000,None,,,,,2.233,2.36,1.302,,,,,,,,0.109,,38737600000,2025-10-28,quarterly,0.6336,USD,pre-market,None,None,0.0561,0.197,-0.127,24.47,62266000,26178200000,1500100000,None,31.59,31.66,-2.5231,56969800000,6060700000,7167500000,32677600000,50909100000,25510100000,12256959000,23853500000,12.07,None,32.95,26.35
2025-12-28,EPD,2.64,53004001000.0,12.07,None,0.575,13.5,,None,30200000,30200000,,,,,,,,,23380400000,2190500000,None,11546225000,11546225000,1153200000,None,3405500000,4224500000,None,None,420777000,,2.16,0.0673,,,,-0.053,-0.0164,663016000,1083793000,0.65,2018-09-30,11.15,5745200000,7117000000.0,710734000,437838000,8362000,3654200000,3654200000,None,230549000,None,2335800000,None,None,22508500000,None,2603400000,419508000,None,None,None,0.134,,47718000,663016000,1095400000,6363600000,None,747200000,None,,,,,2.233,2.36,1.302,,,,,,,,0.109,,37802900000,2025-10-28,quarterly,0.6336,USD,pre-market,None,0,0.0561,0.197,-0.127,24.47,62266000,25914000000,3405500000,19100000,31.59,31.66,-2.5231,57752200000,7685900000,10922300000,34246400000,50066300000,23324100000,12256959000,23073100000,12.07,0,32.95,26.35
2025-12-28,EPD,2.64,53004001000.0,12.07,None,0.575,13.5,,None,57900000,57900000,,,,,,,,,22794800000,2185400000,None,11546225000,11546225000,893100000,None,2668700000,4320300000,None,None,420777000,,2.16,0.0673,,,,-0.053,-0.0164,663016000,1083793000,0.65,2018-06-30,11.15,5745200000,7117000000.0,710734000,437838000,8362000,3696100000,3696100000,None,230549000,None,1729600000,None,None,23020200000,None,2581500000,419508000,None,None,None,0.134,,47718000,663016000,894800000,5887500000,None,682400000,None,,,,,2.233,2.36,1.302,,,,,,,,0.109,,37054500000,2025-10-28,quarterly,0.6336,USD,pre-market,None,0,0.0561,0.197,-0.127,24.47,62266000,25688900000,2668700000,13000000,31.59,31.66,-2.5231,56311400000,7002600000,9449300000,33220900000,49308800000,23771600000,12256959000,22671600000,12.07,0,32.95,26.35
2025-12-28,EPD,2.64,53004001000.0,12.07,None,0.575,13.5,,None,102100000,102100000,,,,,,,,,22914500000,2177200000,None,11546225000,11546225000,730600000,None,2378400000,4443500000,None,None,420777000,,2.16,0.0673,,,,-0.053,-0.0164,663016000,1083793000,0.65,2018-03-31,11.15,5745200000,7117000000.0,710734000,437838000,8362000,3736400000,3736400000,None,230549000,None,1699900000,None,None,23016400000,None,2583400000,419508000,None,None,None,0.134,,47718000,663016000,545500000,5732200000,None,603400000,None,,,,,2.233,2.36,1.302,,,,,,,,0.109,,36416300000,2025-10-28,quarterly,0.6336,USD,pre-market,None,0,0.0561,0.197,-0.127,24.47,62266000,25393200000,2376800000,9500000,31.59,31.66,-2.5231,55482300000,6791000000,8839600000,32517400000,48691300000,23677800000,12256959000,22753300000,12.07,0,32.95,26.35
2025-12-28,EPD,2.64,53004001000.0,12.07,None,0.575,13.5,,None,5100000,5100000,,,,,,,,,22718900000,2167000000,None,11546225000,11546225000,801700000,None,2856500000,4360200000,None,None,420777000,,2.16,0.0673,,,,-0.053,-0.0164,663016000,1083793000,0.65,2017-12-31,11.15,5745200000,7117000000.0,710734000,437838000,8362000,3690300000,3690300000,None,230549000,None,1609800000,None,None,21713700000,None,2659500000,419508000,None,None,None,0.134,,47718000,663016000,531300000,5638400000,None,578400000,None,,,,,2.233,2.36,1.302,,,,,,,,0.109,,35620400000,2025-10-28,quarterly,0.6336,USD,pre-market,None,0,0.0561,0.197,-0.127,24.47,62266000,24568700000,2855000000,65200000,31.59,31.66,-2.5231,54418100000,6506400000,9295100000,31645700000,47911700000,22350600000,12256959000,22547200000,12.07,0,32.95,26.35
2025-12-28,EPD,2.64,53004001000.0,12.07,None,0.575,13.5,,None,32900000,32900000,,,,,,,,,22637200000,2181786000,None,11546225000,11546225000,720300000,None,3010600000,3395400000,None,None,420777000,,2.16,0.0673,,,,-0.053,-0.0164,663016000,1083793000,0.65,2017-09-30,11.15,5745200000,7117000000.0,710734000,437838000,8362000,3739800000,3739800000,None,230549000,None,1983200000,None,None,21710900000,None,None,419508000,None,None,None,0.134,,47718000,663016000,619600000,4709400000,None,548400000,None,,,,,2.233,2.36,1.302,,,,,,,,0.109,,34979300000,2025-10-28,quarterly,0.6336,USD,pre-market,None,0,0.0561,0.197,-0.127,24.47,62266000,24719900000,3009000000,66800000,31.59,31.66,-2.5231,53300600000,6031100000,8438700000,30751700000,47269500000,22313000000,12256959000,22330600000,12.07,0,32.95,26.35
2025-12-28,EPD,2.64,53004001000.0,12.07,None,0.575,13.5,,None,28600000,28600000,,,,,,,,,22788800000,2154300000,None,11546225000,11546225000,674400000,None,23382900000,2658700000,None,None,420777000,,2.16,0.0673,,,,-0.053,-0.0164,663016000,1083793000,0.65,2017-06-30,11.15,5745200000,7117000000.0,710734000,437838000,8362000,3782400000,3782400000,None,230549000,None,1604300000,None,None,20026500000,None,None,419508000,None,None,None,0.134,,47718000,663016000,492900000,3789400000,None,534600000,None,,,,,2.233,2.36,1.302,,,,,,,,0.109,,34220700000,2025-10-28,quarterly,0.6336,USD,pre-market,None,0,0.0561,0.197,-0.127,24.47,62266000,23381300000,3354800000,31700000,31.59,31.66,-2.5231,51313300000,4784500000,7818600000,28433100000,46528800000,20614500000,12256959000,22660100000,12.07,0,32.95,26.35
2025-12-28,EPD,2.64,53004001000.0,12.07,None,0.575,13.5,,None,62400000,62400000,,,,,,,,,22695500000,2136372000,None,11546225000,11546225000,526100000,None,2343800000,3154400000,None,None,420777000,,2.16,0.0673,,,,-0.053,-0.0164,663016000,1083793000,0.65,2017-03-31,11.15,5745200000,7117000000.0,710734000,437838000,8362000,3823200000,3823200000,None,230549000,None,1922000000,None,None,21123000000,None,None,419508000,None,None,None,0.134,,47718000,663016000,502700000,4221900000,None,505900000,None,,,,,2.233,2.36,1.302,,,,,,,,0.109,,33556100000,2025-10-28,quarterly,0.6336,USD,pre-market,None,0,0.0561,0.197,-0.127,24.47,62266000,23423000000,2300000000,700000,31.59,31.66,-2.5231,51529500000,5641500000,7048000000,28729500000,45888100000,21681500000,12256959000,22579300000,12.07,0,32.95,26.35
2025-12-28,EPD,2.64,53004001000.0,12.07,None,0.575,13.5,,None,63100000,63100000,,,,,,,,,22327000000,2117588000,None,11546225000,11546225000,397700000,None,2577000000,3330600000,None,None,420777000,,2.16,0.0673,,,,-0.053,-0.0164,663016000,1083793000,0.65,2016-12-31,11.15,5745200000,7117000000.0,710734000,437838000,8362000,3864100000,3864100000,None,230549000,None,1770500000,None,None,21120900000,None,2713500000,419508000,None,None,None,0.134,,47718000,663016000,1364000000,5276000000,None,503900000,None,,,,,2.233,2.36,1.302,,,,,,,,0.109,,33292500000,2025-10-28,quarterly,0.6336,USD,pre-market,None,0,0.0561,0.197,-0.127,24.47,62266000,23697700000,2576800000,300000,31.59,31.66,-2.5231,52194000000,6528200000,8250500000,29928000000,45665800000,21677500000,12256959000,22047000000,12.07,0,32.95,26.35
2025-12-28,EPD,2.64,53004001000.0,12.07,None,0.575,13.5,,None,57100000,57100000,,,,,,,,,22127900000,2105500000,None,11546225000,11546225000,453700000,None,3302300000,2945800000,None,None,420777000,,2.16,0.0673,,,,-0.053,-0.0164,663016000,1083793000,0.65,2016-09-30,11.15,5745200000,7117000000.0,710734000,437838000,8362000,3907200000,3907200000,None,230549000,None,1762500000,None,None,21121200000,None,None,419508000,None,None,None,0.134,,47718000,663016000,976200000,4276500000,None,478600000,None,,,,,2.233,2.36,1.302,,,,,,,,0.109,,33119400000,2025-10-28,quarterly,0.6336,USD,pre-market,None,0,0.0561,0.197,-0.127,24.47,62266000,23959300000,2838100000,3000000,31.59,31.66,-2.5231,51258400000,5741600000,7568300000,29219700000,45516800000,21651400000,12256959000,21819200000,12.07,0,32.95,26.35
2025-12-28,EPD,2.64,53004001000.0,12.07,None,0.575,13.5,,None,113500000,113500000,,,,,,,,,22031200000,2093200000,None,11546225000,11546225000,602600000,None,1404800000,3057500000,None,None,420777000,,2.16,0.0673,,,,-0.053,-0.0164,663016000,1083793000,0.65,2016-06-30,11.15,5745200000,7117000000.0,710734000,437838000,8362000,3948300000,3948300000,None,230549000,None,1714900000,None,None,21922100000,None,None,419508000,None,None,None,0.134,,47718000,663016000,1083800000,5548000000,None,456200000,None,,,,,2.233,2.36,1.302,,,,,,,,0.109,,33011500000,2025-10-28,quarterly,0.6336,USD,pre-market,None,0,0.0561,0.197,-0.127,24.47,62266000,22797500000,875400000,4100000,31.59,31.66,-2.5231,51400800000,5969700000,7026000000,29454900000,45431100000,22428900000,12256959000,21724200000,12.07,0,32.95,26.35
2025-12-28,EPD,2.64,53004001000.0,12.07,None,0.575,13.5,,None,160600000,160600000,,,,,,,,,21397400000,2066250000,None,11546225000,11546225000,743500000,None,835900000,2450500000,None,None,420777000,,2.16,0.0673,,,,-0.053,-0.0164,663016000,1083793000,0.65,2016-03-31,11.15,5745200000,7117000000.0,710734000,437838000,8362000,3990900000,3990900000,None,230549000,None,1232100000,None,None,21919800000,None,None,419508000,None,None,None,0.134,,47718000,663016000,749400000,4434000000,None,407700000,None,,,,,2.233,2.36,1.302,,,,,,,,0.109,,32673300000,2025-10-28,quarterly,0.6336,USD,pre-market,None,0,0.0561,0.197,-0.127,24.47,62266000,22755700000,835900000,5200000,31.59,31.66,-2.5231,49737400000,4592600000,6013400000,28391100000,45144800000,22377700000,12256959000,21128900000,12.07,0,32.95,26.35
2025-12-28,EPD,2.64,53004001000.0,12.07,None,0.575,13.5,,None,19000000,19000000,,,,,,,,,20514300000,2014400000,None,11546225000,11546225000,860100000,None,1863900000,2571100000,None,None,420777000,,2.16,0.0673,,,,-0.053,-0.0164,663016000,1083793000,0.65,2015-12-31,11.15,5745200000,7117000000.0,710734000,437838000,8362000,4037200000,4037200000,None,230549000,None,1038100000,None,None,20826700000,None,2628500000,419508000,None,None,None,0.134,,47718000,663016000,670100000,4442600000,None,411500000,None,,,,,2.233,2.36,1.302,,,,,,,,0.109,,32034700000,2025-10-28,quarterly,0.6336,USD,pre-market,None,0,0.0561,0.197,-0.127,24.47,62266000,22540800000,1863900000,3200000,31.59,31.66,-2.5231,48802200000,4313000000,7166600000,28301100000,44503900000,21134500000,12256959000,20295100000,12.07,0,32.95,26.35
2025-12-28,EPD,2.64,53004001000.0,12.07,None,0.575,13.5,,None,80500000,80500000,,,,,,,,,20392800000,2010500000,None,11546225000,11546225000,844900000,None,None,2803700000,None,None,420777000,,2.16,0.0673,,,,-0.053,-0.0164,663016000,1083793000,0.65,2015-09-30,11.15,5749200000,7117000000.0,710734000,437838000,8362000,4082100000,4082100000,None,230549000,None,1085400000,None,None,20840700000,None,None,419508000,None,None,None,0.134,,47718000,663016000,690400000,4414600000,None,401900000,None,,,,,2.233,2.36,1.302,,,,,,,,0.109,,31214100000,2025-10-28,quarterly,0.6336,USD,pre-market,None,0,0.0561,0.197,-0.127,24.47,62266000,22460100000,1619400000,7400000,31.59,31.66,-2.5231,48527800000,4660000000,6878900000,28174900000,43867800000,21296000000,12256959000,20162100000,12.07,0,32.95,26.35
2025-12-28,EPD,2.64,53004001000.0,12.07,None,0.575,13.5,,None,551100000,551100000,,,,,,,,,20404200000,2003173000,None,11546225000,11546225000,790300000,None,None,3348500000,None,None,420777000,,2.16,0.0673,,,,-0.053,-0.0164,663016000,1083793000,0.65,2015-06-30,11.15,5664800000,7117000000.0,710734000,437838000,8362000,2733500000,2733500000,None,230549000,None,999800000,None,None,20892900000,None,None,419508000,None,None,None,0.134,,47718000,663016000,2279400000,4275700000,None,382200000,None,,,,,2.233,2.36,1.302,,,,,,,,0.109,,29783800000,2025-10-28,quarterly,0.6336,USD,pre-market,None,0,0.0561,0.197,-0.127,24.47,62266000,22293000000,1400100000,5700000,31.59,31.66,-2.5231,48159400000,7178800000,6466100000,27796200000,40980600000,21330100000,12256959000,20125600000,12.07,0,32.95,26.35
2025-12-28,EPD,2.64,53004001000.0,12.07,None,0.575,13.5,,None,81100000,81100000,,,,,,,,,20098900000,1988553000,None,11546225000,11546225000,704500000,None,None,2988500000,None,None,420777000,,2.16,0.0673,,,,-0.053,-0.0164,663016000,1083793000,0.65,2015-03-31,11.15,5654000000,7117000000.0,710734000,437838000,8362000,2803100000,2803100000,None,230549000,None,855400000,None,None,20192200000,None,None,419508000,None,None,None,0.134,,47718000,663016000,509800000,3771600000,None,311100000,None,,,,,2.233,2.36,1.302,,,,,,,,0.109,,30367600000,2025-10-28,quarterly,0.6336,USD,pre-market,None,0,0.0561,0.197,-0.127,24.47,62266000,21592000000,1399800000,28200000,31.59,31.66,-2.5231,46505300000,4434800000,5875900000,26447200000,42069500000,20571300000,12256959000,19835700000,12.07,0,32.95,26.35
2025-12-28,EPD,2.64,53004001000.0,12.07,None,0.575,13.5,,None,74400000,74400000,,,,,,,,,18304800000,1940500000,None,11546225000,11546225000,773800000,None,2206400000,3825800000,None,None,420777000,,2.16,0.0673,,,,-0.053,-0.0164,663016000,1083793000,0.65,2014-12-31,11.15,4199900000,7117000000.0,710734000,437838000,8362000,4302100000,4302100000,None,230549000,None,1014200000,None,None,19157400000,None,3042000000,419508000,None,None,None,0.134,,47718000,663016000,576300000,4893500000,None,310800000,None,,,,,2.233,2.36,1.302,,,,,,,,0.109,,29881600000,2025-10-28,quarterly,0.6336,USD,pre-market,None,0,0.0561,0.197,-0.127,24.47,62266000,21363800000,2206400000,0,31.59,31.66,-2.5231,47201000000,5490700000,7873700000,27508800000,41710300000,19635100000,12256959000,33788800000,12.07,0,32.95,26.35
2025-12-28,EPD,2.64,53004001000.0,12.07,None,0.575,13.5,,None,1061600000,1061600000,,,,,,,,,16063600000,1883400000,None,11546225000,11546225000,728000000,None,None,5323400000,None,None,420777000,,2.16,0.0673,,,,-0.053,-0.0164,663016000,1083793000,0.65,2014-09-30,11.15,2079900000,7117000000.0,710734000,437838000,8362000,1391100000,1391100000,None,230549000,None,1589500000,None,None,17706500000,None,None,419508000,None,None,None,0.134,,47718000,663016000,391000000,6303900000,None,182100000,None,,,,,2.233,2.36,1.302,,,,,,,,0.109,,27963300000,2025-10-28,quarterly,0.6336,USD,pre-market,None,0,0.0561,0.197,-0.127,24.47,62266000,19646400000,1939900000,15900000,31.59,31.66,-2.5231,42905500000,8365500000,8971800000,26923600000,34540000000,17951800000,12256959000,15757500000,12.07,0,32.95,26.35
2025-12-28,EPD,2.64,53004001000.0,12.07,None,0.575,13.5,,None,242000000,242000000,,,,,,,,,15930800000,1880400000,None,11546225000,11546225000,705900000,None,None,5449800000,None,None,420777000,,2.16,0.0673,,,,-0.053,-0.0164,663016000,1083793000,0.65,2014-06-30,11.15,2079900000,7117000000.0,710734000,437838000,8362000,1414900000,1414900000,None,230549000,None,1318300000,None,None,17062900000,None,None,419508000,None,None,None,0.134,,47718000,663016000,461800000,6464000000,None,174900000,None,,,,,2.233,2.36,1.302,,,,,,,,0.109,,27554700000,2025-10-28,quarterly,0.6336,USD,pre-market,None,0,0.0561,0.197,-0.127,24.47,62266000,18362900000,1300000000,20400000,31.59,31.66,-2.5231,41571300000,7471900000,8469900000,25768900000,34099400000,17299000000,12256959000,15576600000,12.07,0,32.95,26.35
2025-12-28,EPD,2.64,53004001000.0,12.07,None,0.575,13.5,,None,988400000,988400000,,,,,,,,,15783200000,1876000000,None,11546225000,11546225000,750500000,None,None,4993600000,None,None,420777000,,2.16,0.0673,,,,-0.053,-0.0164,663016000,1083793000,0.65,2014-03-31,11.15,2079900000,7117000000.0,710734000,437838000,8362000,1434400000,1434400000,None,230549000,None,977900000,None,None,17467800000,None,None,419508000,None,None,None,0.134,,47718000,663016000,373300000,5971500000,None,178100000,None,,,,,2.233,2.36,1.302,,,,,,,,0.109,,27262500000,2025-10-28,quarterly,0.6336,USD,pre-market,None,0,0.0561,0.197,-0.127,24.47,62266000,18367800000,900000000,16700000,31.59,31.66,-2.5231,40990500000,7333200000,7622000000,25328500000,33657300000,17706500000,12256959000,15438900000,12.07,0,32.95,26.35
2025-12-28,EPD,2.64,53004001000.0,12.07,None,0.575,13.5,,None,56900000,56900000,,,,,,,,,15573800000,1871370000,None,11546225000,11546225000,723700000,None,None,5482300000,None,None,420777000,,2.16,0.0673,,,,-0.053,-0.0164,663016000,1083793000,0.65,2013-12-31,11.15,2080000000,7117000000.0,710734000,437838000,8362000,1462200000,1462200000,None,230549000,None,1093100000,None,None,16226500000,None,None,419508000,None,None,None,0.134,,47718000,663016000,391100000,6390000000,None,172300000,None,,,,,2.233,2.36,1.302,,,,,,,,0.109,,26946600000,2025-10-28,quarterly,0.6336,USD,pre-market,None,0,0.0561,0.197,-0.127,24.47,62266000,17351500000,1125000000,20200000,31.59,31.66,-2.5231,40138700000,7023400000,8238700000,24698300000,33115300000,16459600000,12256959000,15214800000,12.07,0,32.95,26.35
2025-12-28,EPD,2.64,53004001000.0,12.07,None,0.575,13.5,,None,9600000,9600000,,,,,,,,,14821400000,1849541000,None,11546225000,11546225000,1040300000,None,None,5481900000,None,None,420777000,,2.16,0.0673,,,,-0.053,-0.0164,663016000,1083793000,0.65,2013-09-30,11.15,2080000000,7117000000.0,710734000,437838000,8362000,1487600000,1487600000,None,230549000,None,1862400000,None,None,16481600000,None,None,419508000,None,None,None,0.134,,47718000,663016000,417000000,6633600000,None,182400000,None,,,,,2.233,2.36,1.302,,,,,,,,0.109,,26453900000,2025-10-28,quarterly,0.6336,USD,pre-market,None,0,0.0561,0.197,-0.127,24.47,62266000,17531500000,1049900000,16500000,31.59,31.66,-2.5231,40125000000,7770900000,8723800000,25442800000,32354100000,16719000000,12256959000,14821400000,12.07,0,32.95,26.35
2025-12-28,EPD,2.64,53004001000.0,12.07,None,0.575,13.5,,None,45300000,45300000,,,,,,,,,14518900000,1839911000,None,11546225000,11546225000,777400000,None,None,4671300000,None,None,420777000,,2.16,0.0673,,,,-0.053,-0.0164,663016000,1083793000,0.65,2013-06-30,11.15,2080000000,7117000000.0,710734000,437838000,8362000,1513200000,1513200000,None,230549000,None,1411400000,None,None,16429600000,None,None,419508000,None,None,None,0.134,,47718000,663016000,452000000,5555700000,None,184200000,None,,,,,2.233,2.36,1.302,,,,,,,,0.109,,25566100000,2025-10-28,quarterly,0.6336,USD,pre-market,None,0,0.0561,0.197,-0.127,24.47,62266000,16969600000,540000000,19800000,31.59,31.66,-2.5231,37876900000,6580000000,6873100000,23524100000,31296900000,16651000000,12256959000,14518900000,12.07,0,32.95,26.35
2025-12-28,EPD,2.64,53004001000.0,12.07,None,0.575,13.5,,None,1280300000,1280300000,,,,,,,,,14280600000,1830652000,None,11546225000,11546225000,790900000,None,None,4504900000,None,None,420777000,,2.16,0.0673,,,,-0.053,-0.0164,663016000,1083793000,0.65,2013-03-31,11.15,2086100000,7117000000.0,710734000,437838000,8362000,1539800000,1539800000,None,230549000,None,1159100000,None,None,16393700000,None,None,419508000,None,None,None,0.134,,47718000,663016000,424000000,5577700000,None,182800000,None,,,,,2.233,2.36,1.302,,,,,,,,0.109,,25222500000,2025-10-28,quarterly,0.6336,USD,pre-market,None,0,0.0561,0.197,-0.127,24.47,62266000,17543700000,1150000000,16100000,31.59,31.66,-2.5231,38101400000,7368300000,7518600000,24111200000,30733100000,16592600000,12256959000,14280600000,12.07,0,32.95,26.35
2025-12-28,EPD,2.64,53004001000.0,12.07,None,0.575,13.5,,None,16100000,16100000,,,,,,,,,13558100000,1806668000,None,11546225000,11546225000,764500000,None,None,4353400000,None,None,420777000,,2.16,0.0673,,,,-0.053,-0.0164,663016000,1083793000,0.65,2012-12-31,11.15,2086800000,7117000000.0,710734000,437838000,8362000,1566800000,1566800000,None,230549000,None,1088400000,None,None,14655200000,None,None,419508000,None,None,None,0.134,,47718000,663016000,385200000,5444600000,None,205000000,None,,,,,2.233,2.36,1.302,,,,,,,,0.109,,24846400000,2025-10-28,quarterly,0.6336,USD,pre-market,None,0,0.0561,0.197,-0.127,24.47,62266000,16201800000,500000000,19600000,31.59,31.66,-2.5231,35934400000,5843100000,7755700000,22638400000,30091300000,14882700000,12256959000,12464800000,12.07,0,32.95,26.35
2025-12-28,EPD,2.64,53004001000.0,12.07,None,0.575,13.5,,None,14500000,14500000,,,,,,,,,13337900000,1800328000,None,11546225000,11546225000,911200000,None,None,4399800000,None,None,420777000,,2.16,0.0673,,,,-0.053,-0.0164,663016000,1083793000,0.65,2012-09-30,11.15,2092300000,7117000000.0,710734000,437838000,8362000,1596100000,1596100000,None,230549000,None,1069200000,None,None,14747200000,None,None,419508000,None,None,None,0.134,,47718000,663016000,409600000,5124600000,None,216100000,None,,,,,2.233,2.36,1.302,,,,,,,,0.109,,24311500000,2025-10-28,quarterly,0.6336,USD,pre-market,None,0,0.0561,0.197,-0.127,24.47,62266000,15947200000,1200000000,16000000,31.59,31.66,-2.5231,35277800000,5893100000,7235800000,22219900000,29384700000,14984100000,12256959000,12949600000,12.07,0,32.95,26.35
2025-12-28,EPD,2.64,53004001000.0,12.07,None,0.575,13.5,,None,14500000,14500000,,,,,,,,,0,1779800000,None,11546225000,11546225000,832800000,None,None,3727200000,None,None,420777000,,2.16,0.0673,,,,-0.053,-0.0164,663016000,1083793000,0.65,2012-06-30,11.15,2092300000,7117000000.0,710734000,437838000,8362000,1619200000,1619200000,None,230549000,None,892900000,None,None,13346700000,None,None,419508000,None,None,None,0.134,,47718000,663016000,434800000,5085500000,None,202200000,None,,,,,2.233,2.36,1.302,,,,,,,,0.109,,23760600000,2025-10-28,quarterly,0.6336,USD,pre-market,None,0,0.0561,0.197,-0.127,24.47,62266000,15046700000,1700000000,0,31.59,31.66,-2.5231,33667100000,5069400000,7618300000,21191000000,28597700000,13572700000,12256959000,12366300000,12.07,0,32.95,26.35
2025-12-28,EPD,2.64,53004001000.0,12.07,None,0.575,13.5,,None,88300000,88300000,,,,,,,,,0,1713200000,None,11546225000,11546225000,951300000,None,None,4540100000,None,None,420777000,,2.16,0.0673,,,,-0.053,-0.0164,663016000,1083793000,0.65,2012-03-31,11.15,2092300000,7117000000.0,710734000,437838000,8362000,1644200000,1644200000,None,230549000,None,934100000,None,None,13570800000,None,None,419508000,None,None,None,0.134,,47718000,663016000,534700000,5695300000,None,215000000,None,,,,,2.233,2.36,1.302,,,,,,,,0.109,,22910300000,2025-10-28,quarterly,0.6336,USD,pre-market,None,0,0.0561,0.197,-0.127,24.47,62266000,14620800000,1050000000,81800000,31.59,31.66,-2.5231,33892700000,6097200000,7696600000,21504400000,27795500000,13807800000,12256959000,12278800000,12.07,0,32.95,26.35
2025-12-28,EPD,2.64,53004001000.0,12.07,None,0.575,13.5,,None,19800000,19800000,,,,,,,,,12464800000,1643800000,None,11546225000,11546225000,773000000,None,None,4545300000,None,None,420777000,,2.16,0.0673,,,,-0.053,-0.0164,663016000,1083793000,0.65,2011-12-31,11.15,2092300000,7117000000.0,710734000,437838000,8362000,1656200000,1656200000,None,230549000,None,1111700000,None,None,14029400000,None,None,419508000,None,None,None,0.134,,47718000,663016000,391900000,6159400000,None,352800000,None,,,,,2.233,2.36,1.302,,,,,,,,0.109,,22191600000,2025-10-28,quarterly,0.6336,USD,pre-market,None,0,0.0561,0.197,-0.127,24.47,62266000,14529400000,500000000,38500000,31.59,31.66,-2.5231,34125100000,6068700000,7432400000,21905800000,28056400000,14473400000,12256959000,12113400000,12.07,0,32.95,26.35
2025-12-28,EPD,2.64,53004001000.0,12.07,None,0.575,13.5,,None,29100000,29100000,,,,,,,,,0,1716400000,None,11546225000,11546225000,1033000000,None,None,4045900000,None,None,420777000,,2.16,0.0673,,,,-0.053,-0.0164,663016000,1083793000,0.65,2011-09-30,11.15,2092300000,7117000000.0,710734000,437838000,8362000,1686600000,1686600000,None,230549000,None,1389300000,None,None,14108700000,None,None,419508000,None,None,None,0.134,,47718000,663016000,884100000,5610900000,None,336500000,None,,,,,2.233,2.36,1.302,,,,,,,,0.109,,21388100000,2025-10-28,quarterly,0.6336,USD,pre-market,None,0,0.0561,0.197,-0.127,24.47,62266000,15108700000,1000000000,78600000,31.59,31.66,-2.5231,33724400000,6348400000,7643900000,22172900000,27376000000,14529000000,12256959000,11438700000,12.07,0,32.95,26.35
2025-12-28,EPD,2.64,53004001000.0,12.07,None,0.575,13.5,,None,109100000,109100000,,,,,,,,,0,1702800000,None,11546225000,11546225000,770300000,None,None,4312000000,None,None,420777000,,2.16,0.0673,,,,-0.053,-0.0164,663016000,1083793000,0.65,2011-06-30,11.15,2107100000,7117000000.0,710734000,437838000,8362000,1756600000,1756600000,None,230549000,None,994100000,None,None,13544700000,None,None,419508000,None,None,None,0.134,,47718000,663016000,523300000,5806200000,None,218700000,None,,,,,2.233,2.36,1.302,,,,,,,,0.109,,20798900000,2025-10-28,quarterly,0.6336,USD,pre-market,None,0,0.0561,0.197,-0.127,24.47,62266000,14327000000,782300000,116200000,31.59,31.66,-2.5231,32978400000,5938500000,7358800000,21203100000,27039900000,13844300000,12256959000,11254200000,12.07,0,32.95,26.35
2025-12-28,EPD,2.64,53004001000.0,12.07,None,0.575,13.5,,None,150400000,150400000,,,,,,,,,0,1700600000,None,11546225000,11546225000,607600000,None,None,3912300000,None,None,420777000,,2.16,0.0673,,,,-0.053,-0.0164,663016000,1083793000,0.65,2011-03-31,11.15,2107700000,7117000000.0,710734000,437838000,8362000,1794000000,1794000000,None,230549000,None,800800000,None,None,13273600000,None,2269900000,419508000,None,None,None,0.134,,47718000,663016000,583300000,5068200000,None,210900000,None,,,,,2.233,2.36,1.302,,,,,,,,0.109,,19892900000,2025-10-28,quarterly,0.6336,USD,pre-market,None,0,0.0561,0.197,-0.127,24.47,62266000,14055900000,782300000,191600000,31.59,31.66,-2.5231,31821200000,5446800000,6458100000,20021200000,26374400000,13563100000,12256959000,11276900000,12.07,0,32.95,26.35
2025-12-28,EPD,2.64,53004001000.0,12.07,None,0.575,13.5,,None,65500000,65500000,,,,,,,,,0,1276000000,None,11546225000,11546225000,675100000,None,None,3836900000,None,None,420777000,,2.16,0.0673,,,,-0.053,-0.0164,663016000,1083793000,0.65,2010-12-31,11.15,2107700000,7117000000.0,710734000,437838000,8362000,1841700000,1841700000,None,230549000,None,1134000000,None,None,13281200000,None,2293100000,419508000,None,None,None,0.134,,47718000,663016000,470900000,4922800000,None,220600000,None,,,,,2.233,2.36,1.302,,,,,,,,0.109,,19332900000,2025-10-28,quarterly,0.6336,USD,pre-market,None,0,0.0561,0.197,-0.127,24.47,62266000,13563500000,282300000,98700000,31.59,31.66,-2.5231,31360800000,5507100000,5880200000,19460000000,25853700000,13579800000,12256959000,11506000000,12.07,0,32.95,26.35
2025-12-28,EPD,2.64,53004001000.0,12.07,None,0.575,13.5,,None,42700000,42700000,,,,,,,,,0,1263456000,None,11546225000,11546225000,609400000,None,None,3067600000,None,None,420777000,,2.16,0.0673,,,,-0.053,-0.0164,663016000,1083793000,0.65,2010-09-30,11.15,2052700000,7117000000.0,710734000,437838000,8362000,1860300000,1860300000,None,230549000,None,1210000000,None,None,12704800000,None,864700000,419508000,None,None,None,0.134,,47718000,663016000,323100000,3981300000,None,266600000,None,,,,,2.233,2.36,1.302,,,,,,,,0.109,,18810000000,2025-10-28,quarterly,0.6336,USD,pre-market,None,0,0.0561,0.197,-0.127,24.47,62266000,12704800000,None,32500000,31.59,31.66,-2.5231,28472700000,4643400000,4590700000,17637100000,23829300000,13046400000,12256959000,10308100000,12.07,0,32.95,26.35
2025-12-28,EPD,2.64,53004001000.0,12.07,None,0.575,13.5,,None,494500000,494500000,,,,,,,,,0,1263456000,None,11546225000,11546225000,594800000,None,None,2943300000,None,None,420777000,,2.16,0.0673,,,,-0.053,-0.0164,663016000,1083793000,0.65,2010-06-30,11.15,2050600000,7117000000.0,710734000,437838000,8362000,1896100000,1896100000,None,230549000,None,1025500000,None,None,12416500000,None,873200000,419508000,None,None,None,0.134,,47718000,663016000,442300000,3817600000,None,207300000,None,,,,,2.233,2.36,1.302,,,,,,,,0.109,,18332000000,2025-10-28,quarterly,0.6336,USD,pre-market,None,0,0.0561,0.197,-0.127,24.47,62266000,12671500000,255000000,19100000,31.59,31.66,-2.5231,28289500000,4905600000,4667400000,17364100000,23383900000,12696700000,12256959000,10396400000,12.07,0,32.95,26.35
2025-12-28,EPD,2.64,53004001000.0,12.07,None,0.575,13.5,,None,134900000,134900000,,,,,,,,,0,1250912000,None,11546225000,11546225000,466800000,None,None,3082900000,None,None,420777000,,2.16,0.0673,,,,-0.053,-0.0164,663016000,1083793000,0.65,2010-03-31,11.15,2018300000,7117000000.0,710734000,437838000,8362000,1035200000,1035200000,None,230549000,None,990900000,None,None,10915700000,None,883500000,419508000,None,None,None,0.134,,47718000,663016000,398500000,4298900000,None,160200000,None,,,,,2.233,2.36,1.302,,,,,,,,0.109,,17735300000,2025-10-28,quarterly,0.6336,USD,pre-market,None,0,0.0561,0.197,-0.127,24.47,62266000,11090700000,175000000,113800000,31.59,31.66,-2.5231,26501100000,4607200000,4940700000,16089100000,21893900000,11148400000,12256959000,9882100000,12.07,0,32.95,26.35
2025-12-28,EPD,2.64,53004001000.0,12.07,None,0.575,13.5,,None,54700000,54700000,,,,,,,,,0,928600000,None,11546225000,11546225000,480400000,None,None,3137400000,None,None,420777000,,2.16,0.0673,,,,-0.053,-0.0164,663016000,1083793000,0.65,2009-12-31,11.15,2018300000,7117000000.0,710734000,437838000,8362000,1064800000,1064800000,None,230549000,None,711900000,None,None,11346400000,None,890600000,419508000,None,None,None,0.134,,47718000,663016000,229100000,4055600000,None,155200000,None,,,,,2.233,2.36,1.302,,,,,,,,0.109,,17689200000,2025-10-28,quarterly,0.6336,USD,pre-market,None,0,0.0561,0.197,-0.127,24.47,62266000,11439400000,93000000,113800000,31.59,31.66,-2.5231,26151600000,4246900000,4536000000,16109300000,21904700000,11573300000,12256959000,9528000000,12.07,0,32.95,26.35
2025-12-28,EPD,2.64,53004001000.0,12.07,None,0.575,13.5,,None,73800000,73800000,,,,,,,,,0,928800000,None,11546225000,11546225000,374300000,None,None,1509300000,None,None,420777000,,2.16,0.0673,,,,-0.053,-0.0164,663016000,1083793000,0.65,2009-09-30,11.15,706900000,7117000000.0,710734000,437838000,8362000,793000000,793000000,None,230549000,None,1147500000,None,None,9198300000,None,901000000,419508000,None,None,None,0.134,,47718000,663016000,197000000,2323100000,None,95800000,None,,,,,2.233,2.36,1.302,,,,,,,,0.109,,13661600000,2025-10-28,quarterly,0.6336,USD,pre-market,None,0,0.0561,0.197,-0.127,24.47,62266000,9461400000,263100000,102800000,31.59,31.66,-2.5231,19357500000,3149000000,2697400000,12061100000,16208500000,9363700000,12256959000,6774400000,12.07,0,32.95,26.35
2025-12-28,EPD,2.64,53004001000.0,12.07,None,0.575,13.5,,None,65000000,65000000,,,,,,,,,0,917000000,None,11546225000,11546225000,374200000,None,None,1279600000,None,None,420777000,,2.16,0.0673,,,,-0.053,-0.0164,663016000,1083793000,0.65,2009-06-30,11.15,706900000,7117000000.0,710734000,437838000,8362000,813500000,813500000,None,230549000,None,965800000,None,None,9224300000,None,None,419508000,None,None,None,0.134,,47718000,663016000,558500000,2256000000,None,None,None,,,,,2.233,2.36,1.302,,,,,,,,0.109,,13582000000,2025-10-28,quarterly,0.6336,USD,pre-market,None,0,0.0561,0.197,-0.127,24.47,62266000,9405700000,181400000,184400000,31.59,31.66,-2.5231,19022500000,2868900000,2811600000,12203600000,16153600000,9392000000,12256959000,6308500000,12.07,0,32.95,26.35
2025-12-28,EPD,2.64,53004001000.0,12.07,None,0.575,13.5,,None,41500000,41500000,,,,,,,,,None,905400000,None,11546225000,11546225000,419000000,None,None,1139400000,None,None,420777000,,2.16,0.0673,,,,-0.053,-0.0164,663016000,1083793000,0.65,2009-03-31,11.15,706900000,7117000000.0,710734000,437838000,8362000,834400000,834400000,None,230549000,None,520000000,None,None,9307300000,None,None,419508000,None,None,None,0.134,,47718000,663016000,589700000,1866800000,None,None,None,,,,,2.233,2.36,1.302,,,,,,,,0.109,,13505700000,2025-10-28,quarterly,0.6336,USD,pre-market,None,None,0.0561,0.197,-0.127,24.47,62266000,9307300000,None,244500000,31.59,31.66,-2.5231,18435300000,2290600000,2285800000,11740000000,16144700000,9454200000,12256959000,6307700000,12.07,None,32.95,26.35
2025-12-28,EPD,2.64,53004001000.0,12.07,None,0.575,13.5,,None,61700000,61700000,,,,,,,,,6036887000,875148000,None,11546225000,11546225000,406300000,None,None,2063800000,None,None,420777000,,2.16,0.0673,,,,-0.053,-0.0164,663016000,1083793000,0.65,2008-12-31,11.15,706884000,7117000000.0,710734000,437838000,8362000,855416000,855416000,None,230549000,None,362815000,None,None,9108410000,None,None,419508000,None,None,None,0.134,,47718000,663016000,353600000,2694900000,None,None,None,,,,,2.233,2.36,1.302,,,,,,,,0.109,,13154774000,2025-10-28,quarterly,0.6336,USD,pre-market,None,None,0.0561,0.197,-0.127,24.47,62266000,11637900000,None,218600000,31.59,31.66,-2.5231,24211600000,2163720000,2223149000,14915700000,21108900000,11814500000,12256959000,6084988000,12.07,None,32.95,26.35
2025-12-28,EPD,2.64,53004001000.0,12.07,None,0.575,13.5,,None,55403000,55403000,,,,,,,,,5990461000,875600000,None,11546225000,11546225000,321264000,None,None,1929455000,None,None,420777000,,2.16,0.0673,,,,-0.053,-0.0164,663016000,1083793000,0.65,2008-09-30,11.15,616996000,7117000000.0,710734000,437838000,8362000,866313000,866313000,None,230549000,None,653783000,None,None,8458195000,None,None,419508000,None,None,None,0.134,,47718000,663016000,344454000,2848831000,None,None,None,,,,,2.233,2.36,1.302,,,,,,,,0.109,,12693619000,2025-10-28,quarterly,0.6336,USD,pre-market,None,None,0.0561,0.197,-0.127,24.47,62266000,8434201000,None,183221000,31.59,31.66,-2.5231,18149210000,2983095000,3170095000,11717553000,15166115000,8547458000,12256959000,6018746000,12.07,None,32.95,26.35
2025-12-28,EPD,2.64,53004001000.0,12.07,None,0.575,13.5,,None,24710000,24710000,,,,,,,,,6028864000,873000000,None,11546225000,11546225000,408003000,None,None,2578407000,None,None,420777000,,2.16,0.0673,,,,-0.053,-0.0164,663016000,1083793000,0.65,2008-06-30,11.15,591652000,7117000000.0,710734000,437838000,8362000,888164000,888164000,None,230549000,None,463721000,None,None,7768507000,None,None,419508000,None,None,None,0.134,,47718000,663016000,263421000,3220647000,None,None,None,,,,,2.233,2.36,1.302,,,,,,,,0.109,,12407006000,2025-10-28,quarterly,0.6336,USD,pre-market,None,None,0.0561,0.197,-0.127,24.47,62266000,7768507000,None,None,31.59,31.66,-2.5231,18180856000,3330259000,3628650000,11487425000,14850597000,7858775000,12256959000,6270767000,12.07,None,32.95,26.35
2025-12-28,EPD,2.64,53004001000.0,12.07,None,0.575,13.5,,None,65559000,65559000,,,,,,,,,6003075000,871200000,None,11546225000,11546225000,222490000,None,None,2096708000,None,None,420777000,,2.16,0.0673,,,,-0.053,-0.0164,663016000,1083793000,0.65,2008-03-31,11.15,591652000,7117000000.0,710734000,437838000,8362000,906968000,906968000,None,230549000,None,288798000,None,None,7518496000,None,None,419508000,None,None,None,0.134,,47718000,663016000,153191000,2705685000,None,None,None,,,,,2.233,2.36,1.302,,,,,,,,0.109,,12107790000,2025-10-28,quarterly,0.6336,USD,pre-market,None,None,0.0561,0.197,-0.127,24.47,62266000,7518496000,None,None,31.59,31.66,-2.5231,17192083000,2604256000,2928175000,10541258000,14587827000,7613083000,12256959000,6224051000,12.07,None,32.95,26.35
2025-12-28,EPD,2.64,53004001000.0,12.07,None,0.575,13.5,,None,39722000,39722000,,,,,,,,,5976947000,1105213000,None,11546225000,11546225000,349431000,None,None,2010544000,None,None,420777000,,2.16,0.0673,,,,-0.053,-0.0164,663016000,1083793000,0.65,2007-12-31,11.15,591652000,7117000000.0,710734000,437838000,8362000,917000000,917000000,None,230549000,None,354282000,None,None,6906145000,None,None,419508000,None,None,None,0.134,,47718000,663016000,133337000,2695252000,None,None,None,,,,,2.233,2.36,1.302,,,,,,,,0.109,,11587264000,2025-10-28,quarterly,0.6336,USD,pre-market,None,None,0.0561,0.197,-0.127,24.47,62266000,6906145000,None,53144000,31.59,31.66,-2.5231,16608007000,2537885000,3044683000,10045940000,14070122000,7001257000,12256959000,6131649000,12.07,None,32.95,26.35
2025-12-28,EPD,2.64,53004001000.0,12.07,None,0.575,13.5,,None,43881000,43881000,,,,,,,,,6057564000,1105213000,None,11546225000,11546225000,347344000,None,None,1590198000,None,None,420777000,,2.16,0.0673,,,,-0.053,-0.0164,663016000,1083793000,0.65,2007-09-30,11.15,591644000,7117000000.0,710734000,437838000,8362000,928201000,928201000,None,230549000,None,509888000,None,None,6771988000,None,None,419508000,None,None,None,0.134,,47718000,663016000,231870000,2128659000,None,None,None,,,,,2.233,2.36,1.302,,,,,,,,0.109,,11133395000,2025-10-28,quarterly,0.6336,USD,pre-market,None,None,0.0561,0.197,-0.127,24.47,62266000,6771988000,None,63910000,31.59,31.66,-2.5231,16006005000,2375837000,2476003000,9350345000,13630168000,6874342000,12256959000,6224860000,12.07,None,32.95,26.35
2025-12-28,EPD,2.64,53004001000.0,12.07,None,0.575,13.5,,None,63363000,63363000,,,,,,,,,6157334000,1093492000,None,11546225000,11546225000,318517000,None,None,1583475000,None,None,420777000,,2.16,0.0673,,,,-0.053,-0.0164,663016000,1083793000,0.65,2007-06-30,11.15,590647000,7117000000.0,710734000,437838000,8362000,950260000,950260000,None,230549000,None,335622000,None,None,6259715000,None,None,419508000,None,None,None,0.134,,47718000,663016000,196686000,1886344000,None,None,None,,,,,2.233,2.36,1.302,,,,,,,,0.109,,10734130000,2025-10-28,quarterly,0.6336,USD,pre-market,None,None,0.0561,0.197,-0.127,24.47,62266000,6259715000,None,23359000,31.59,31.66,-2.5231,15370273000,2179146000,2204861000,8590602000,13191127000,6385741000,12256959000,6345006000,12.07,None,32.95,26.35
2025-12-28,EPD,2.64,53004001000.0,12.07,None,0.575,13.5,,None,58237000,58237000,,,,,,,,,6230625000,1120450000,None,11546225000,11546225000,227434000,None,None,1299677000,None,None,420777000,,2.16,0.0673,,,,-0.053,-0.0164,663016000,1083793000,0.65,2007-03-31,11.15,590639000,7117000000.0,710734000,437838000,8362000,980976000,980976000,None,230549000,None,460915000,None,None,5448685000,None,None,419508000,None,None,None,0.134,,47718000,663016000,154256000,1822577000,None,None,None,,,,,2.233,2.36,1.302,,,,,,,,0.109,,10210898000,2025-10-28,quarterly,0.6336,USD,pre-market,None,None,0.0561,0.197,-0.127,24.47,62266000,5448685000,None,18990000,31.59,31.66,-2.5231,14427988000,1973085000,2050011000,7600923000,12454903000,5550912000,12256959000,6393490000,12.07,None,32.95,26.35
2025-12-28,EPD,2.64,53004001000.0,12.07,None,0.575,13.5,,None,22619000,22619000,,,,,,,,,6329917000,968847000,None,11546225000,11546225000,283855000,None,None,1323028000,None,None,420777000,,2.16,0.0673,,,,-0.053,-0.0164,663016000,1083793000,0.65,2006-12-31,11.15,590541000,7117000000.0,710734000,437838000,8362000,1003955000,1003955000,None,230549000,None,423844000,None,None,5295590000,None,None,419508000,None,None,None,0.134,,47718000,663016000,152667000,1701066000,None,None,None,,,,,2.233,2.36,1.302,,,,,,,,0.109,,9832547000,2025-10-28,quarterly,0.6336,USD,pre-market,None,None,0.0561,0.197,-0.127,24.47,62266000,5295590000,None,23667000,31.59,31.66,-2.5231,13989718000,1922158000,1984921000,7380355000,12067560000,5395434000,12256959000,6480233000,12.07,None,32.95,26.35
2025-12-28,EPD,2.64,53004001000.0,12.07,None,0.575,13.5,,None,117400000,117400000,,,,,,,,,6411873000,968847000,None,11546225000,11546225000,303155000,None,None,1382456000,None,None,420777000,,2.16,0.0673,,,,-0.053,-0.0164,663016000,1083793000,0.65,2006-09-30,11.15,591497000,7117000000.0,710734000,437838000,8362000,1018695000,1018695000,None,230549000,None,462278000,None,None,4884261000,None,None,419508000,None,None,None,0.134,,47718000,663016000,192624000,1777246000,None,None,None,,,,,2.233,2.36,1.302,,,,,,,,0.109,,9401669000,2025-10-28,quarterly,0.6336,USD,pre-market,None,None,0.0561,0.197,-0.127,24.47,62266000,4884261000,None,None,31.59,31.66,-2.5231,13757029000,2154758000,2080401000,7067271000,11602271000,4986870000,12256959000,6563514000,12.07,None,32.95,26.35
2025-12-28,EPD,2.64,53004001000.0,12.07,None,0.575,13.5,,None,24524000,24524000,,,,,,,,,None,1010360000,None,11546225000,11546225000,301965000,None,None,1337302000,None,None,420777000,,2.16,0.0673,,,,-0.053,-0.0164,663016000,1083793000,0.65,2006-06-30,11.15,493995000,7117000000.0,710734000,437838000,8362000,909323000,909323000,None,230549000,None,451237000,None,None,4821401000,None,None,419508000,None,None,None,0.134,,47718000,663016000,190931000,1680365000,None,None,None,,,,,2.233,2.36,1.302,,,,,,,,0.109,,9018275000,2025-10-28,quarterly,0.6336,USD,pre-market,None,None,0.0561,0.197,-0.127,24.47,62266000,4821401000,None,None,31.59,31.66,-2.5231,13043740000,2003994000,1982330000,6934932000,11039746000,4952602000,12256959000,5988064000,12.07,None,32.95,26.35
2025-12-28,EPD,2.64,53004001000.0,12.07,None,0.575,13.5,,None,34991000,34991000,,,,,,,,,5921228000,955550000,None,11546225000,11546225000,203752000,None,None,1099817000,None,None,420777000,,2.16,0.0673,,,,-0.053,-0.0164,663016000,1083793000,0.65,2006-03-31,11.15,494033000,7117000000.0,710734000,437838000,8362000,930069000,930069000,None,230549000,None,255415000,None,None,4396315000,None,None,419508000,None,None,None,0.134,,47718000,663016000,113681000,1429800000,None,None,None,,,,,2.233,2.36,1.302,,,,,,,,0.109,,8825047000,2025-10-28,quarterly,0.6336,USD,pre-market,None,None,0.0561,0.197,-0.127,24.47,62266000,4396315000,None,None,31.59,31.66,-2.5231,12318505000,1503904000,1633552000,6142960000,10814601000,4509408000,12256959000,6060349000,12.07,None,32.95,26.35
2025-12-28,EPD,2.64,53004001000.0,12.07,None,0.575,13.5,,None,42098000,42098000,,,,,,,,,5561338000,904614000,None,11546225000,11546225000,289066000,None,None,1454583000,None,None,420777000,,2.16,0.0673,,,,-0.053,-0.0164,663016000,1083793000,0.65,2005-12-31,11.15,494033000,7117000000.0,710734000,437838000,8362000,913626000,913626000,None,230549000,None,339606000,None,None,4833781000,None,None,419508000,None,None,None,0.134,,47718000,663016000,135160000,1601205000,None,None,None,,,,,2.233,2.36,1.302,,,,,,,,0.109,,8689024000,2025-10-28,quarterly,0.6336,USD,pre-market,None,None,0.0561,0.197,-0.127,24.47,62266000,4833781000,15000000,14952000,31.59,31.66,-2.5231,12591016000,1971447000,1890271000,6808538000,10619569000,4918267000,12256959000,5679309000,12.07,None,32.95,26.35
2025-12-28,EPD,2.64,53004001000.0,12.07,None,0.575,13.5,,None,32688000,32688000,,,,,,,,,5530228000,904614000,None,11546225000,11546225000,99615000,None,None,1294732000,None,None,420777000,,2.16,0.0673,,,,-0.053,-0.0164,663016000,1083793000,0.65,2005-09-30,11.15,489444000,7117000000.0,710734000,437838000,8362000,1430928000,1430928000,None,230549000,None,573091000,None,None,4788840000,None,None,419508000,None,None,None,0.134,,47718000,663016000,112180000,1675969000,None,None,None,,,,,2.233,2.36,1.302,,,,,,,,0.109,,8415573000,2025-10-28,quarterly,0.6336,USD,pre-market,None,None,0.0561,0.197,-0.127,24.47,62266000,4803840000,15000000,None,31.59,31.66,-2.5231,12391465000,2012691000,1790584000,6653530000,10378774000,4862946000,12256959000,5647703000,12.07,None,32.95,26.35
2025-12-28,EPD,2.64,53004001000.0,12.07,None,0.575,13.5,,366000000,583000000,583000000,,,,,,,,,29793000000,2192000000,None,11546225000,11546225000,1227000000,None,1150000000,9240000000,None,None,420777000,,2.16,0.0673,,,,-0.053,-0.0164,663016000,1083793000,0.65,2024-12-31,11.15,5712000000,7117000000.0,710734000,437838000,8362000,4005000000,4005000000,None,230549000,None,3955000000,None,None,30746000000,None,2259000000,419508000,None,None,None,0.134,,47718000,663016000,1355000000,12800000000,None,17000000,None,,,,,2.233,2.36,1.302,,,,,,,,0.109,,49501000000,2025-10-28,annual,0.6336,USD,pre-market,None,None,0.0561,0.197,-0.127,24.47,62266000,32262000000,1150000000,None,31.59,31.66,-2.5231,77168000000,15133000000,15177000000,47579000000,62035000000,32402000000,12256959000,28732000000,12.07,None,32.95,26.35
2025-12-28,EPD,2.64,53004001000.0,12.07,None,0.575,13.5,,323000000,180000000,180000000,,,,,,,,,28663000000,2194000000,None,11546225000,11546225000,1195000000,None,1300000000,7772000000,None,None,420777000,,2.16,0.0673,,,,-0.053,-0.0164,663016000,1083793000,0.65,2023-12-31,11.15,5608000000,7117000000.0,710734000,437838000,8362000,3770000000,3770000000,None,230549000,None,3352000000,None,None,27448000000,None,2330000000,419508000,None,None,None,0.134,,47718000,663016000,944000000,10636000000,None,8000000,None,,,,,2.233,2.36,1.302,,,,,,,,0.109,,46168000000,2025-10-28,annual,0.6336,USD,pre-market,None,-49000000,0.0561,0.197,-0.127,24.47,62266000,29071000000,1300000000,347000000,31.59,31.66,-2.5231,70982000000,12248000000,13131000000,42223000000,58734000000,29092000000,12256959000,27673000000,12.07,None,32.95,26.35
2025-12-28,EPD,2.64,53004001000.0,12.07,None,0.575,13.5,,341000000,76000000,76000000,,,,,,,,,27555000000,2199000000,None,11546225000,11546225000,743000000,None,1744000000,6975000000,None,None,420777000,,2.16,0.0673,,,,-0.053,-0.0164,663016000,1083793000,0.65,2022-12-31,11.15,5608000000,7117000000.0,710734000,437838000,8362000,3965000000,3965000000,None,230549000,None,2554000000,None,None,26551000000,None,2352000000,419508000,None,None,None,0.134,,47718000,663016000,993000000,9778000000,None,8000000,None,,,,,2.233,2.36,1.302,,,,,,,,0.109,,44766000000,2025-10-28,annual,0.6336,USD,pre-market,None,-27604000000,0.0561,0.197,-0.127,24.47,62266000,28636000000,1744000000,469000000,31.59,31.66,-2.5231,68108000000,10598000000,12265000000,40406000000,57510000000,28141000000,12256959000,26623000000,12.07,None,32.95,26.35
2025-12-28,EPD,2.64,53004001000.0,12.07,None,0.575,13.5,,338800000,2820000000,2820000000,,,,,,,,,26340300000,2203000000,None,11546225000,11546225000,632000000,None,1399800000,6988000000,None,None,420777000,,2.16,0.0673,,,,-0.053,-0.0164,663016000,1083793000,0.65,2021-12-31,11.15,5449000000,7117000000.0,710734000,437838000,8362000,3151000000,3151000000,None,230549000,None,2681000000,None,None,28135300000,None,2428400000,419508000,None,None,None,0.134,,47718000,663016000,780400000,9592500000,None,11200000,None,,,,,2.233,2.36,1.302,,,,,,,,0.109,,42433300000,2025-10-28,annual,0.6336,USD,pre-market,None,-26103400000,0.0561,0.197,-0.127,24.47,62266000,29874000000,1400000000,236500000,31.59,31.66,-2.5231,67526000000,13269400000,11624500000,41087000000,54256000000,29462000000,12256959000,25328900000,12.07,-1297300000,32.95,26.35
2025-12-28,EPD,2.64,53004001000.0,12.07,None,0.575,13.5,,320800000,1059900000,1059900000,,,,,,,,,25766600000,2202000000,None,11546225000,11546225000,704600000,None,1325000000,4808200000,None,None,420777000,,2.16,0.0673,,,,-0.053,-0.0164,663016000,1083793000,0.65,2020-12-31,11.15,5448900000,7117000000.0,710734000,437838000,8362000,3309100000,3309100000,None,230549000,None,3303500000,None,None,28540700000,None,2429200000,419508000,None,None,None,0.134,,47718000,663016000,737800000,6958400000,None,686600000,None,,,,,2.233,2.36,1.302,,,,,,,,0.109,,41912800000,2025-10-28,annual,0.6336,USD,pre-market,None,-25981100000,0.0561,0.197,-0.127,24.47,62266000,30186500000,1325000000,228600000,31.59,31.66,-2.5231,64106700000,9909400000,8988000000,38729300000,54197300000,29741300000,12256959000,24353400000,12.07,-1297300000,32.95,26.35
2025-12-28,EPD,2.64,53004001000.0,12.07,None,0.575,13.5,,None,334700000,334700000,,,,,,,,,24692600000,2201700000,None,11546225000,11546225000,1004500000,None,1981900000,4876100000,None,None,420777000,,2.16,0.0673,,,,-0.053,-0.0164,663016000,1083793000,0.65,2019-12-31,11.15,5745200000,7117000000.0,710734000,437838000,8362000,3449000000,3449000000,None,230549000,None,2091400000,None,None,25643200000,None,2600200000,419508000,None,None,None,0.134,,47718000,663016000,560700000,6143300000,None,1032400000,None,,,,,2.233,2.36,1.302,,,,,,,,0.109,,41603400000,2025-10-28,annual,0.6336,USD,pre-market,None,None,0.0561,0.197,-0.127,24.47,62266000,27796700000,1981900000,127200000,31.59,31.66,-2.5231,61733200000,7862900000,9129700000,35905700000,53870300000,26776000000,12256959000,24764000000,12.07,None,32.95,26.35
2025-12-28,EPD,2.64,53004001000.0,12.07,None,0.575,13.5,,None,344800000,344800000,,,,,,,,,23802600000,2187000000,None,11546225000,11546225000,1102800000,None,1500100000,3662600000,None,None,420777000,,2.16,0.0673,,,,-0.053,-0.0164,663016000,1083793000,0.65,2018-12-31,11.15,5745200000,7117000000.0,710734000,437838000,8362000,3608400000,3608400000,None,230549000,None,1522100000,None,None,24678100000,None,2615100000,419508000,None,None,None,0.134,,47718000,663016000,531200000,4564600000,None,751600000,None,,,,,2.233,2.36,1.302,,,,,,,,0.109,,38737600000,2025-10-28,annual,0.6336,USD,pre-market,None,None,0.0561,0.197,-0.127,24.47,62266000,26178200000,1500100000,154400000,31.59,31.66,-2.5231,56969800000,6060700000,7167500000,32677600000,50909100000,25510100000,12256959000,23853500000,12.07,None,32.95,26.35
2025-12-28,EPD,2.64,53004001000.0,12.07,None,0.575,13.5,,None,5100000,5100000,,,,,,,,,22718900000,2154300000,None,11546225000,11546225000,801700000,None,2855000000,4360200000,None,None,420777000,,2.16,0.0673,,,,-0.053,-0.0164,663016000,1083793000,0.65,2017-12-31,11.15,5745200000,7117000000.0,710734000,437838000,8362000,3690300000,3690300000,None,230549000,None,1609800000,None,None,21713700000,None,2659400000,419508000,None,None,None,0.134,,47718000,663016000,531300000,5638400000,None,578400000,None,,,,,2.233,2.36,1.302,,,,,,,,0.109,,35620400000,2025-10-28,annual,0.6336,USD,pre-market,None,0,0.0561,0.197,-0.127,24.47,62266000,24568700000,2855000000,153400000,31.59,31.66,-2.5231,54418100000,6506400000,9295100000,31645700000,47911700000,22350600000,12256959000,22547200000,12.07,0,32.95,26.35
2025-12-28,EPD,2.64,53004001000.0,12.07,None,0.575,13.5,,None,63100000,63100000,,,,,,,,,22327000000,2117588000,None,11546225000,11546225000,397700000,None,2576800000,3330600000,None,None,420777000,,2.16,0.0673,,,,-0.053,-0.0164,663016000,1083793000,0.65,2016-12-31,11.15,5745200000,7117000000.0,710734000,437838000,8362000,3864100000,3864100000,None,230549000,None,1770500000,None,None,21120900000,None,2677300000,419508000,None,None,None,0.134,,47718000,663016000,1364000000,5276000000,None,503900000,None,,,,,2.233,2.36,1.302,,,,,,,,0.109,,33292500000,2025-10-28,annual,0.6336,USD,pre-market,None,0,0.0561,0.197,-0.127,24.47,62266000,23697700000,2576800000,541400000,31.59,31.66,-2.5231,52194000000,6528200000,8250500000,29928000000,45665800000,21677500000,12256959000,22047000000,12.07,0,32.95,26.35
2025-12-28,EPD,2.64,53004001000.0,12.07,None,0.575,13.5,,None,19000000,19000000,,,,,,,,,20514300000,2012553000,None,11546225000,11546225000,860100000,None,1863900000,2571100000,None,None,420777000,,2.16,0.0673,,,,-0.053,-0.0164,663016000,1083793000,0.65,2015-12-31,11.15,5745200000,7117000000.0,710734000,437838000,8362000,4037200000,4037200000,None,230549000,None,1038100000,None,None,20826700000,None,2628500000,419508000,None,None,None,0.134,,47718000,663016000,670100000,4442600000,None,411500000,None,,,,,2.233,2.36,1.302,,,,,,,,0.109,,32034700000,2025-10-28,annual,0.6336,USD,pre-market,None,0,0.0561,0.197,-0.127,24.47,62266000,22540800000,1863900000,3200000,31.59,31.66,-2.5231,48802200000,4313000000,7166600000,28301100000,44503900000,21134500000,12256959000,20295100000,12.07,0,32.95,26.35
2025-12-28,EPD,2.64,53004001000.0,12.07,None,0.575,13.5,,None,74400000,74400000,,,,,,,,,18304800000,1937325000,None,11546225000,11546225000,773800000,None,2206400000,3825800000,None,None,420777000,,2.16,0.0673,,,,-0.053,-0.0164,663016000,1083793000,0.65,2014-12-31,11.15,4199900000,7117000000.0,710734000,437838000,8362000,4302100000,4302100000,None,230549000,None,1014200000,None,None,19157400000,None,3042000000,419508000,None,None,None,0.134,,47718000,663016000,576300000,4893500000,None,310800000,None,,,,,2.233,2.36,1.302,,,,,,,,0.109,,29881600000,2025-10-28,annual,0.6336,USD,pre-market,None,0,0.0561,0.197,-0.127,24.47,62266000,21363800000,2206400000,0,31.59,31.66,-2.5231,47201000000,5490700000,7873700000,27508800000,41710300000,19635100000,12256959000,18063200000,12.07,0,32.95,26.35
2025-12-28,EPD,2.64,53004001000.0,12.07,None,0.575,13.5,,None,56900000,56900000,,,,,,,,,15573800000,1871370000,None,11546225000,11546225000,723700000,None,None,5482300000,None,None,420777000,,2.16,0.0673,,,,-0.053,-0.0164,663016000,1083793000,0.65,2013-12-31,11.15,2080000000,7117000000.0,710734000,437838000,8362000,1462200000,1462200000,None,230549000,None,1093100000,None,None,16226500000,None,None,419508000,None,None,None,0.134,,47718000,663016000,391100000,6390000000,None,172300000,None,,,,,2.233,2.36,1.302,,,,,,,,0.109,,26946600000,2025-10-28,annual,0.6336,USD,pre-market,None,0,0.0561,0.197,-0.127,24.47,62266000,17351500000,1125000000,20200000,31.59,31.66,-2.5231,40138700000,7023400000,8238700000,24698300000,33115300000,16459600000,12256959000,15214800000,12.07,0,32.95,26.35
2025-12-28,EPD,2.64,53004001000.0,12.07,None,0.575,13.5,,None,16100000,16100000,,,,,,,,,13558100000,1797627000,None,11546225000,11546225000,891600000,None,None,4353400000,None,None,420777000,,2.16,0.0673,,,,-0.053,-0.0164,663016000,1083793000,0.65,2012-12-31,11.15,2086800000,7117000000.0,710734000,437838000,8362000,1566800000,1566800000,None,230549000,None,1088400000,None,None,14655200000,None,None,419508000,None,None,None,0.134,,47718000,663016000,385200000,5317500000,None,205000000,None,,,,,2.233,2.36,1.302,,,,,,,,0.109,,24846400000,2025-10-28,annual,0.6336,USD,pre-market,None,0,0.0561,0.197,-0.127,24.47,62266000,16201800000,1546600000,19600000,31.59,31.66,-2.5231,35934400000,5843100000,7755700000,22638400000,30091300000,14882700000,12256959000,13187700000,12.07,0,32.95,26.35
2025-12-28,EPD,2.64,53004001000.0,12.07,None,0.575,13.5,,None,19800000,19800000,,,,,,,,,12464800000,1719800000,None,11546225000,11546225000,773000000,None,None,4545300000,None,None,420777000,,2.16,0.0673,,,,-0.053,-0.0164,663016000,1083793000,0.65,2011-12-31,11.15,2092300000,7117000000.0,710734000,437838000,8362000,1656200000,1656200000,None,230549000,None,1111700000,None,None,14029400000,None,None,419508000,None,None,None,0.134,,47718000,663016000,391900000,6159400000,None,352800000,None,,,,,2.233,2.36,1.302,,,,,,,,0.109,,22191600000,2025-10-28,annual,0.6336,USD,pre-market,None,0,0.0561,0.197,-0.127,24.47,62266000,14529400000,500000000,38500000,31.59,31.66,-2.5231,34125100000,6068700000,7432400000,21905800000,28056400000,14473400000,12256959000,12113400000,12.07,0,32.95,26.35
2025-12-28,EPD,2.64,53004001000.0,12.07,None,0.575,13.5,,None,65500000,65500000,,,,,,,,,11406700000,1687363000,None,11546225000,11546225000,675100000,None,None,3836900000,None,None,420777000,,2.16,0.0673,,,,-0.053,-0.0164,663016000,1083793000,0.65,2010-12-31,11.15,2107700000,7117000000.0,710734000,437838000,8362000,1841700000,1841700000,None,230549000,None,1134000000,None,None,13281200000,None,2293100000,419508000,None,None,None,0.134,,47718000,663016000,470900000,4922800000,None,220600000,None,,,,,2.233,2.36,1.302,,,,,,,,0.109,,19332900000,2025-10-28,annual,0.6336,USD,pre-market,None,0,0.0561,0.197,-0.127,24.47,62266000,13563500000,282300000,98700000,31.59,31.66,-2.5231,31360800000,5507100000,5880200000,19460000000,25853700000,13579800000,12256959000,11374200000,12.07,0,32.95,26.35
2025-12-28,EPD,2.64,53004001000.0,12.07,None,0.575,13.5,,None,54700000,54700000,,,,,,,,,1972400000,413400000,None,11546225000,11546225000,480400000,None,None,3137400000,None,None,420777000,,2.16,0.0673,,,,-0.053,-0.0164,663016000,1083793000,0.65,2009-12-31,11.15,2018300000,7117000000.0,710734000,437838000,8362000,1064800000,1064800000,None,230549000,None,711900000,None,None,11346400000,None,890600000,419508000,None,None,None,0.134,,47718000,663016000,229100000,4055600000,None,155200000,None,,,,,2.233,2.36,1.302,,,,,,,,0.109,,17689200000,2025-10-28,annual,0.6336,USD,pre-market,None,0,0.0561,0.197,-0.127,24.47,62266000,11439400000,93000000,113800000,31.59,31.66,-2.5231,26151600000,4246900000,4536000000,16109300000,21904700000,11573300000,12256959000,9512100000,12.07,0,32.95,26.35
2025-12-28,EPD,2.64,53004001000.0,12.07,None,0.575,13.5,,None,61700000,61700000,,,,,,,,,6063100000,875200000,None,11546225000,11546225000,406300000,None,None,2063800000,None,None,420777000,,2.16,0.0673,,,,-0.053,-0.0164,663016000,1083793000,0.65,2008-12-31,11.15,706884000,7117000000.0,710734000,437838000,8362000,855416000,855416000,None,230549000,None,405000000,None,None,9108410000,None,None,419508000,None,None,None,0.134,,47718000,663016000,353600000,2694900000,None,None,None,,,,,2.233,2.36,1.302,,,,,,,,0.109,,13154774000,2025-10-28,annual,0.6336,USD,pre-market,None,None,0.0561,0.197,-0.127,24.47,62266000,11637900000,None,218600000,31.59,31.66,-2.5231,24211600000,3102700000,2223149000,14915700000,21108900000,11814500000,12256959000,5965900000,12.07,None,32.95,26.35
2025-12-28,EPD,2.64,53004001000.0,12.07,None,0.575,13.5,,None,39722000,39722000,,,,,,,,,5976947000,868854000,None,11546225000,11546225000,349431000,None,None,2010544000,None,None,420777000,,2.16,0.0673,,,,-0.053,-0.0164,663016000,1083793000,0.65,2007-12-31,11.15,591652000,7117000000.0,710734000,437838000,8362000,917000000,917000000,None,230549000,None,354282000,None,None,6906145000,None,None,419508000,None,None,None,0.134,,47718000,663016000,133337000,2695252000,None,None,None,,,,,2.233,2.36,1.302,,,,,,,,0.109,,11587264000,2025-10-28,annual,0.6336,USD,pre-market,None,None,0.0561,0.197,-0.127,24.47,62266000,6906145000,None,53144000,31.59,31.66,-2.5231,16608007000,2537885000,3044683000,10045940000,14070122000,7001257000,12256959000,6131649000,12.07,None,32.95,26.35
2025-12-28,EPD,2.64,53004001000.0,12.07,None,0.575,13.5,,None,22619000,22619000,,,,,,,,,6329917000,985500000,None,11546225000,11546225000,283855000,None,None,1323028000,None,None,420777000,,2.16,0.0673,,,,-0.053,-0.0164,663016000,1083793000,0.65,2006-12-31,11.15,590541000,7117000000.0,710734000,437838000,8362000,1003955000,1003955000,None,230549000,None,423844000,None,None,5295590000,None,None,419508000,None,None,None,0.134,,47718000,663016000,152667000,1701066000,None,None,None,,,,,2.233,2.36,1.302,,,,,,,,0.109,,9832547000,2025-10-28,annual,0.6336,USD,pre-market,None,None,0.0561,0.197,-0.127,24.47,62266000,5295590000,None,23667000,31.59,31.66,-2.5231,13989718000,1922158000,1984921000,7380355000,12067560000,5395434000,12256959000,6480233000,12.07,None,32.95,26.35
2025-12-28,EPD,2.64,53004001000.0,12.07,None,0.575,13.5,,None,42098000,42098000,,,,,,,,,5561338000,765926000,None,11546225000,11546225000,289066000,None,None,1454583000,None,None,420777000,,2.16,0.0673,,,,-0.053,-0.0164,663016000,1083793000,0.65,2005-12-31,11.15,494033000,7117000000.0,710734000,437838000,8362000,913626000,913626000,None,230549000,None,339606000,None,None,4833781000,None,None,419508000,None,None,None,0.134,,47718000,663016000,135160000,1601205000,None,None,None,,,,,2.233,2.36,1.302,,,,,,,,0.109,,8689024000,2025-10-28,annual,0.6336,USD,pre-market,None,None,0.0561,0.197,-0.127,24.47,62266000,4833781000,None,14952000,31.59,31.66,-2.5231,12591016000,1971447000,1890271000,6808538000,10619569000,4918267000,12256959000,5679309000,12.07,None,32.95,26.35
2025-12-28,EPD,2.64,53004001000.0,12.07,None,0.575,13.5,1958000000,None,42098000,42098000,-467000000,-1935000000,None,None,-56000000,None,None,None,5561338000,765926000,None,11546225000,11546225000,289066000,None,None,1454583000,None,None,420777000,496000000,2.16,0.0673,1180000000,1180000000,None,-0.053,-0.0164,663016000,1083793000,0.65,2025-09-30,11.15,494033000,7117000000.0,710734000,437838000,8362000,913626000,913626000,None,230549000,None,339606000,None,None,4833781000,None,None,1368000000,None,None,None,0.134,1738000000,47718000,663016000,135160000,1601205000,None,None,None,None,None,None,None,2.233,2.36,1.302,None,None,None,None,None,-80000000,None,0.109,None,8689024000,2025-10-28,quarterly,0.6336,USD,pre-market,None,None,0.0561,0.197,-0.127,24.47,62266000,4833781000,None,14952000,31.59,31.66,-2.5231,12591016000,1971447000,1890271000,6808538000,10619569000,4918267000,12256959000,5679309000,12.07,None,32.95,26.35
2025-12-28,EPD,2.64,53004001000.0,12.07,None,0.575,13.5,1299000000,None,42098000,42098000,-145000000,-1274000000,None,None,-680000000,None,None,None,5561338000,765926000,None,11546225000,11546225000,289066000,None,None,1454583000,None,None,420777000,571000000,2.16,0.0673,1160000000,1160000000,None,-0.053,-0.0164,663016000,1083793000,0.65,2025-06-30,11.15,494033000,7117000000.0,710734000,437838000,8362000,913626000,913626000,None,230549000,None,339606000,None,None,4833781000,None,None,1454000000,None,None,None,0.134,2061000000,47718000,663016000,135160000,1601205000,None,None,None,None,None,None,None,2.233,2.36,1.302,None,None,None,None,None,-110000000,None,0.109,None,8689024000,2025-10-28,quarterly,0.6336,USD,pre-market,None,None,0.0561,0.197,-0.127,24.47,62266000,4833781000,None,14952000,31.59,31.66,-2.5231,12591016000,1971447000,1890271000,6808538000,10619569000,4918267000,12256959000,5679309000,12.07,None,32.95,26.35
2025-12-28,EPD,2.64,53004001000.0,12.07,None,0.575,13.5,1062000000,None,42098000,42098000,-1651000000,-1047000000,None,None,736000000,None,None,None,5561338000,765926000,None,11546225000,11546225000,289066000,None,None,1454583000,None,None,420777000,653000000,2.16,0.0673,1159000000,1159000000,None,-0.053,-0.0164,663016000,1083793000,0.65,2025-03-31,11.15,494033000,7117000000.0,710734000,437838000,8362000,913626000,913626000,None,230549000,None,339606000,None,None,4833781000,None,None,1394000000,None,None,None,0.134,2314000000,47718000,663016000,135160000,1601205000,None,None,None,None,None,None,None,2.233,2.36,1.302,None,None,None,None,None,-60000000,None,0.109,None,8689024000,2025-10-28,quarterly,0.6336,USD,pre-market,None,None,0.0561,0.197,-0.127,24.47,62266000,4833781000,None,14952000,31.59,31.66,-2.5231,12591016000,1971447000,1890271000,6808538000,10619569000,4918267000,12256959000,5679309000,12.07,None,32.95,26.35
2025-12-28,EPD,2.64,53004001000.0,12.07,None,0.575,13.5,1059000000,None,42098000,42098000,-1193000000,-2000000000,None,None,-630000000,None,None,None,5561338000,765926000,None,11546225000,11546225000,289066000,None,None,1454583000,None,None,420777000,655000000,2.16,0.0673,1138000000,1138000000,None,-0.053,-0.0164,663016000,1083793000,0.65,2024-12-31,11.15,494033000,7117000000.0,710734000,437838000,8362000,913626000,913626000,None,230549000,None,339606000,None,None,4833781000,None,None,1620000000,None,None,None,0.134,2358000000,47718000,663016000,135160000,1601205000,None,None,None,None,None,None,None,2.233,2.36,1.302,None,None,None,None,None,-63000000,None,0.109,None,8689024000,2025-10-28,quarterly,0.6336,USD,pre-market,None,None,0.0561,0.197,-0.127,24.47,62266000,4833781000,None,14952000,31.59,31.66,-2.5231,12591016000,1971447000,1890271000,6808538000,10619569000,4918267000,12256959000,5679309000,12.07,None,32.95,26.35
2025-12-28,EPD,2.64,53004001000.0,12.07,None,0.575,13.5,1174000000,None,42098000,42098000,319000000,-1152000000,None,None,43000000,None,None,None,5561338000,765926000,None,11546225000,11546225000,289066000,None,None,1454583000,None,None,420777000,552000000,2.16,0.0673,1139000000,1139000000,None,-0.053,-0.0164,663016000,1083793000,0.65,2024-09-30,11.15,494033000,7117000000.0,710734000,437838000,8362000,913626000,913626000,None,230549000,None,339606000,None,None,4833781000,None,None,1501000000,None,None,None,0.134,2072000000,47718000,663016000,135160000,1601205000,None,None,None,None,None,None,None,2.233,2.36,1.302,None,None,None,None,None,-76000000,None,0.109,None,8689024000,2025-10-28,quarterly,0.6336,USD,pre-market,None,None,0.0561,0.197,-0.127,24.47,62266000,4833781000,None,14952000,31.59,31.66,-2.5231,12591016000,1971447000,1890271000,6808538000,10619569000,4918267000,12256959000,5679309000,12.07,None,32.95,26.35
2025-12-28,EPD,2.64,53004001000.0,12.07,None,0.575,13.5,1264000000,None,42098000,42098000,-281000000,-1243000000,None,None,-12000000,None,None,None,5561338000,765926000,None,11546225000,11546225000,289066000,None,None,1454583000,None,None,420777000,622000000,2.16,0.0673,1118000000,1118000000,None,-0.053,-0.0164,663016000,1083793000,0.65,2024-06-30,11.15,494033000,7117000000.0,710734000,437838000,8362000,913626000,913626000,None,230549000,None,339606000,None,None,4833781000,None,None,1393000000,None,None,None,0.134,1574000000,47718000,663016000,135160000,1601205000,None,None,None,None,None,None,None,2.233,2.36,1.302,None,None,None,None,None,-40000000,None,0.109,None,8689024000,2025-10-28,quarterly,0.6336,USD,pre-market,None,None,0.0561,0.197,-0.127,24.47,62266000,4833781000,None,14952000,31.59,31.66,-2.5231,12591016000,1971447000,1890271000,6808538000,10619569000,4918267000,12256959000,5679309000,12.07,None,32.95,26.35
2025-12-28,EPD,2.64,53004001000.0,12.07,None,0.575,13.5,1047000000,None,42098000,42098000,-1009000000,-1038000000,None,None,1000000,None,None,None,5561338000,765926000,None,11546225000,11546225000,289066000,None,None,1454583000,None,None,420777000,626000000,2.16,0.0673,1117000000,1117000000,None,-0.053,-0.0164,663016000,1083793000,0.65,2024-03-31,11.15,494033000,7117000000.0,710734000,437838000,8362000,913626000,913626000,None,230549000,None,339606000,None,None,4833781000,None,None,1457000000,None,None,None,0.134,2111000000,47718000,663016000,135160000,1601205000,None,None,None,None,None,None,None,2.233,2.36,1.302,None,None,None,None,None,-40000000,None,0.109,None,8689024000,2025-10-28,quarterly,0.6336,USD,pre-market,None,None,0.0561,0.197,-0.127,24.47,62266000,4833781000,None,14952000,31.59,31.66,-2.5231,12591016000,1971447000,1890271000,6808538000,10619569000,4918267000,12256959000,5679309000,12.07,None,32.95,26.35
2025-12-28,EPD,2.64,53004001000.0,12.07,None,0.575,13.5,1012000000,None,42098000,42098000,-1383000000,-977000000,None,None,52000000,None,None,None,5561338000,765926000,None,11546225000,11546225000,289066000,None,None,1454583000,None,None,420777000,548000000,2.16,0.0673,1086000000,1086000000,None,-0.053,-0.0164,663016000,1083793000,0.65,2023-12-31,11.15,494033000,7117000000.0,710734000,437838000,8362000,913626000,913626000,None,230549000,None,339606000,None,None,4833781000,None,None,1602000000,None,None,None,0.134,2366000000,47718000,663016000,135160000,1601205000,None,None,None,None,None,None,None,2.233,2.36,1.302,None,None,None,None,None,-96000000,None,0.109,None,8689024000,2025-10-28,quarterly,0.6336,USD,pre-market,None,None,0.0561,0.197,-0.127,24.47,62266000,4833781000,None,14952000,31.59,31.66,-2.5231,12591016000,1971447000,1890271000,6808538000,10619569000,4918267000,12256959000,5679309000,12.07,None,32.95,26.35
2025-12-28,EPD,2.64,53004001000.0,12.07,None,0.575,13.5,821000000,None,42098000,42098000,-863000000,-2220000000,None,None,-828000000,None,None,None,5561338000,765926000,None,11546225000,11546225000,289066000,None,None,1454583000,None,None,420777000,617000000,2.16,0.0673,1086000000,1086000000,None,-0.053,-0.0164,663016000,1083793000,0.65,2023-09-30,11.15,494033000,7117000000.0,710734000,437838000,8362000,913626000,913626000,None,230549000,None,339606000,None,None,4833781000,None,None,1319000000,None,None,None,0.134,1718000000,47718000,663016000,135160000,1601205000,None,None,None,None,None,None,None,2.233,2.36,1.302,None,None,None,None,None,-92000000,None,0.109,None,8689024000,2025-10-28,quarterly,0.6336,USD,pre-market,None,None,0.0561,0.197,-0.127,24.47,62266000,4833781000,None,14952000,31.59,31.66,-2.5231,12591016000,1971447000,1890271000,6808538000,10619569000,4918267000,12256959000,5679309000,12.07,None,32.95,26.35
2025-12-28,EPD,2.64,53004001000.0,12.07,None,0.575,13.5,780000000,None,42098000,42098000,1136000000,-765000000,1000000,None,-300000000,None,None,None,5561338000,765926000,None,11546225000,11546225000,289066000,None,None,1454583000,None,None,420777000,510000000,2.16,0.0673,1065000000,1065000000,None,-0.053,-0.0164,663016000,1083793000,0.65,2023-06-30,11.15,494033000,7117000000.0,710734000,437838000,8362000,913626000,913626000,None,230549000,None,339606000,None,None,4833781000,None,None,1283000000,None,None,None,0.134,1902000000,47718000,663016000,135160000,1601205000,None,None,None,None,None,None,None,2.233,2.36,1.302,None,None,None,None,None,-75000000,None,0.109,None,8689024000,2025-10-28,quarterly,0.6336,USD,pre-market,None,None,0.0561,0.197,-0.127,24.47,62266000,4833781000,None,14952000,31.59,31.66,-2.5231,12591016000,1971447000,1890271000,6808538000,10619569000,4918267000,12256959000,5679309000,12.07,None,32.95,26.35
2025-12-28,EPD,2.64,53004001000.0,12.07,None,0.575,13.5,653000000,None,42098000,42098000,-876000000,-637000000,70000000,None,362000000,None,None,None,5561338000,765926000,None,11546225000,11546225000,289066000,None,None,1454583000,None,None,420777000,496000000,2.16,0.0673,1064000000,1064000000,None,-0.053,-0.0164,663016000,1083793000,0.65,2023-03-31,11.15,494033000,7117000000.0,710734000,437838000,8362000,913626000,913626000,None,230549000,None,339606000,None,None,4833781000,None,None,1422000000,None,None,None,0.134,1583000000,47718000,663016000,135160000,1601205000,None,None,None,None,None,None,None,2.233,2.36,1.302,None,None,None,None,None,-17000000,None,0.109,None,8689024000,2025-10-28,quarterly,0.6336,USD,pre-market,None,None,0.0561,0.197,-0.127,24.47,62266000,4833781000,None,14952000,31.59,31.66,-2.5231,12591016000,1971447000,1890271000,6808538000,10619569000,4918267000,12256959000,5679309000,12.07,None,32.95,26.35
2025-12-28,EPD,2.64,53004001000.0,12.07,None,0.575,13.5,761000000,None,42098000,42098000,-2129000000,-4954000000,None,None,606000000,None,None,None,5561338000,765926000,None,11546225000,11546225000,289066000,None,None,1454583000,None,None,420777000,506000000,2.16,0.0673,1034000000,1034000000,None,-0.053,-0.0164,663016000,1083793000,0.65,2022-12-31,11.15,494033000,7117000000.0,710734000,437838000,8362000,913626000,913626000,None,230549000,None,339606000,None,None,4833781000,None,None,1452000000,None,None,None,0.134,2725000000,47718000,663016000,135160000,1601205000,None,None,None,None,None,None,None,2.233,2.36,1.302,None,None,None,None,None,-143000000,None,0.109,None,8689024000,2025-10-28,quarterly,0.6336,USD,pre-market,None,None,0.0561,0.197,-0.127,24.47,62266000,4833781000,None,14952000,31.59,31.66,-2.5231,12591016000,1971447000,1890271000,6808538000,10619569000,4918267000,12256959000,5679309000,12.07,None,32.95,26.35
2025-12-28,EPD,2.64,53004001000.0,12.07,None,0.575,13.5,472000000,None,42098000,42098000,-751000000,-441000000,-142000000,None,-8000000,None,None,None,5561338000,765926000,None,11546225000,11546225000,289066000,None,None,1454583000,None,None,420777000,499000000,2.16,0.0673,1035000000,1035000000,None,-0.053,-0.0164,663016000,1083793000,0.65,2022-09-30,11.15,494033000,7117000000.0,710734000,437838000,8362000,913626000,913626000,None,230549000,None,339606000,None,None,4833781000,None,None,1392000000,None,None,None,0.134,1050000000,47718000,663016000,135160000,1601205000,None,None,None,None,None,None,None,2.233,2.36,1.302,None,None,None,None,None,-72000000,None,0.109,None,8689024000,2025-10-28,quarterly,0.6336,USD,pre-market,None,None,0.0561,0.197,-0.127,24.47,62266000,4833781000,None,14952000,31.59,31.66,-2.5231,12591016000,1971447000,1890271000,6808538000,10619569000,4918267000,12256959000,5679309000,12.07,None,32.95,26.35
2025-12-28,EPD,2.64,53004001000.0,12.07,None,0.575,13.5,382000000,None,42098000,42098000,-1839000000,-336000000,-56000000,None,-532000000,None,None,None,5561338000,765926000,None,11546225000,11546225000,289066000,None,None,1454583000,None,None,420777000,580000000,2.16,0.0673,1014000000,1014000000,None,-0.053,-0.0164,663016000,1083793000,0.65,2022-06-30,11.15,494033000,7117000000.0,710734000,437838000,8362000,913626000,913626000,None,230549000,None,339606000,None,None,4833781000,None,None,1440000000,None,None,None,0.134,2119000000,47718000,663016000,135160000,1601205000,None,None,None,None,None,None,None,2.233,2.36,1.302,None,None,None,None,None,-35000000,None,0.109,None,8689024000,2025-10-28,quarterly,0.6336,USD,pre-market,None,None,0.0561,0.197,-0.127,24.47,62266000,4833781000,None,14952000,31.59,31.66,-2.5231,12591016000,1971447000,1890271000,6808538000,10619569000,4918267000,12256959000,5679309000,12.07,None,32.95,26.35
2025-12-28,EPD,2.64,53004001000.0,12.07,None,0.575,13.5,349000000,None,42098000,42098000,-1125000000,-3532000000,-2512000000,None,65000000,None,None,None,5561338000,765926000,None,11546225000,11546225000,289066000,None,None,1454583000,None,None,420777000,564000000,2.16,0.0673,1012000000,1012000000,None,-0.053,-0.0164,663016000,1083793000,0.65,2022-03-31,11.15,494033000,7117000000.0,710734000,437838000,8362000,913626000,913626000,None,230549000,None,339606000,None,None,4833781000,None,None,1331000000,None,None,None,0.134,2145000000,47718000,663016000,135160000,1601205000,None,None,None,None,None,None,None,2.233,2.36,1.302,None,None,None,None,None,2000000,None,0.109,None,8689024000,2025-10-28,quarterly,0.6336,USD,pre-market,None,None,0.0561,0.197,-0.127,24.47,62266000,4833781000,None,14952000,31.59,31.66,-2.5231,12591016000,1971447000,1890271000,6808538000,10619569000,4918267000,12256959000,5679309000,12.07,None,32.95,26.35
2025-12-28,EPD,2.64,53004001000.0,12.07,None,0.575,13.5,417500000,None,42098000,42098000,-1105500000,-413100000,606600000,None,347100000,None,None,None,5561338000,765926000,None,11546225000,11546225000,289066000,None,None,1454583000,None,None,420777000,558000000,2.16,0.0673,981900000,981900000,None,-0.053,-0.0164,663016000,1083793000,0.65,2021-12-31,11.15,494033000,7117000000.0,710734000,437838000,8362000,913626000,913626000,None,230549000,None,339606000,None,None,4833781000,None,None,1146900000,None,None,None,0.134,2125200000,47718000,663016000,135160000,1601205000,None,None,None,None,None,None,None,2.233,2.36,1.302,None,None,None,None,None,-125100000,None,0.109,None,8689024000,2025-10-28,quarterly,0.6336,USD,pre-market,None,None,0.0561,0.197,-0.127,24.47,62266000,4833781000,None,14952000,31.59,31.66,-2.5231,12591016000,1971447000,1890271000,6808538000,10619569000,4918267000,12256959000,5679309000,12.07,None,32.95,26.35
2025-12-28,EPD,2.64,53004001000.0,12.07,None,0.575,13.5,504500000,None,42098000,42098000,-130400000,-492800000,1747100000,None,276700000,None,None,None,5561338000,765926000,None,11546225000,11546225000,289066000,None,None,1454583000,None,None,420777000,537200000,2.16,0.0673,983500000,983500000,None,-0.053,-0.0164,663016000,1083793000,0.65,2021-09-30,11.15,494033000,7117000000.0,710734000,437838000,8362000,913626000,913626000,None,230549000,None,339606000,None,None,4833781000,None,None,1144700000,None,None,None,0.134,2370300000,47718000,663016000,135160000,1601205000,None,None,None,None,None,None,None,2.233,2.36,1.302,None,None,None,None,None,-75000000,None,0.109,None,8689024000,2025-10-28,quarterly,0.6336,USD,pre-market,None,None,0.0561,0.197,-0.127,24.47,62266000,4833781000,None,14952000,31.59,31.66,-2.5231,12591016000,1971447000,1890271000,6808538000,10619569000,4918267000,12256959000,5679309000,12.07,None,32.95,26.35
2025-12-28,EPD,2.64,53004001000.0,12.07,None,0.575,13.5,622200000,None,42098000,42098000,-1145600000,-572000000,276600000,None,339200000,None,None,None,5561338000,765926000,None,11546225000,11546225000,289066000,None,None,1454583000,None,None,420777000,544000000,2.16,0.0673,983300000,983300000,None,-0.053,-0.0164,663016000,1083793000,0.65,2021-06-30,11.15,494033000,7117000000.0,710734000,437838000,8362000,913626000,913626000,None,230549000,None,339606000,None,None,4833781000,None,None,1146000000,None,None,None,0.134,1993900000,47718000,663016000,135160000,1601205000,None,None,None,None,None,None,None,2.233,2.36,1.302,None,None,None,None,None,-13000000,None,0.109,None,8689024000,2025-10-28,quarterly,0.6336,USD,pre-market,None,None,0.0561,0.197,-0.127,24.47,62266000,4833781000,None,14952000,31.59,31.66,-2.5231,12591016000,1971447000,1890271000,6808538000,10619569000,4918267000,12256959000,5679309000,12.07,None,32.95,26.35
2025-12-28,EPD,2.64,53004001000.0,12.07,None,0.575,13.5,679000000,None,42098000,42098000,-2189800000,-675600000,-823700000,None,-95700000,None,None,None,5561338000,765926000,None,11546225000,11546225000,289066000,None,None,1454583000,None,None,420777000,531700000,2.16,0.0673,981700000,981700000,None,-0.053,-0.0164,663016000,1083793000,0.65,2021-03-31,11.15,494033000,7117000000.0,710734000,437838000,8362000,913626000,913626000,None,230549000,None,339606000,None,None,4833781000,None,None,1330300000,None,None,None,0.134,2041700000,47718000,663016000,135160000,1601205000,None,None,None,None,None,None,None,2.233,2.36,1.302,None,None,None,None,None,-14000000,None,0.109,None,8689024000,2025-10-28,quarterly,0.6336,USD,pre-market,None,None,0.0561,0.197,-0.127,24.47,62266000,4833781000,None,14952000,31.59,31.66,-2.5231,12591016000,1971447000,1890271000,6808538000,10619569000,4918267000,12256959000,5679309000,12.07,None,32.95,26.35
2025-12-28,EPD,2.64,53004001000.0,12.07,None,0.575,13.5,616300000,None,42098000,42098000,-1016400000,-556500000,27000000,None,-357200000,None,None,None,5561338000,765926000,None,11546225000,11546225000,289066000,None,None,1454583000,None,None,420777000,526800000,2.16,0.0673,971400000,971400000,None,-0.053,-0.0164,663016000,1083793000,0.65,2020-12-31,11.15,494033000,7117000000.0,710734000,437838000,8362000,913626000,913626000,None,230549000,None,339606000,None,None,4833781000,None,None,365900000,None,None,None,0.134,1599900000,47718000,663016000,135160000,1601205000,None,None,None,None,None,None,None,2.233,2.36,1.302,None,None,None,None,None,-12500000,None,0.109,None,8689024000,2025-10-28,quarterly,0.6336,USD,pre-market,None,None,0.0561,0.197,-0.127,24.47,62266000,4833781000,None,14952000,31.59,31.66,-2.5231,12591016000,1971447000,1890271000,6808538000,10619569000,4918267000,12256959000,5679309000,12.07,None,32.95,26.35
2025-12-28,EPD,2.64,53004001000.0,12.07,None,0.575,13.5,695700000,None,42098000,42098000,-769600000,-633700000,-305500000,None,-1224600000,None,None,None,5561338000,765926000,None,11546225000,11546225000,289066000,None,None,1454583000,None,None,420777000,523200000,2.16,0.0673,972700000,972700000,None,-0.053,-0.0164,663016000,1083793000,0.65,2020-09-30,11.15,494033000,7117000000.0,710734000,437838000,8362000,913626000,913626000,None,230549000,None,339606000,None,None,4833781000,None,None,1084000000,None,None,None,0.134,1097800000,47718000,663016000,135160000,1601205000,None,None,None,None,None,None,None,2.233,2.36,1.302,None,None,None,None,None,-33700000,None,0.109,None,8689024000,2025-10-28,quarterly,0.6336,USD,pre-market,None,None,0.0561,0.197,-0.127,24.47,62266000,4833781000,None,14952000,31.59,31.66,-2.5231,12591016000,1971447000,1890271000,6808538000,10619569000,4918267000,12256959000,5679309000,12.07,None,32.95,26.35
2025-12-28,EPD,2.64,53004001000.0,12.07,None,0.575,13.5,896400000,None,42098000,42098000,-1001800000,-858800000,-679000000,None,-346300000,None,None,None,5561338000,765926000,None,11546225000,11546225000,289066000,None,None,1454583000,None,None,420777000,532500000,2.16,0.0673,972700000,972700000,None,-0.053,-0.0164,663016000,1083793000,0.65,2020-06-30,11.15,494033000,7117000000.0,710734000,437838000,8362000,913626000,913626000,None,230549000,None,339606000,None,None,4833781000,None,None,1027200000,None,None,None,0.134,1181600000,47718000,663016000,135160000,1601205000,None,None,None,None,None,None,None,2.233,2.36,1.302,None,None,None,None,None,14500000,None,0.109,None,8689024000,2025-10-28,quarterly,0.6336,USD,pre-market,None,None,0.0561,0.197,-0.127,24.47,62266000,4833781000,None,14952000,31.59,31.66,-2.5231,12591016000,1971447000,1890271000,6808538000,10619569000,4918267000,12256959000,5679309000,12.07,None,32.95,26.35
2025-12-28,EPD,2.64,53004001000.0,12.07,None,0.575,13.5,1079500000,None,42098000,42098000,765100000,-1071700000,1705600000,None,507700000,None,None,None,5561338000,765926000,None,11546225000,11546225000,289066000,None,None,1454583000,None,None,420777000,519000000,2.16,0.0673,974200000,974200000,None,-0.053,-0.0164,663016000,1083793000,0.65,2020-03-31,11.15,494033000,7117000000.0,710734000,437838000,8362000,913626000,913626000,None,230549000,None,339606000,None,None,4833781000,None,None,1340200000,None,None,None,0.134,2012200000,47718000,663016000,135160000,1601205000,None,None,None,None,None,None,None,2.233,2.36,1.302,None,None,None,None,None,-140100000,None,0.109,None,8689024000,2025-10-28,quarterly,0.6336,USD,pre-market,None,None,0.0561,0.197,-0.127,24.47,62266000,4833781000,None,14952000,31.59,31.66,-2.5231,12591016000,1971447000,1890271000,6808538000,10619569000,4918267000,12256959000,5679309000,12.07,None,32.95,26.35
2025-12-28,EPD,2.64,53004001000.0,12.07,None,0.575,13.5,1229600000,None,42098000,42098000,-1289400000,-1202700000,-797800000,None,-513800000,None,None,None,5561338000,765926000,None,11546225000,11546225000,289066000,None,None,1454583000,None,None,420777000,492600000,2.16,0.0673,968700000,968700000,None,-0.053,-0.0164,663016000,1083793000,0.65,2019-12-31,11.15,494033000,7117000000.0,710734000,437838000,8362000,913626000,913626000,None,230549000,None,339606000,None,None,4833781000,None,None,1125400000,None,None,None,0.134,1694300000,47718000,663016000,135160000,1601205000,None,None,None,None,None,None,None,2.233,2.36,1.302,None,None,None,None,None,81100000,None,0.109,None,8689024000,2025-10-28,quarterly,0.6336,USD,pre-market,None,None,0.0561,0.197,-0.127,24.47,62266000,4833781000,None,14952000,31.59,31.66,-2.5231,12591016000,1971447000,1890271000,6808538000,10619569000,4918267000,12256959000,5679309000,12.07,None,32.95,26.35
2025-12-28,EPD,2.64,53004001000.0,12.07,None,0.575,13.5,1041300000,None,42098000,42098000,544300000,-1086300000,1100500000,None,12200000,None,None,None,5561338000,765926000,None,11546225000,11546225000,289066000,None,None,1454583000,None,None,420777000,493600000,2.16,0.0673,963200000,963200000,None,-0.053,-0.0164,663016000,1083793000,0.65,2019-09-30,11.15,494033000,7117000000.0,710734000,437838000,8362000,913626000,913626000,None,230549000,None,339606000,None,None,4833781000,None,None,1044800000,None,None,None,0.134,1642500000,47718000,663016000,135160000,1601205000,None,None,None,None,None,None,None,2.233,2.36,1.302,None,None,None,None,None,491200000,None,0.109,None,8689024000,2025-10-28,quarterly,0.6336,USD,pre-market,None,None,0.0561,0.197,-0.127,24.47,62266000,4833781000,None,14952000,31.59,31.66,-2.5231,12591016000,1971447000,1890271000,6808538000,10619569000,4918267000,12256959000,5679309000,12.07,None,32.95,26.35
2025-12-28,EPD,2.64,53004001000.0,12.07,None,0.575,13.5,1111900000,None,42098000,42098000,-911500000,-1112000000,-200000,None,28100000,None,None,None,5561338000,765926000,None,11546225000,11546225000,289066000,None,None,1454583000,None,None,420777000,488600000,2.16,0.0673,957500000,957500000,None,-0.053,-0.0164,663016000,1083793000,0.65,2019-06-30,11.15,494033000,7117000000.0,710734000,437838000,8362000,913626000,913626000,None,230549000,None,339606000,None,None,4833781000,None,None,1236500000,None,None,None,0.134,2023300000,47718000,663016000,135160000,1601205000,None,None,None,None,None,None,None,2.233,2.36,1.302,None,None,None,None,None,-29500000,None,0.109,None,8689024000,2025-10-28,quarterly,0.6336,USD,pre-market,None,None,0.0561,0.197,-0.127,24.47,62266000,4833781000,None,14952000,31.59,31.66,-2.5231,12591016000,1971447000,1890271000,6808538000,10619569000,4918267000,12256959000,5679309000,12.07,None,32.95,26.35
2025-12-28,EPD,2.64,53004001000.0,12.07,None,0.575,13.5,1148900000,None,42098000,42098000,-288500000,-1174500000,-302600000,None,-84500000,None,None,None,5561338000,765926000,None,11546225000,11546225000,289066000,None,None,1454583000,None,None,420777000,474500000,2.16,0.0673,950400000,950400000,None,-0.053,-0.0164,663016000,1083793000,0.65,2019-03-31,11.15,494033000,7117000000.0,710734000,437838000,8362000,913626000,913626000,None,230549000,None,339606000,None,None,4833781000,None,None,1280400000,None,None,None,0.134,1160400000,47718000,663016000,135160000,1601205000,None,None,None,None,None,None,None,2.233,2.36,1.302,None,None,None,None,None,-51600000,None,0.109,None,8689024000,2025-10-28,quarterly,0.6336,USD,pre-market,None,None,0.0561,0.197,-0.127,24.47,62266000,4833781000,None,14952000,31.59,31.66,-2.5231,12591016000,1971447000,1890271000,6808538000,10619569000,4918267000,12256959000,5679309000,12.07,None,32.95,26.35
2025-12-28,EPD,2.64,53004001000.0,12.07,None,0.575,13.5,1219000000,None,42098000,42098000,-621200000,-1098800000,131000000,None,595600000,None,None,None,5561338000,765926000,None,11546225000,11546225000,289066000,None,None,1454583000,None,None,420777000,431100000,2.16,0.0673,944000000,944000000,None,-0.053,-0.0164,663016000,1083793000,0.65,2018-12-31,11.15,494033000,7117000000.0,710734000,437838000,8362000,913626000,913626000,None,230549000,None,339606000,None,None,4833781000,None,None,1305200000,None,None,None,0.134,1851000000,47718000,663016000,135160000,1601205000,None,None,None,None,None,None,None,2.233,2.36,1.302,None,None,None,None,None,-30800000,None,0.109,None,8689024000,2025-10-28,quarterly,0.6336,USD,pre-market,None,None,0.0561,0.197,-0.127,24.47,62266000,4833781000,None,14952000,31.59,31.66,-2.5231,12591016000,1971447000,1890271000,6808538000,10619569000,4918267000,12256959000,5679309000,12.07,None,32.95,26.35
2025-12-28,EPD,2.64,53004001000.0,12.07,None,0.575,13.5,1083100000,None,42098000,42098000,-546700000,-1093200000,-62400000,None,-491800000,None,None,None,5561338000,765926000,None,11546225000,11546225000,289066000,None,None,1454583000,None,None,420777000,457000000,2.16,0.0673,935600000,935600000,None,-0.053,-0.0164,663016000,1083793000,0.65,2018-09-30,11.15,494033000,7117000000.0,710734000,437838000,8362000,913626000,913626000,None,230549000,None,339606000,None,None,4833781000,None,None,1334600000,None,None,None,0.134,1577500000,47718000,663016000,135160000,1601205000,None,None,None,None,None,None,None,2.233,2.36,1.302,None,None,None,None,None,28519900000,None,0.109,None,8689024000,2025-10-28,quarterly,0.6336,USD,pre-market,None,None,0.0561,0.197,-0.127,24.47,62266000,4833781000,None,14952000,31.59,31.66,-2.5231,12591016000,1971447000,1890271000,6808538000,10619569000,4918267000,12256959000,5679309000,12.07,None,32.95,26.35
2025-12-28,EPD,2.64,53004001000.0,12.07,None,0.575,13.5,974600000,None,42098000,42098000,-367800000,-970500000,125900000,None,37100000,None,None,None,5561338000,765926000,None,11546225000,11546225000,289066000,None,None,1454583000,None,None,420777000,447900000,2.16,0.0673,928800000,928800000,None,-0.053,-0.0164,663016000,1083793000,0.65,2018-06-30,11.15,494033000,7117000000.0,710734000,437838000,8362000,913626000,913626000,None,230549000,None,339606000,None,None,4833781000,None,None,687200000,None,None,None,0.134,1464200000,47718000,663016000,135160000,1601205000,None,None,None,None,None,None,None,2.233,2.36,1.302,None,None,None,None,None,22282600000,None,0.109,None,8689024000,2025-10-28,quarterly,0.6336,USD,pre-market,None,None,0.0561,0.197,-0.127,24.47,62266000,4833781000,None,14952000,31.59,31.66,-2.5231,12591016000,1971447000,1890271000,6808538000,10619569000,4918267000,12256959000,5679309000,12.07,None,32.95,26.35
2025-12-28,EPD,2.64,53004001000.0,12.07,None,0.575,13.5,946500000,None,42098000,42098000,30800000,-1119100000,145300000,None,-19500000,None,None,None,5561338000,765926000,None,11546225000,11546225000,289066000,None,None,1454583000,None,None,420777000,425900000,2.16,0.0673,918500000,918500000,None,-0.053,-0.0164,663016000,1083793000,0.65,2018-03-31,11.15,494033000,7117000000.0,710734000,437838000,8362000,913626000,913626000,None,230549000,None,339606000,None,None,4833781000,None,None,911500000,None,None,None,0.134,1233600000,47718000,663016000,135160000,1601205000,None,None,None,None,None,None,None,2.233,2.36,1.302,None,None,None,None,None,16283800000,None,0.109,None,8689024000,2025-10-28,quarterly,0.6336,USD,pre-market,None,None,0.0561,0.197,-0.127,24.47,62266000,4833781000,None,14952000,31.59,31.66,-2.5231,12591016000,1971447000,1890271000,6808538000,10619569000,4918267000,12256959000,5679309000,12.07,None,32.95,26.35
2025-12-28,EPD,2.64,53004001000.0,12.07,None,0.575,13.5,993500000,None,42098000,42098000,-893600000,-1269900000,-317100000,None,287300000,None,None,None,5561338000,765926000,None,11546225000,11546225000,289066000,None,None,1454583000,None,None,420777000,422600000,2.16,0.0673,909500000,909500000,None,-0.053,-0.0164,663016000,1083793000,0.65,2017-12-31,11.15,494033000,7117000000.0,710734000,437838000,8362000,913626000,913626000,None,230549000,None,339606000,None,None,4833781000,None,None,797300000,None,None,None,0.134,1846400000,47718000,663016000,135160000,1601205000,None,None,None,None,None,None,None,2.233,2.36,1.302,None,None,None,None,None,16164900000,None,0.109,None,8689024000,2025-10-28,quarterly,0.6336,USD,pre-market,None,None,0.0561,0.197,-0.127,24.47,62266000,4833781000,None,14952000,31.59,31.66,-2.5231,12591016000,1971447000,1890271000,6808538000,10619569000,4918267000,12256959000,5679309000,12.07,None,32.95,26.35
2025-12-28,EPD,2.64,53004001000.0,12.07,None,0.575,13.5,1011700000,None,42098000,42098000,556000000,-1036700000,4300000,None,-327000000,None,None,None,5561338000,765926000,None,11546225000,11546225000,289066000,None,None,1454583000,None,None,420777000,412600000,2.16,0.0673,902600000,902600000,None,-0.053,-0.0164,663016000,1083793000,0.65,2017-09-30,11.15,494033000,7117000000.0,710734000,437838000,8362000,913626000,913626000,None,230549000,None,339606000,None,None,4833781000,None,None,621300000,None,None,None,0.134,485000000,47718000,663016000,135160000,1601205000,None,None,None,None,None,None,None,2.233,2.36,1.302,None,None,None,None,None,19842600000,None,0.109,None,8689024000,2025-10-28,quarterly,0.6336,USD,pre-market,None,None,0.0561,0.197,-0.127,24.47,62266000,4833781000,None,14952000,31.59,31.66,-2.5231,12591016000,1971447000,1890271000,6808538000,10619569000,4918267000,12256959000,5679309000,12.07,None,32.95,26.35
2025-12-28,EPD,2.64,53004001000.0,12.07,None,0.575,13.5,696700000,None,42098000,42098000,-647800000,-845300000,-33800000,None,306200000,None,None,None,5561338000,765926000,None,11546225000,11546225000,289066000,None,None,1454583000,None,None,420777000,406500000,2.16,0.0673,888800000,888800000,None,-0.053,-0.0164,663016000,1083793000,0.65,2017-06-30,11.15,494033000,7117000000.0,710734000,437838000,8362000,913626000,913626000,None,230549000,None,339606000,None,None,4833781000,None,None,666000000,None,None,None,0.134,1459300000,47718000,663016000,135160000,1601205000,None,None,None,None,None,None,None,2.233,2.36,1.302,None,None,None,None,None,15732700000,None,0.109,None,8689024000,2025-10-28,quarterly,0.6336,USD,pre-market,None,None,0.0561,0.197,-0.127,24.47,62266000,4833781000,None,14952000,31.59,31.66,-2.5231,12591016000,1971447000,1890271000,6808538000,10619569000,4918267000,12256959000,5679309000,12.07,None,32.95,26.35
2025-12-28,EPD,2.64,53004001000.0,12.07,None,0.575,13.5,446000000,None,42098000,42098000,-742100000,-134200000,-700000,None,-71900000,None,None,None,5561338000,765926000,None,11546225000,11546225000,289066000,None,None,1454583000,None,None,420777000,402300000,2.16,0.0673,869000000,869000000,None,-0.053,-0.0164,663016000,1083793000,0.65,2017-03-31,11.15,494033000,7117000000.0,710734000,437838000,8362000,913626000,913626000,None,230549000,None,339606000,None,None,4833781000,None,None,771000000,None,None,None,0.134,875600000,47718000,663016000,135160000,1601205000,None,None,None,None,None,None,None,2.233,2.36,1.302,None,None,None,None,None,17575100000,None,0.109,None,8689024000,2025-10-28,quarterly,0.6336,USD,pre-market,None,None,0.0561,0.197,-0.127,24.47,62266000,4833781000,None,14952000,31.59,31.66,-2.5231,12591016000,1971447000,1890271000,6808538000,10619569000,4918267000,12256959000,5679309000,12.07,None,32.95,26.35
2025-12-28,EPD,2.64,53004001000.0,12.07,None,0.575,13.5,581200000,None,42098000,42098000,-753100000,-648700000,6000000,None,-170200000,None,None,None,5561338000,765926000,None,11546225000,11546225000,289066000,None,None,1454583000,None,None,420777000,396700000,2.16,0.0673,852200000,852200000,None,-0.053,-0.0164,663016000,1083793000,0.65,2016-12-31,11.15,494033000,7117000000.0,710734000,437838000,8362000,913626000,913626000,None,230549000,None,339606000,None,None,4833781000,None,None,669700000,None,None,None,0.134,1407800000,47718000,663016000,135160000,1601205000,None,None,None,None,None,None,None,2.233,2.36,1.302,None,None,None,None,None,12630100000,None,0.109,None,8689024000,2025-10-28,quarterly,0.6336,USD,pre-market,None,None,0.0561,0.197,-0.127,24.47,62266000,4833781000,None,14952000,31.59,31.66,-2.5231,12591016000,1971447000,1890271000,6808538000,10619569000,4918267000,12256959000,5679309000,12.07,None,32.95,26.35
2025-12-28,EPD,2.64,53004001000.0,12.07,None,0.575,13.5,563500000,None,42098000,42098000,586900000,-1457100000,-56400000,None,-82900000,None,None,None,5561338000,765926000,None,11546225000,11546225000,289066000,None,None,1454583000,None,None,420777000,391900000,2.16,0.0673,837800000,837800000,None,-0.053,-0.0164,663016000,1083793000,0.65,2016-09-30,11.15,494033000,7117000000.0,710734000,437838000,8362000,913626000,913626000,None,230549000,None,339606000,None,None,4833781000,None,None,643100000,None,None,None,0.134,813800000,47718000,663016000,135160000,1601205000,None,None,None,None,None,None,None,2.233,2.36,1.302,None,None,None,None,None,16948500000,None,0.109,None,8689024000,2025-10-28,quarterly,0.6336,USD,pre-market,None,None,0.0561,0.197,-0.127,24.47,62266000,4833781000,None,14952000,31.59,31.66,-2.5231,12591016000,1971447000,1890271000,6808538000,10619569000,4918267000,12256959000,5679309000,12.07,None,32.95,26.35
2025-12-28,EPD,2.64,53004001000.0,12.07,None,0.575,13.5,873200000,None,42098000,42098000,82100000,-1074700000,-47100000,None,-424400000,None,None,None,5561338000,765926000,None,11546225000,11546225000,289066000,None,None,1454583000,None,None,420777000,381300000,2.16,0.0673,822200000,822200000,None,-0.053,-0.0164,663016000,1083793000,0.65,2016-06-30,11.15,494033000,7117000000.0,710734000,437838000,8362000,913626000,913626000,None,230549000,None,339606000,None,None,4833781000,None,None,570000000,None,None,None,0.134,945500000,47718000,663016000,135160000,1601205000,None,None,None,None,None,None,None,2.233,2.36,1.302,None,None,None,None,None,13234700000,None,0.109,None,8689024000,2025-10-28,quarterly,0.6336,USD,pre-market,None,None,0.0561,0.197,-0.127,24.47,62266000,4833781000,None,14952000,31.59,31.66,-2.5231,12591016000,1971447000,1890271000,6808538000,10619569000,4918267000,12256959000,5679309000,12.07,None,32.95,26.35
2025-12-28,EPD,2.64,53004001000.0,12.07,None,0.575,13.5,1007200000,None,42098000,42098000,405800000,-1163900000,141600000,None,-194300000,None,None,None,5561338000,765926000,None,11546225000,11546225000,289066000,None,None,1454583000,None,None,420777000,382100000,2.16,0.0673,788300000,788300000,None,-0.053,-0.0164,663016000,1083793000,0.65,2016-03-31,11.15,494033000,7117000000.0,710734000,437838000,8362000,913626000,913626000,None,230549000,None,339606000,None,None,4833781000,None,None,670200000,None,None,None,0.134,899700000,47718000,663016000,135160000,1601205000,None,None,None,None,None,None,None,2.233,2.36,1.302,None,None,None,None,None,20000600000,None,0.109,None,8689024000,2025-10-28,quarterly,0.6336,USD,pre-market,None,None,0.0561,0.197,-0.127,24.47,62266000,4833781000,None,14952000,31.59,31.66,-2.5231,12591016000,1971447000,1890271000,6808538000,10619569000,4918267000,12256959000,5679309000,12.07,None,32.95,26.35
2025-12-28,EPD,2.64,53004001000.0,12.07,None,0.575,13.5,1200200000,None,42098000,42098000,-339100000,-1133600000,-61500000,None,70500000,None,None,None,5561338000,765926000,None,11546225000,11546225000,289066000,None,None,1454583000,None,None,420777000,368300000,2.16,0.0673,758600000,758600000,None,-0.053,-0.0164,663016000,1083793000,0.65,2015-12-31,11.15,494033000,7117000000.0,710734000,437838000,8362000,913626000,913626000,None,230549000,None,339606000,None,None,4833781000,None,None,693500000,None,None,None,0.134,1411200000,47718000,663016000,135160000,1601205000,None,None,None,None,None,None,None,2.233,2.36,1.302,None,None,None,None,None,3967400000,None,0.109,None,8689024000,2025-10-28,quarterly,0.6336,USD,pre-market,None,None,0.0561,0.197,-0.127,24.47,62266000,4833781000,None,14952000,31.59,31.66,-2.5231,12591016000,1971447000,1890271000,6808538000,10619569000,4918267000,12256959000,5679309000,12.07,None,32.95,26.35
2025-12-28,EPD,2.64,53004001000.0,12.07,None,0.575,13.5,992500000,None,42098000,42098000,-641300000,-518900000,-470600000,None,-96600000,None,None,None,5561338000,765926000,None,11546225000,11546225000,289066000,None,None,1454583000,None,None,420777000,372800000,2.16,0.0673,747800000,747800000,None,-0.053,-0.0164,663016000,1083793000,0.65,2015-09-30,11.15,494033000,7117000000.0,710734000,437838000,8362000,913626000,913626000,None,230549000,None,339606000,None,None,4833781000,None,None,657700000,None,None,None,0.134,689600000,47718000,663016000,135160000,1601205000,None,None,None,None,None,None,None,2.233,2.36,1.302,None,None,None,None,None,3275400000,None,0.109,None,8689024000,2025-10-28,quarterly,0.6336,USD,pre-market,None,None,0.0561,0.197,-0.127,24.47,62266000,4833781000,None,14952000,31.59,31.66,-2.5231,12591016000,1971447000,1890271000,6808538000,10619569000,4918267000,12256959000,5679309000,12.07,None,32.95,26.35
2025-12-28,EPD,2.64,53004001000.0,12.07,None,0.575,13.5,825200000,None,42098000,42098000,422600000,-900200000,470000000,None,-207600000,None,None,None,5561338000,765926000,None,11546225000,11546225000,289066000,None,None,1454583000,None,None,420777000,407500000,2.16,0.0673,733500000,733500000,None,-0.053,-0.0164,663016000,1083793000,0.65,2015-06-30,11.15,494033000,7117000000.0,710734000,437838000,8362000,913626000,913626000,None,230549000,None,339606000,None,None,4833781000,None,None,556600000,None,None,None,0.134,947600000,47718000,663016000,135160000,1601205000,None,None,None,None,None,None,None,2.233,2.36,1.302,None,None,None,None,None,4655800000,None,0.109,None,8689024000,2025-10-28,quarterly,0.6336,USD,pre-market,None,None,0.0561,0.197,-0.127,24.47,62266000,4833781000,None,14952000,31.59,31.66,-2.5231,12591016000,1971447000,1890271000,6808538000,10619569000,4918267000,12256959000,5679309000,12.07,None,32.95,26.35
2025-12-28,EPD,2.64,53004001000.0,12.07,None,0.575,13.5,812800000,None,42098000,42098000,-58200000,-889100000,6700000,None,161000000,None,None,None,5561338000,765926000,None,11546225000,11546225000,289066000,None,None,1454583000,None,None,420777000,367400000,2.16,0.0673,703800000,703800000,None,-0.053,-0.0164,663016000,1083793000,0.65,2015-03-31,11.15,494033000,7117000000.0,710734000,437838000,8362000,913626000,913626000,None,230549000,None,339606000,None,None,4833781000,None,None,650600000,None,None,None,0.134,954000000,47718000,663016000,135160000,1601205000,None,None,None,None,None,None,None,2.233,2.36,1.302,None,None,None,None,None,9182500000,None,0.109,None,8689024000,2025-10-28,quarterly,0.6336,USD,pre-market,None,None,0.0561,0.197,-0.127,24.47,62266000,4833781000,None,14952000,31.59,31.66,-2.5231,12591016000,1971447000,1890271000,6808538000,10619569000,4918267000,12256959000,5679309000,12.07,None,32.95,26.35
2025-12-28,EPD,2.64,53004001000.0,12.07,None,0.575,13.5,1013400000,None,42098000,42098000,1084800000,-3529800000,-987200000,None,431300000,None,None,None,5561338000,765926000,None,11546225000,11546225000,289066000,None,None,1454583000,None,None,420777000,368100000,2.16,0.0673,689900000,689900000,None,-0.053,-0.0164,663016000,1083793000,0.65,2014-12-31,11.15,494033000,7117000000.0,710734000,437838000,8362000,913626000,913626000,None,230549000,None,339606000,None,None,4833781000,None,None,681100000,None,None,None,0.134,1457800000,47718000,663016000,135160000,1601205000,None,None,None,None,None,None,None,2.233,2.36,1.302,None,None,None,None,None,11193600000,None,0.109,None,8689024000,2025-10-28,quarterly,0.6336,USD,pre-market,None,None,0.0561,0.197,-0.127,24.47,62266000,4833781000,None,14952000,31.59,31.66,-2.5231,12591016000,1971447000,1890271000,6808538000,10619569000,4918267000,12256959000,5679309000,12.07,None,32.95,26.35
2025-12-28,EPD,2.64,53004001000.0,12.07,None,0.575,13.5,693100000,None,42098000,42098000,700300000,-713200000,819600000,None,-301900000,None,None,None,5561338000,765926000,None,11546225000,11546225000,289066000,None,None,1454583000,None,None,420777000,341400000,2.16,0.0673,659800000,659800000,None,-0.053,-0.0164,663016000,1083793000,0.65,2014-09-30,11.15,494033000,7117000000.0,710734000,437838000,8362000,913626000,913626000,None,230549000,None,339606000,None,None,4833781000,None,None,699200000,None,None,None,0.134,832500000,47718000,663016000,135160000,1601205000,None,None,None,None,None,None,None,2.233,2.36,1.302,None,None,None,None,None,2984700000,None,0.109,None,8689024000,2025-10-28,quarterly,0.6336,USD,pre-market,None,None,0.0561,0.197,-0.127,24.47,62266000,4833781000,None,14952000,31.59,31.66,-2.5231,12591016000,1971447000,1890271000,6808538000,10619569000,4918267000,12256959000,5679309000,12.07,None,32.95,26.35
2025-12-28,EPD,2.64,53004001000.0,12.07,None,0.575,13.5,486700000,None,42098000,42098000,-520800000,-693400000,-746400000,None,-300700000,None,None,None,5561338000,765926000,None,11546225000,11546225000,289066000,None,None,1454583000,None,None,420777000,331100000,2.16,0.0673,649200000,649200000,None,-0.053,-0.0164,663016000,1083793000,0.65,2014-06-30,11.15,494033000,7117000000.0,710734000,437838000,8362000,913626000,913626000,None,230549000,None,339606000,None,None,4833781000,None,None,646500000,None,None,None,0.134,467800000,47718000,663016000,135160000,1601205000,None,None,None,None,None,None,None,2.233,2.36,1.302,None,None,None,None,None,1300000,None,0.109,None,8689024000,2025-10-28,quarterly,0.6336,USD,pre-market,None,None,0.0561,0.197,-0.127,24.47,62266000,4833781000,None,14952000,31.59,31.66,-2.5231,12591016000,1971447000,1890271000,6808538000,10619569000,4918267000,12256959000,5679309000,12.07,None,32.95,26.35
2025-12-28,EPD,2.64,53004001000.0,12.07,None,0.575,13.5,699700000,None,42098000,42098000,388900000,-861500000,931500000,None,65700000,None,None,None,5561338000,765926000,None,11546225000,11546225000,289066000,None,None,1454583000,None,None,420777000,319900000,2.16,0.0673,639200000,639200000,None,-0.053,-0.0164,663016000,1083793000,0.65,2014-03-31,11.15,494033000,7117000000.0,710734000,437838000,8362000,913626000,913626000,None,230549000,None,339606000,None,None,4833781000,None,None,806700000,None,None,None,0.134,1404100000,47718000,663016000,135160000,1601205000,None,None,None,None,None,None,None,2.233,2.36,1.302,None,None,None,None,None,4181500000,None,0.109,None,8689024000,2025-10-28,quarterly,0.6336,USD,pre-market,None,None,0.0561,0.197,-0.127,24.47,62266000,4833781000,None,14952000,31.59,31.66,-2.5231,12591016000,1971447000,1890271000,6808538000,10619569000,4918267000,12256959000,5679309000,12.07,None,32.95,26.35
2025-12-28,EPD,2.64,53004001000.0,12.07,None,0.575,13.5,995000000,None,42098000,42098000,-132000000,-1320000000,47300000,None,712800000,None,None,None,5561338000,765926000,None,11546225000,11546225000,289066000,None,None,1454583000,None,None,420777000,315300000,2.16,0.0673,622000000,622000000,None,-0.053,-0.0164,663016000,1083793000,0.65,2013-12-31,11.15,494033000,7117000000.0,710734000,437838000,8362000,913626000,913626000,None,230549000,None,339606000,None,None,4833781000,None,None,705700000,None,None,None,0.134,1499300000,47718000,663016000,135160000,1601205000,None,None,None,None,None,None,None,2.233,2.36,1.302,None,None,None,None,None,300000,None,0.109,None,8689024000,2025-10-28,quarterly,0.6336,USD,pre-market,None,None,0.0561,0.197,-0.127,24.47,62266000,4833781000,None,14952000,31.59,31.66,-2.5231,12591016000,1971447000,1890271000,6808538000,10619569000,4918267000,12256959000,5679309000,12.07,None,32.95,26.35
2025-12-28,EPD,2.64,53004001000.0,12.07,None,0.575,13.5,965900000,None,42098000,42098000,263900000,-1134900000,-35700000,None,-419100000,None,None,None,5561338000,765926000,None,11546225000,11546225000,289066000,None,None,1454583000,None,None,420777000,302500000,2.16,0.0673,606400000,606400000,None,-0.053,-0.0164,663016000,1083793000,0.65,2013-09-30,11.15,494033000,7117000000.0,710734000,437838000,8362000,913626000,913626000,None,230549000,None,339606000,None,None,4833781000,None,None,592800000,None,None,None,0.134,835300000,47718000,663016000,135160000,1601205000,None,None,None,None,None,None,None,2.233,2.36,1.302,None,None,None,None,None,-300000,None,0.109,None,8689024000,2025-10-28,quarterly,0.6336,USD,pre-market,None,None,0.0561,0.197,-0.127,24.47,62266000,4833781000,None,14952000,31.59,31.66,-2.5231,12591016000,1971447000,1890271000,6808538000,10619569000,4918267000,12256959000,5679309000,12.07,None,32.95,26.35
2025-12-28,EPD,2.64,53004001000.0,12.07,None,0.575,13.5,815700000,None,42098000,42098000,-810600000,-955400000,-1235000000,None,-339200000,None,None,None,5561338000,765926000,None,11546225000,11546225000,289066000,None,None,1454583000,None,None,420777000,307800000,2.16,0.0673,594300000,594300000,None,-0.053,-0.0164,663016000,1083793000,0.65,2013-06-30,11.15,494033000,7117000000.0,710734000,437838000,8362000,913626000,913626000,None,230549000,None,339606000,None,None,4833781000,None,None,553300000,None,None,None,0.134,531000000,47718000,663016000,135160000,1601205000,None,None,None,None,None,None,None,2.233,2.36,1.302,None,None,None,None,None,854100000,None,0.109,None,8689024000,2025-10-28,quarterly,0.6336,USD,pre-market,None,None,0.0561,0.197,-0.127,24.47,62266000,4833781000,None,14952000,31.59,31.66,-2.5231,12591016000,1971447000,1890271000,6808538000,10619569000,4918267000,12256959000,5679309000,12.07,None,32.95,26.35
2025-12-28,EPD,2.64,53004001000.0,12.07,None,0.575,13.5,631600000,None,42098000,42098000,1111500000,-847200000,1264200000,None,84100000,None,None,None,5561338000,765926000,None,11546225000,11546225000,289066000,None,None,1454583000,None,None,420777000,292000000,2.16,0.0673,577600000,577600000,None,-0.053,-0.0164,663016000,1083793000,0.65,2013-03-31,11.15,494033000,7117000000.0,710734000,437838000,8362000,913626000,913626000,None,230549000,None,339606000,None,None,4833781000,None,None,755300000,None,None,None,0.134,999900000,47718000,663016000,135160000,1601205000,None,None,None,None,None,None,None,2.233,2.36,1.302,None,None,None,None,None,6174600000,None,0.109,None,8689024000,2025-10-28,quarterly,0.6336,USD,pre-market,None,None,0.0561,0.197,-0.127,24.47,62266000,4833781000,None,14952000,31.59,31.66,-2.5231,12591016000,1971447000,1890271000,6808538000,10619569000,4918267000,12256959000,5679309000,12.07,None,32.95,26.35
2025-12-28,EPD,2.64,53004001000.0,12.07,None,0.575,13.5,905800000,None,42098000,42098000,-149700000,-1123800000,1600000,None,1400000,None,None,None,5561338000,765926000,None,11546225000,11546225000,289066000,None,None,1454583000,None,None,420777000,287000000,2.16,0.0673,2167300000,2167300000,None,-0.053,-0.0164,663016000,1083793000,0.65,2012-12-31,11.15,494033000,7117000000.0,710734000,437838000,8362000,913626000,913626000,None,230549000,None,339606000,None,None,4833781000,None,None,617400000,None,None,None,0.134,1275100000,47718000,663016000,135160000,1601205000,None,None,None,None,None,None,None,2.233,2.36,1.302,None,None,None,None,None,1221700000,None,0.109,None,8689024000,2025-10-28,quarterly,0.6336,USD,pre-market,None,None,0.0561,0.197,-0.127,24.47,62266000,4833781000,None,14952000,31.59,31.66,-2.5231,12591016000,1971447000,1890271000,6808538000,10619569000,4918267000,12256959000,5679309000,12.07,None,32.95,26.35
2025-12-28,EPD,2.64,53004001000.0,12.07,None,0.575,13.5,903000000,None,42098000,42098000,867700000,-1145200000,None,None,-208400000,None,None,None,5561338000,765926000,None,11546225000,11546225000,289066000,None,None,1454583000,None,None,420777000,280200000,2.16,0.0673,544800000,544800000,None,-0.053,-0.0164,663016000,1083793000,0.65,2012-09-30,11.15,494033000,7117000000.0,710734000,437838000,8362000,913626000,913626000,None,230549000,None,339606000,None,None,4833781000,None,None,587900000,None,None,None,0.134,277500000,47718000,663016000,135160000,1601205000,None,None,None,None,None,None,None,2.233,2.36,1.302,None,None,None,None,None,-500000,None,0.109,None,8689024000,2025-10-28,quarterly,0.6336,USD,pre-market,None,None,0.0561,0.197,-0.127,24.47,62266000,4833781000,None,14952000,31.59,31.66,-2.5231,12591016000,1971447000,1890271000,6808538000,10619569000,4918267000,12256959000,5679309000,12.07,None,32.95,26.35
2025-12-28,EPD,2.64,53004001000.0,12.07,None,0.575,13.5,840000000,None,42098000,42098000,-92900000,-714300000,-73800000,None,-156400000,None,None,None,5561338000,765926000,None,11546225000,11546225000,289066000,None,None,1454583000,None,None,420777000,271600000,2.16,0.0673,538200000,538200000,None,-0.053,-0.0164,663016000,1083793000,0.65,2012-06-30,11.15,494033000,7117000000.0,710734000,437838000,8362000,913626000,913626000,None,230549000,None,339606000,None,None,4833781000,None,None,567200000,None,None,None,0.134,733400000,47718000,663016000,135160000,1601205000,None,None,None,None,None,None,None,2.233,2.36,1.302,None,None,None,None,None,1018000000,None,0.109,None,8689024000,2025-10-28,quarterly,0.6336,USD,pre-market,None,None,0.0561,0.197,-0.127,24.47,62266000,4833781000,None,14952000,31.59,31.66,-2.5231,12591016000,1971447000,1890271000,6808538000,10619569000,4918267000,12256959000,5679309000,12.07,None,32.95,26.35
2025-12-28,EPD,2.64,53004001000.0,12.07,None,0.575,13.5,973100000,None,42098000,42098000,-500900000,-35500000,68500000,None,135600000,None,None,None,5561338000,765926000,None,11546225000,11546225000,289066000,None,None,1454583000,None,None,420777000,266100000,2.16,0.0673,530400000,530400000,None,-0.053,-0.0164,663016000,1083793000,0.65,2012-03-31,11.15,494033000,7117000000.0,710734000,437838000,8362000,913626000,913626000,None,230549000,None,339606000,None,None,4833781000,None,None,655500000,None,None,None,0.134,604900000,47718000,663016000,135160000,1601205000,None,None,None,None,None,None,None,2.233,2.36,1.302,None,None,None,None,None,1396600000,None,0.109,None,8689024000,2025-10-28,quarterly,0.6336,USD,pre-market,None,None,0.0561,0.197,-0.127,24.47,62266000,4833781000,None,14952000,31.59,31.66,-2.5231,12591016000,1971447000,1890271000,6808538000,10619569000,4918267000,12256959000,5679309000,12.07,None,32.95,26.35
2025-12-28,EPD,2.64,53004001000.0,12.07,None,0.575,13.5,1075300000,None,42098000,42098000,-672600000,-439000000,-9300000,None,156900000,None,None,None,5561338000,765926000,None,11546225000,11546225000,289066000,None,None,1454583000,None,None,420777000,267800000,2.16,0.0673,514600000,514600000,None,-0.053,-0.0164,663016000,1083793000,0.65,2011-12-31,11.15,494033000,7117000000.0,710734000,437838000,8362000,913626000,913626000,None,230549000,None,339606000,None,None,4833781000,None,None,725800000,None,None,None,0.134,1102300000,47718000,663016000,135160000,1601205000,None,None,None,None,None,None,None,2.233,2.36,1.302,None,None,None,None,None,1748300000,None,0.109,None,8689024000,2025-10-28,quarterly,0.6336,USD,pre-market,None,None,0.0561,0.197,-0.127,24.47,62266000,4833781000,None,14952000,31.59,31.66,-2.5231,12591016000,1971447000,1890271000,6808538000,10619569000,4918267000,12256959000,5679309000,12.07,None,32.95,26.35
2025-12-28,EPD,2.64,53004001000.0,12.07,None,0.575,13.5,1076000000,None,42098000,42098000,292700000,-846400000,-80000000,None,-287600000,None,None,None,5561338000,765926000,None,11546225000,11546225000,289066000,None,None,1454583000,None,None,420777000,254400000,2.16,0.0673,17200000,17200000,None,-0.053,-0.0164,663016000,1083793000,0.65,2011-09-30,11.15,494033000,7117000000.0,710734000,437838000,8362000,913626000,913626000,None,230549000,None,339606000,None,None,4833781000,None,None,479500000,None,None,None,0.134,473700000,47718000,663016000,135160000,1601205000,None,None,None,None,None,None,None,2.233,2.36,1.302,None,None,None,None,None,2774000000,None,0.109,None,8689024000,2025-10-28,quarterly,0.6336,USD,pre-market,None,None,0.0561,0.197,-0.127,24.47,62266000,4833781000,None,14952000,31.59,31.66,-2.5231,12591016000,1971447000,1890271000,6808538000,10619569000,4918267000,12256959000,5679309000,12.07,None,32.95,26.35
2025-12-28,EPD,2.64,53004001000.0,12.07,None,0.575,13.5,1002700000,None,42098000,42098000,-227300000,-765800000,-41300000,None,-90700000,None,None,None,5561338000,765926000,None,11546225000,11546225000,289066000,None,None,1454583000,None,None,420777000,243700000,2.16,0.0673,17600000,17600000,None,-0.053,-0.0164,663016000,1083793000,0.65,2011-06-30,11.15,494033000,7117000000.0,710734000,437838000,8362000,913626000,913626000,None,230549000,None,339606000,None,None,4833781000,None,None,448500000,None,None,None,0.134,951800000,47718000,663016000,135160000,1601205000,None,None,None,None,None,None,None,2.233,2.36,1.302,None,None,None,None,None,969500000,None,0.109,None,8689024000,2025-10-28,quarterly,0.6336,USD,pre-market,None,None,0.0561,0.197,-0.127,24.47,62266000,4833781000,None,14952000,31.59,31.66,-2.5231,12591016000,1971447000,1890271000,6808538000,10619569000,4918267000,12256959000,5679309000,12.07,None,32.95,26.35
2025-12-28,EPD,2.64,53004001000.0,12.07,None,0.575,13.5,713500000,None,42098000,42098000,8600000,-726400000,84900000,None,357200000,None,None,None,5561338000,765926000,None,11546225000,11546225000,289066000,None,None,1454583000,None,None,420777000,241100000,2.16,0.0673,17200000,17200000,None,-0.053,-0.0164,663016000,1083793000,0.65,2011-03-31,11.15,494033000,7117000000.0,710734000,437838000,8362000,913626000,913626000,None,230549000,None,339606000,None,None,4833781000,None,None,434500000,None,None,None,0.134,802700000,47718000,663016000,135160000,1601205000,None,None,None,None,None,None,None,2.233,2.36,1.302,None,None,None,None,None,2821600000,None,0.109,None,8689024000,2025-10-28,quarterly,0.6336,USD,pre-market,None,None,0.0561,0.197,-0.127,24.47,62266000,4833781000,None,14952000,31.59,31.66,-2.5231,12591016000,1971447000,1890271000,6808538000,10619569000,4918267000,12256959000,5679309000,12.07,None,32.95,26.35
2025-12-28,EPD,2.64,53004001000.0,12.07,None,0.575,13.5,635700000,None,42098000,42098000,-113000000,-750100000,21800000,400000,83400000,None,None,None,5561338000,765926000,None,11546225000,11546225000,289066000,None,None,1454583000,None,None,420777000,280900000,2.16,0.0673,1317100000,1317100000,None,-0.053,-0.0164,663016000,1083793000,0.65,2010-12-31,11.15,494033000,7117000000.0,710734000,437838000,8362000,913626000,913626000,None,230549000,None,339606000,None,None,4833781000,None,None,230700000,None,None,None,0.134,884900000,47718000,663016000,135160000,1601205000,None,None,None,None,None,None,None,2.233,2.36,1.302,None,None,None,None,None,-700000,None,0.109,None,8689024000,2025-10-28,quarterly,0.6336,USD,pre-market,None,None,0.0561,0.197,-0.127,24.47,62266000,4833781000,None,14952000,31.59,31.66,-2.5231,12591016000,1971447000,1890271000,6808538000,10619569000,4918267000,12256959000,5679309000,12.07,None,32.95,26.35
2025-12-28,EPD,2.64,53004001000.0,12.07,None,0.575,13.5,658300000,None,42098000,42098000,-357100000,-609700000,-452000000,200000,-194500000,None,None,None,5561338000,765926000,None,11546225000,11546225000,289066000,None,None,1454583000,None,None,420777000,252800000,2.16,0.0673,449600000,449600000,None,-0.053,-0.0164,663016000,1083793000,0.65,2010-09-30,11.15,494033000,7117000000.0,710734000,437838000,8362000,913626000,913626000,None,230549000,None,339606000,None,None,4833781000,None,None,385900000,None,None,None,0.134,514800000,47718000,663016000,135160000,1601205000,None,None,None,None,None,None,None,2.233,2.36,1.302,None,None,None,None,None,-100000,None,0.109,None,8689024000,2025-10-28,quarterly,0.6336,USD,pre-market,None,None,0.0561,0.197,-0.127,24.47,62266000,4833781000,None,14952000,31.59,31.66,-2.5231,12591016000,1971447000,1890271000,6808538000,10619569000,4918267000,12256959000,5679309000,12.07,None,32.95,26.35
2025-12-28,EPD,2.64,53004001000.0,12.07,None,0.575,13.5,399000000,None,42098000,42098000,1667800000,-1521300000,359900000,-300000,-47300000,None,None,None,5561338000,765926000,None,11546225000,11546225000,289066000,None,None,1454583000,None,None,420777000,233800000,2.16,0.0673,442800000,442800000,None,-0.053,-0.0164,663016000,1083793000,0.65,2010-06-30,11.15,494033000,7117000000.0,710734000,437838000,8362000,913626000,913626000,None,230549000,None,339606000,None,None,4833781000,None,None,373300000,None,None,None,0.134,213400000,47718000,663016000,135160000,1601205000,None,None,None,None,None,None,None,2.233,2.36,1.302,None,None,None,None,None,-2800000,None,0.109,None,8689024000,2025-10-28,quarterly,0.6336,USD,pre-market,None,None,0.0561,0.197,-0.127,24.47,62266000,4833781000,None,14952000,31.59,31.66,-2.5231,12591016000,1971447000,1890271000,6808538000,10619569000,4918267000,12256959000,5679309000,12.07,None,32.95,26.35
2025-12-28,EPD,2.64,53004001000.0,12.07,None,0.575,13.5,347800000,None,42098000,42098000,-246400000,-370500000,79800000,400000,-279100000,None,None,None,5561338000,765926000,None,11546225000,11546225000,289066000,None,None,1454583000,None,None,420777000,217600000,2.16,0.0673,424700000,424700000,None,-0.053,-0.0164,663016000,1083793000,0.65,2010-03-31,11.15,494033000,7117000000.0,710734000,437838000,8362000,913626000,913626000,None,230549000,None,339606000,None,None,4833781000,None,None,393800000,None,None,None,0.134,696400000,47718000,663016000,135160000,1601205000,None,None,None,None,None,None,None,2.233,2.36,1.302,None,None,None,None,None,-200000,None,0.109,None,8689024000,2025-10-28,quarterly,0.6336,USD,pre-market,None,None,0.0561,0.197,-0.127,24.47,62266000,4833781000,None,14952000,31.59,31.66,-2.5231,12591016000,1971447000,1890271000,6808538000,10619569000,4918267000,12256959000,5679309000,12.07,None,32.95,26.35
2025-12-28,EPD,2.64,53004001000.0,12.07,None,0.575,13.5,734600000,None,42098000,42098000,-1031900000,-775500000,None,None,799200000,None,None,None,5561338000,765926000,None,11546225000,11546225000,289066000,None,None,1454583000,None,None,420777000,356500000,2.16,0.0673,686300000,686300000,None,-0.053,-0.0164,663016000,1083793000,0.65,2009-12-31,11.15,494033000,7117000000.0,710734000,437838000,8362000,913626000,913626000,None,230549000,None,339606000,None,None,4833781000,None,None,487800000,None,None,None,0.134,1761800000,47718000,663016000,135160000,1601205000,None,None,None,None,None,None,None,2.233,2.36,1.302,None,None,None,None,None,-300000,None,0.109,None,8689024000,2025-10-28,quarterly,0.6336,USD,pre-market,None,None,0.0561,0.197,-0.127,24.47,62266000,4833781000,None,14952000,31.59,31.66,-2.5231,12591016000,1971447000,1890271000,6808538000,10619569000,4918267000,12256959000,5679309000,12.07,None,32.95,26.35
2025-12-28,EPD,2.64,53004001000.0,12.07,None,0.575,13.5,211100000,None,42098000,42098000,-65000000,-129200000,None,None,-182900000,None,None,None,5561338000,765926000,None,11546225000,11546225000,289066000,None,None,1454583000,None,None,420777000,0,2.16,0.0673,405700000,405700000,None,-0.053,-0.0164,663016000,1083793000,0.65,2009-09-30,11.15,494033000,7117000000.0,710734000,437838000,8362000,913626000,913626000,None,230549000,None,339606000,None,None,4833781000,None,None,229900000,None,None,None,0.134,177700000,47718000,663016000,135160000,1601205000,None,None,None,None,None,None,None,2.233,2.36,1.302,None,None,None,None,None,-1800000,None,0.109,None,8689024000,2025-10-28,quarterly,0.6336,USD,pre-market,None,None,0.0561,0.197,-0.127,24.47,62266000,4833781000,None,14952000,31.59,31.66,-2.5231,12591016000,1971447000,1890271000,6808538000,10619569000,4918267000,12256959000,5679309000,12.07,None,32.95,26.35
2025-12-28,EPD,2.64,53004001000.0,12.07,None,0.575,13.5,247500000,None,42098000,42098000,89900000,-217900000,None,None,-459100000,None,None,None,5561338000,765926000,None,11546225000,11546225000,289066000,None,None,1454583000,None,None,420777000,0,2.16,0.0673,391500000,391500000,None,-0.053,-0.0164,663016000,1083793000,0.65,2009-06-30,11.15,494033000,7117000000.0,710734000,437838000,8362000,913626000,913626000,None,230549000,None,339606000,None,None,4833781000,None,None,200100000,None,None,None,0.134,219600000,47718000,663016000,135160000,1601205000,None,None,None,None,None,None,None,2.233,2.36,1.302,None,None,None,None,None,0,None,0.109,None,8689024000,2025-10-28,quarterly,0.6336,USD,pre-market,None,None,0.0561,0.197,-0.127,24.47,62266000,4833781000,None,14952000,31.59,31.66,-2.5231,12591016000,1971447000,1890271000,6808538000,10619569000,4918267000,12256959000,5679309000,12.07,None,32.95,26.35
2025-12-28,EPD,2.64,53004001000.0,12.07,None,0.575,13.5,392500000,None,42098000,42098000,171600000,-424300000,None,None,-157200000,None,None,None,5561338000,765926000,None,11546225000,11546225000,289066000,None,None,1454583000,None,None,420777000,199100000,2.16,0.0673,385200000,385200000,None,-0.053,-0.0164,663016000,1083793000,0.65,2009-03-31,11.15,494033000,7117000000.0,710734000,437838000,8362000,913626000,913626000,None,230549000,None,339606000,None,None,4833781000,None,None,237300000,None,None,None,0.134,218100000,47718000,663016000,135160000,1601205000,None,None,None,None,None,None,None,2.233,2.36,1.302,None,None,None,None,None,None,None,0.109,None,8689024000,2025-10-28,quarterly,0.6336,USD,pre-market,None,None,0.0561,0.197,-0.127,24.47,62266000,4833781000,None,14952000,31.59,31.66,-2.5231,12591016000,1971447000,1890271000,6808538000,10619569000,4918267000,12256959000,5679309000,12.07,None,32.95,26.35
2025-12-28,EPD,2.64,53004001000.0,12.07,None,0.575,13.5,493805000,None,42098000,42098000,419146000,-702666000,None,None,283699000,None,None,None,5561338000,765926000,None,11546225000,11546225000,289066000,None,None,1454583000,None,None,420777000,145433000,2.16,0.0673,266525000,266525000,None,-0.053,-0.0164,663016000,1083793000,0.65,2008-12-31,11.15,494033000,7117000000.0,710734000,437838000,8362000,913626000,913626000,None,230549000,None,339606000,None,None,4833781000,None,None,228061000,None,None,None,0.134,264025000,47718000,663016000,135160000,1601205000,None,None,None,None,None,None,None,2.233,2.36,1.302,None,None,None,None,None,145000,None,0.109,None,8689024000,2025-10-28,quarterly,0.6336,USD,pre-market,None,None,0.0561,0.197,-0.127,24.47,62266000,4833781000,None,14952000,31.59,31.66,-2.5231,12591016000,1971447000,1890271000,6808538000,10619569000,4918267000,12256959000,5679309000,12.07,None,32.95,26.35
2025-12-28,EPD,2.64,53004001000.0,12.07,None,0.575,13.5,394489000,None,42098000,42098000,431618000,-677155000,None,None,-189204000,None,None,None,5561338000,765926000,None,11546225000,11546225000,289066000,None,None,1454583000,None,None,420777000,142458000,2.16,0.0673,272000000,272000000,None,-0.053,-0.0164,663016000,1083793000,0.65,2008-09-30,11.15,494033000,7117000000.0,710734000,437838000,8362000,913626000,913626000,None,230549000,None,339606000,None,None,4833781000,None,None,203081000,None,None,None,0.134,276336000,47718000,663016000,135160000,1601205000,None,None,None,None,None,None,None,2.233,2.36,1.302,None,None,None,None,None,-100000,None,0.109,None,8689024000,2025-10-28,quarterly,0.6336,USD,pre-market,None,None,0.0561,0.197,-0.127,24.47,62266000,4833781000,None,14952000,31.59,31.66,-2.5231,12591016000,1971447000,1890271000,6808538000,10619569000,4918267000,12256959000,5679309000,12.07,None,32.95,26.35
2025-12-28,EPD,2.64,53004001000.0,12.07,None,0.575,13.5,472195000,None,42098000,42098000,-9410000,-463479000,None,None,-174902000,None,None,None,5561338000,765926000,None,11546225000,11546225000,289066000,None,None,1454583000,None,None,420777000,138304000,2.16,0.0673,257055000,257055000,None,-0.053,-0.0164,663016000,1083793000,0.65,2008-06-30,11.15,494033000,7117000000.0,710734000,437838000,8362000,913626000,913626000,None,230549000,None,339606000,None,None,4833781000,None,None,272300000,None,None,None,0.134,431643000,47718000,663016000,135160000,1601205000,None,None,None,None,None,None,None,2.233,2.36,1.302,None,None,None,None,None,None,None,0.109,None,8689024000,2025-10-28,quarterly,0.6336,USD,pre-market,None,None,0.0561,0.197,-0.127,24.47,62266000,4833781000,None,14952000,31.59,31.66,-2.5231,12591016000,1971447000,1890271000,6808538000,10619569000,4918267000,12256959000,5679309000,12.07,None,32.95,26.35
2025-12-28,EPD,2.64,53004001000.0,12.07,None,0.575,13.5,624096000,None,42098000,42098000,329612000,-568569000,None,None,64982000,None,None,None,5561338000,765926000,None,11546225000,11546225000,289066000,None,None,1454583000,None,None,420777000,135976000,2.16,0.0673,268000000,268000000,None,-0.053,-0.0164,663016000,1083793000,0.65,2008-03-31,11.15,494033000,7117000000.0,710734000,437838000,8362000,913626000,913626000,None,230549000,None,339606000,None,None,4833781000,None,None,272000000,None,None,None,0.134,265065000,47718000,663016000,135160000,1601205000,None,None,None,None,None,None,None,2.233,2.36,1.302,None,None,None,None,None,None,None,0.109,None,8689024000,2025-10-28,quarterly,0.6336,USD,pre-market,None,None,0.0561,0.197,-0.127,24.47,62266000,4833781000,None,14952000,31.59,31.66,-2.5231,12591016000,1971447000,1890271000,6808538000,10619569000,4918267000,12256959000,5679309000,12.07,None,32.95,26.35
2025-12-28,EPD,2.64,53004001000.0,12.07,None,0.575,13.5,512577000,None,42098000,42098000,-143220000,-514112000,None,None,156559000,None,None,None,5561338000,765926000,None,11546225000,11546225000,289066000,None,None,1454583000,None,None,420777000,141679000,2.16,0.0673,245966000,245966000,None,-0.053,-0.0164,663016000,1083793000,0.65,2007-12-31,11.15,494033000,7117000000.0,710734000,437838000,8362000,913626000,913626000,None,230549000,None,339606000,None,None,4833781000,None,None,161869000,None,None,None,0.134,653106000,47718000,663016000,135160000,1601205000,None,None,None,None,None,None,None,2.233,2.36,1.302,None,None,None,None,None,None,None,0.109,None,8689024000,2025-10-28,quarterly,0.6336,USD,pre-market,None,None,0.0561,0.197,-0.127,24.47,62266000,4833781000,None,14952000,31.59,31.66,-2.5231,12591016000,1971447000,1890271000,6808538000,10619569000,4918267000,12256959000,5679309000,12.07,None,32.95,26.35
2025-12-28,EPD,2.64,53004001000.0,12.07,None,0.575,13.5,555192000,None,42098000,42098000,246303000,-652308000,None,None,-172190000,None,None,None,5561338000,765926000,None,11546225000,11546225000,289066000,None,None,1454583000,None,None,420777000,136970000,2.16,0.0673,241178000,241178000,None,-0.053,-0.0164,663016000,1083793000,0.65,2007-09-30,11.15,494033000,7117000000.0,710734000,437838000,8362000,913626000,913626000,None,230549000,None,339606000,None,None,4833781000,None,None,117606000,None,None,None,0.134,385786000,47718000,663016000,135160000,1601205000,None,None,None,None,None,None,None,2.233,2.36,1.302,None,None,None,None,None,None,None,0.109,None,8689024000,2025-10-28,quarterly,0.6336,USD,pre-market,None,None,0.0561,0.197,-0.127,24.47,62266000,4833781000,None,14952000,31.59,31.66,-2.5231,12591016000,1971447000,1890271000,6808538000,10619569000,4918267000,12256959000,5679309000,12.07,None,32.95,26.35
2025-12-28,EPD,2.64,53004001000.0,12.07,None,0.575,13.5,515228000,None,42098000,42098000,645146000,-772266000,None,None,36878000,None,None,None,5561338000,765926000,None,11546225000,11546225000,289066000,None,None,1454583000,None,None,420777000,123892000,2.16,0.0673,237416000,237416000,None,-0.053,-0.0164,663016000,1083793000,0.65,2007-06-30,11.15,494033000,7117000000.0,710734000,437838000,8362000,913626000,913626000,None,230549000,None,339606000,None,None,4833781000,None,None,142154000,None,None,None,0.134,131298000,47718000,663016000,135160000,1601205000,None,None,None,None,None,None,None,2.233,2.36,1.302,None,None,None,None,None,None,None,0.109,None,8689024000,2025-10-28,quarterly,0.6336,USD,pre-market,None,None,0.0561,0.197,-0.127,24.47,62266000,4833781000,None,14952000,31.59,31.66,-2.5231,12591016000,1971447000,1890271000,6808538000,10619569000,4918267000,12256959000,5679309000,12.07,None,32.95,26.35
2025-12-28,EPD,2.64,53004001000.0,12.07,None,0.575,13.5,614035000,None,42098000,42098000,231126000,-614921000,None,None,-35298000,None,None,None,5561338000,765926000,None,11546225000,11546225000,289066000,None,None,1454583000,None,None,420777000,121221000,2.16,0.0673,233145000,233145000,None,-0.053,-0.0164,663016000,1083793000,0.65,2007-03-31,11.15,494033000,7117000000.0,710734000,437838000,8362000,913626000,913626000,None,230549000,None,339606000,None,None,4833781000,None,None,112045000,None,None,None,0.134,420751000,47718000,663016000,135160000,1601205000,None,None,None,None,None,None,None,2.233,2.36,1.302,None,None,None,None,None,None,None,0.109,None,8689024000,2025-10-28,quarterly,0.6336,USD,pre-market,None,None,0.0561,0.197,-0.127,24.47,62266000,4833781000,None,14952000,31.59,31.66,-2.5231,12591016000,1971447000,1890271000,6808538000,10619569000,4918267000,12256959000,5679309000,12.07,None,32.95,26.35
2025-12-28,EPD,2.64,53004001000.0,12.07,None,0.575,13.5,300729000,None,42098000,42098000,188456000,-472050000,None,None,56384000,None,None,None,5561338000,765926000,None,11546225000,11546225000,289066000,None,None,1454583000,None,None,420777000,116905000,2.16,0.0673,227031000,227031000,None,-0.053,-0.0164,663016000,1083793000,0.65,2006-12-31,11.15,494033000,7117000000.0,710734000,437838000,8362000,913626000,913626000,None,230549000,None,339606000,None,None,4833781000,None,None,132781000,None,None,None,0.134,189045000,47718000,663016000,135160000,1601205000,None,None,None,None,None,None,None,2.233,2.36,1.302,None,None,None,None,None,None,None,0.109,None,8689024000,2025-10-28,quarterly,0.6336,USD,pre-market,None,None,0.0561,0.197,-0.127,24.47,62266000,4833781000,None,14952000,31.59,31.66,-2.5231,12591016000,1971447000,1890271000,6808538000,10619569000,4918267000,12256959000,5679309000,12.07,None,32.95,26.35
2025-12-28,EPD,2.64,53004001000.0,12.07,None,0.575,13.5,464922000,None,42098000,42098000,205628000,-527451000,None,None,-11041000,None,None,None,5561338000,765926000,None,11546225000,11546225000,289066000,None,None,1454583000,None,None,420777000,114296000,2.16,0.0673,215787000,215787000,None,-0.053,-0.0164,663016000,1083793000,0.65,2006-09-30,11.15,494033000,7117000000.0,710734000,437838000,8362000,913626000,913626000,None,230549000,None,339606000,None,None,4833781000,None,None,208302000,None,None,None,0.134,414699000,47718000,663016000,135160000,1601205000,None,None,None,None,None,None,None,2.233,2.36,1.302,None,None,None,None,None,None,None,0.109,None,8689024000,2025-10-28,quarterly,0.6336,USD,pre-market,None,None,0.0561,0.197,-0.127,24.47,62266000,4833781000,None,14952000,31.59,31.66,-2.5231,12591016000,1971447000,1890271000,6808538000,10619569000,4918267000,12256959000,5679309000,12.07,None,32.95,26.35
2025-12-28,EPD,2.64,53004001000.0,12.07,None,0.575,13.5,296721000,None,42098000,42098000,253626000,-341142000,None,None,-195822000,None,None,None,5561338000,765926000,None,11546225000,11546225000,289066000,None,None,1454583000,None,None,420777000,110440000,2.16,0.0673,206931000,206931000,None,-0.053,-0.0164,663016000,1083793000,0.65,2006-06-30,11.15,494033000,7117000000.0,710734000,437838000,8362000,913626000,913626000,None,230549000,None,339606000,None,None,4833781000,None,None,126295000,None,None,None,0.134,77049000,47718000,663016000,135160000,1601205000,None,None,None,None,None,None,None,2.233,2.36,1.302,None,None,None,None,None,None,None,0.109,None,8689024000,2025-10-28,quarterly,0.6336,USD,pre-market,None,None,0.0561,0.197,-0.127,24.47,62266000,4833781000,None,14952000,31.59,31.66,-2.5231,12591016000,1971447000,1890271000,6808538000,10619569000,4918267000,12256959000,5679309000,12.07,None,32.95,26.35
2025-12-28,EPD,2.64,53004001000.0,12.07,None,0.575,13.5,278698000,None,42098000,42098000,-152738000,-348645000,None,None,84191000,None,None,None,5561338000,765926000,None,11546225000,11546225000,289066000,None,None,1454583000,None,None,420777000,106567000,2.16,0.0673,193543000,193543000,None,-0.053,-0.0164,663016000,1083793000,0.65,2006-03-31,11.15,494033000,7117000000.0,710734000,437838000,8362000,913626000,913626000,None,230549000,None,339606000,None,None,4833781000,None,None,133777000,None,None,None,0.134,494276000,47718000,663016000,135160000,1601205000,None,None,None,None,None,None,None,2.233,2.36,1.302,None,None,None,None,None,None,None,0.109,None,8689024000,2025-10-28,quarterly,0.6336,USD,pre-market,None,None,0.0561,0.197,-0.127,24.47,62266000,4833781000,None,14952000,31.59,31.66,-2.5231,12591016000,1971447000,1890271000,6808538000,10619569000,4918267000,12256959000,5679309000,12.07,None,32.95,26.35
2025-12-28,EPD,2.64,53004001000.0,12.07,None,0.575,13.5,236540000,None,42098000,42098000,-29134000,-248531000,None,None,237211000,None,None,None,5561338000,765926000,None,11546225000,11546225000,289066000,None,None,1454583000,None,None,420777000,111828000,2.16,0.0673,187970000,187970000,None,-0.053,-0.0164,663016000,1083793000,0.65,2005-12-31,11.15,494033000,7117000000.0,710734000,437838000,8362000,913626000,913626000,None,230549000,None,339606000,None,None,4833781000,None,None,108424000,None,None,None,0.134,287075000,47718000,663016000,135160000,1601205000,None,None,None,None,None,None,None,2.233,2.36,1.302,None,None,None,None,None,None,None,0.109,None,8689024000,2025-10-28,quarterly,0.6336,USD,pre-market,None,None,0.0561,0.197,-0.127,24.47,62266000,4833781000,None,14952000,31.59,31.66,-2.5231,12591016000,1971447000,1890271000,6808538000,10619569000,4918267000,12256959000,5679309000,12.07,None,32.95,26.35
2025-12-28,EPD,2.64,53004001000.0,12.07,None,0.575,13.5,192144000,None,42098000,42098000,84262000,-311415000,None,None,-207287000,None,None,None,5561338000,765926000,None,11546225000,11546225000,289066000,None,None,1454583000,None,None,420777000,104816000,2.16,0.0673,183728000,183728000,None,-0.053,-0.0164,663016000,1083793000,0.65,2005-09-30,11.15,494033000,7117000000.0,710734000,437838000,8362000,913626000,913626000,None,230549000,None,339606000,None,None,4833781000,None,None,131169000,None,None,None,0.134,226796000,47718000,663016000,135160000,1601205000,None,None,None,None,None,None,None,2.233,2.36,1.302,None,None,None,None,None,None,None,0.109,None,8689024000,2025-10-28,quarterly,0.6336,USD,pre-market,None,None,0.0561,0.197,-0.127,24.47,62266000,4833781000,None,14952000,31.59,31.66,-2.5231,12591016000,1971447000,1890271000,6808538000,10619569000,4918267000,12256959000,5679309000,12.07,None,32.95,26.35
2025-12-28,EPD,2.64,53004001000.0,12.07,None,0.575,13.5,4544000000,None,42098000,42098000,-2164000000,-5433000000,None,None,-598000000,None,None,None,5561338000,765926000,None,11546225000,11546225000,289066000,None,None,1454583000,None,None,420777000,2194000000,2.16,0.0673,4512000000,4512000000,None,-0.053,-0.0164,663016000,1083793000,0.65,2024-12-31,11.15,494033000,7117000000.0,710734000,437838000,8362000,913626000,913626000,None,230549000,None,339606000,None,None,4833781000,None,None,5970000000,None,None,None,0.134,8115000000,47718000,663016000,135160000,1601205000,None,None,None,None,None,None,None,2.233,2.36,1.302,None,None,None,None,None,-219000000,None,0.109,None,8689024000,2025-10-28,annual,0.6336,USD,pre-market,None,None,0.0561,0.197,-0.127,24.47,62266000,4833781000,None,14952000,31.59,31.66,-2.5231,12591016000,1971447000,1890271000,6808538000,10619569000,4918267000,12256959000,5679309000,12.07,None,32.95,26.35
2025-12-28,EPD,2.64,53004001000.0,12.07,None,0.575,13.5,3266000000,None,42098000,42098000,-4258000000,-3197000000,None,None,-714000000,None,None,None,5561338000,765926000,None,11546225000,11546225000,289066000,None,None,1454583000,None,None,420777000,2072000000,2.16,0.0673,4301000000,4301000000,None,-0.053,-0.0164,663016000,1083793000,0.65,2023-12-31,11.15,494033000,7117000000.0,710734000,437838000,8362000,913626000,913626000,None,230549000,None,339606000,None,None,4833781000,None,None,5657000000,None,None,None,0.134,7569000000,47718000,663016000,135160000,1601205000,None,None,None,None,None,None,None,2.233,2.36,1.302,None,None,None,None,None,-188000000,None,0.109,None,8689024000,2025-10-28,annual,0.6336,USD,pre-market,None,None,0.0561,0.197,-0.127,24.47,62266000,4833781000,None,14952000,31.59,31.66,-2.5231,12591016000,1971447000,1890271000,6808538000,10619569000,4918267000,12256959000,5679309000,12.07,None,32.95,26.35
2025-12-28,EPD,2.64,53004001000.0,12.07,None,0.575,13.5,1964000000,None,42098000,42098000,-5844000000,-4954000000,None,None,131000000,None,None,None,5561338000,765926000,None,11546225000,11546225000,289066000,None,None,1454583000,None,None,420777000,1974000000,2.16,0.0673,4095000000,4095000000,None,-0.053,-0.0164,663016000,1083793000,0.65,2022-12-31,11.15,494033000,7117000000.0,710734000,437838000,8362000,913626000,913626000,None,230549000,None,339606000,None,None,4833781000,None,None,5615000000,None,None,None,0.134,8039000000,47718000,663016000,135160000,1601205000,None,None,None,None,None,None,None,2.233,2.36,1.302,None,None,None,None,None,-250000000,None,0.109,None,8689024000,2025-10-28,annual,0.6336,USD,pre-market,None,None,0.0561,0.197,-0.127,24.47,62266000,4833781000,None,14952000,31.59,31.66,-2.5231,12591016000,1971447000,1890271000,6808538000,10619569000,4918267000,12256959000,5679309000,12.07,None,32.95,26.35
2025-12-28,EPD,2.64,53004001000.0,12.07,None,0.575,13.5,2223200000,None,42098000,42098000,-4571300000,-2134600000,1806600000,None,867300000,None,None,None,5561338000,765926000,None,11546225000,11546225000,289066000,None,None,1454583000,None,None,420777000,1874400000,2.16,0.0673,3930400000,3930400000,None,-0.053,-0.0164,663016000,1083793000,0.65,2021-12-31,11.15,494033000,7117000000.0,710734000,437838000,8362000,913626000,913626000,None,230549000,None,339606000,None,None,4833781000,None,None,4755300000,None,None,None,0.134,8512500000,47718000,663016000,135160000,1601205000,None,None,None,None,None,None,None,2.233,2.36,1.302,None,None,None,None,None,-213900000,None,0.109,None,8689024000,2025-10-28,annual,0.6336,USD,pre-market,None,None,0.0561,0.197,-0.127,24.47,62266000,4833781000,None,14952000,31.59,31.66,-2.5231,12591016000,1971447000,1890271000,6808538000,10619569000,4918267000,12256959000,5679309000,12.07,None,32.95,26.35
2025-12-28,EPD,2.64,53004001000.0,12.07,None,0.575,13.5,3287900000,None,42098000,42098000,-2022700000,-3120700000,748100000,None,-1420400000,None,None,None,5561338000,765926000,None,11546225000,11546225000,289066000,None,None,1454583000,None,None,420777000,2071900000,2.16,0.0673,3891000000,3891000000,None,-0.053,-0.0164,663016000,1083793000,0.65,2020-12-31,11.15,494033000,7117000000.0,710734000,437838000,8362000,913626000,913626000,None,230549000,None,339606000,None,None,4833781000,None,None,3885700000,None,None,None,0.134,5891500000,47718000,663016000,135160000,1601205000,None,None,None,None,None,None,None,2.233,2.36,1.302,None,None,None,None,None,-186300000,None,0.109,None,8689024000,2025-10-28,annual,0.6336,USD,pre-market,None,None,0.0561,0.197,-0.127,24.47,62266000,4833781000,None,14952000,31.59,31.66,-2.5231,12591016000,1971447000,1890271000,6808538000,10619569000,4918267000,12256959000,5679309000,12.07,None,32.95,26.35
2025-12-28,EPD,2.64,53004001000.0,12.07,None,0.575,13.5,4531700000,None,42098000,42098000,-1945100000,-4575500000,-100000,None,-558000000,None,None,None,5561338000,765926000,None,11546225000,11546225000,289066000,None,None,1454583000,None,None,420777000,1949300000,2.16,0.0673,3839800000,3839800000,None,-0.053,-0.0164,663016000,1083793000,0.65,2019-12-31,11.15,494033000,7117000000.0,710734000,437838000,8362000,913626000,913626000,None,230549000,None,339606000,None,None,4833781000,None,None,4687100000,None,None,None,0.134,6520500000,47718000,663016000,135160000,1601205000,None,None,None,None,None,None,None,2.233,2.36,1.302,None,None,None,None,None,-81100000,None,0.109,None,8689024000,2025-10-28,annual,0.6336,USD,pre-market,None,None,0.0561,0.197,-0.127,24.47,62266000,4833781000,None,14952000,31.59,31.66,-2.5231,12591016000,1971447000,1890271000,6808538000,10619569000,4918267000,12256959000,5679309000,12.07,None,32.95,26.35
2025-12-28,EPD,2.64,53004001000.0,12.07,None,0.575,13.5,4223200000,None,42098000,42098000,-1504900000,-4281600000,339800000,None,121400000,None,None,None,5561338000,765926000,None,11546225000,11546225000,289066000,None,None,1454583000,None,None,420777000,1791600000,2.16,0.0673,3726900000,3726900000,None,-0.053,-0.0164,663016000,1083793000,0.65,2018-12-31,11.15,494033000,7117000000.0,710734000,437838000,8362000,913626000,913626000,None,230549000,None,339606000,None,None,4833781000,None,None,4238500000,None,None,None,0.134,6126300000,47718000,663016000,135160000,1601205000,None,None,None,None,None,None,None,2.233,2.36,1.302,None,None,None,None,None,-30800000,None,0.109,None,8689024000,2025-10-28,annual,0.6336,USD,pre-market,None,None,0.0561,0.197,-0.127,24.47,62266000,4833781000,None,14952000,31.59,31.66,-2.5231,12591016000,1971447000,1890271000,6808538000,10619569000,4918267000,12256959000,5679309000,12.07,None,32.95,26.35
2025-12-28,EPD,2.64,53004001000.0,12.07,None,0.575,13.5,3147900000,None,42098000,42098000,-1727500000,-3286100000,-347300000,None,194600000,None,None,None,5561338000,765926000,None,11546225000,11546225000,289066000,None,None,1454583000,None,None,420777000,1644000000,2.16,0.0673,3569900000,3569900000,None,-0.053,-0.0164,663016000,1083793000,0.65,2017-12-31,11.15,494033000,7117000000.0,710734000,437838000,8362000,913626000,913626000,None,230549000,None,339606000,None,None,4833781000,None,None,2855600000,None,None,None,0.134,4666300000,47718000,663016000,135160000,1601205000,None,None,None,None,None,None,None,2.233,2.36,1.302,None,None,None,None,None,69315300000,None,0.109,None,8689024000,2025-10-28,annual,0.6336,USD,pre-market,None,None,0.0561,0.197,-0.127,24.47,62266000,4833781000,None,14952000,31.59,31.66,-2.5231,12591016000,1971447000,1890271000,6808538000,10619569000,4918267000,12256959000,5679309000,12.07,None,32.95,26.35
2025-12-28,EPD,2.64,53004001000.0,12.07,None,0.575,13.5,3025100000,None,42098000,42098000,321700000,-4005800000,44100000,None,-871800000,None,None,None,5561338000,765926000,None,11546225000,11546225000,289066000,None,None,1454583000,None,None,420777000,1552000000,2.16,0.0673,3300500000,3300500000,None,-0.053,-0.0164,663016000,1083793000,0.65,2016-12-31,11.15,494033000,7117000000.0,710734000,437838000,8362000,913626000,913626000,None,230549000,None,339606000,None,None,4833781000,None,None,2553000000,None,None,None,0.134,4066800000,47718000,663016000,135160000,1601205000,None,None,None,None,None,None,None,2.233,2.36,1.302,None,None,None,None,None,62813900000,None,0.109,None,8689024000,2025-10-28,annual,0.6336,USD,pre-market,None,None,0.0561,0.197,-0.127,24.47,62266000,4833781000,None,14952000,31.59,31.66,-2.5231,12591016000,1971447000,1890271000,6808538000,10619569000,4918267000,12256959000,5679309000,12.07,None,32.95,26.35
2025-12-28,EPD,2.64,53004001000.0,12.07,None,0.575,13.5,3830700000,None,42098000,42098000,-616000000,-3441800000,-55400000,None,-72700000,None,None,None,5561338000,765926000,None,11546225000,11546225000,289066000,None,None,1454583000,None,None,420777000,1516000000,2.16,0.0673,2943700000,2943700000,None,-0.053,-0.0164,663016000,1083793000,0.65,2015-12-31,11.15,494033000,7117000000.0,710734000,437838000,8362000,913626000,913626000,None,230549000,None,339606000,None,None,4833781000,None,None,2558400000,None,None,None,0.134,4002400000,47718000,663016000,135160000,1601205000,None,None,None,None,None,None,None,2.233,2.36,1.302,None,None,None,None,None,21081100000,None,0.109,None,8689024000,2025-10-28,annual,0.6336,USD,pre-market,None,None,0.0561,0.197,-0.127,24.47,62266000,4833781000,None,14952000,31.59,31.66,-2.5231,12591016000,1971447000,1890271000,6808538000,10619569000,4918267000,12256959000,5679309000,12.07,None,32.95,26.35
2025-12-28,EPD,2.64,53004001000.0,12.07,None,0.575,13.5,2892900000,None,42098000,42098000,1653200000,-5797900000,17500000,None,-105600000,None,None,None,5561338000,765926000,None,11546225000,11546225000,289066000,None,None,1454583000,None,None,420777000,1360500000,2.16,0.0673,2638100000,2638100000,None,-0.053,-0.0164,663016000,1083793000,0.65,2014-12-31,11.15,494033000,7117000000.0,710734000,437838000,8362000,913626000,913626000,None,230549000,None,339606000,None,None,4833781000,None,None,2833500000,None,None,None,0.134,4162200000,47718000,663016000,135160000,1601205000,None,None,None,None,None,None,None,2.233,2.36,1.302,None,None,None,None,None,18361100000,None,0.109,None,8689024000,2025-10-28,annual,0.6336,USD,pre-market,None,None,0.0561,0.197,-0.127,24.47,62266000,4833781000,None,14952000,31.59,31.66,-2.5231,12591016000,1971447000,1890271000,6808538000,10619569000,4918267000,12256959000,5679309000,12.07,None,32.95,26.35
2025-12-28,EPD,2.64,53004001000.0,12.07,None,0.575,13.5,3408200000,None,42098000,42098000,432800000,-4257500000,40800000,None,38600000,None,None,None,5561338000,765926000,None,11546225000,11546225000,289066000,None,None,1454583000,None,None,420777000,1217600000,2.16,0.0673,2400300000,2400300000,None,-0.053,-0.0164,663016000,1083793000,0.65,2013-12-31,11.15,494033000,7117000000.0,710734000,437838000,8362000,913626000,913626000,None,230549000,None,339606000,None,None,4833781000,None,None,2607100000,None,None,None,0.134,3865500000,47718000,663016000,135160000,1601205000,None,None,None,None,None,None,None,2.233,2.36,1.302,None,None,None,None,None,13852800000,None,0.109,None,8689024000,2025-10-28,annual,0.6336,USD,pre-market,None,None,0.0561,0.197,-0.127,24.47,62266000,4833781000,None,14952000,31.59,31.66,-2.5231,12591016000,1971447000,1890271000,6808538000,10619569000,4918267000,12256959000,5679309000,12.07,None,32.95,26.35
2025-12-28,EPD,2.64,53004001000.0,12.07,None,0.575,13.5,3621900000,None,42098000,42098000,124200000,-3018800000,-3700000,None,-227800000,None,None,None,5561338000,765926000,None,11546225000,11546225000,289066000,None,None,1454583000,None,None,420777000,1104900000,2.16,0.0673,2178600000,2178600000,None,-0.053,-0.0164,663016000,1083793000,0.65,2012-12-31,11.15,494033000,7117000000.0,710734000,437838000,8362000,913626000,913626000,None,230549000,None,339606000,None,None,4833781000,None,None,2428000000,None,None,None,0.134,2890900000,47718000,663016000,135160000,1601205000,None,None,None,None,None,None,None,2.233,2.36,1.302,None,None,None,None,None,8363100000,None,0.109,None,8689024000,2025-10-28,annual,0.6336,USD,pre-market,None,None,0.0561,0.197,-0.127,24.47,62266000,4833781000,None,14952000,31.59,31.66,-2.5231,12591016000,1971447000,1890271000,6808538000,10619569000,4918267000,12256959000,5679309000,12.07,None,32.95,26.35
2025-12-28,EPD,2.64,53004001000.0,12.07,None,0.575,13.5,3867500000,None,42098000,42098000,-598600000,-2777600000,-45700000,None,135800000,None,None,None,5561338000,765926000,None,11546225000,11546225000,289066000,None,None,1454583000,None,None,420777000,1007000000,2.16,0.0673,1974300000,1974300000,None,-0.053,-0.0164,663016000,1083793000,0.65,2011-12-31,11.15,494033000,7117000000.0,710734000,437838000,8362000,913626000,913626000,None,230549000,None,339606000,None,None,4833781000,None,None,2088300000,None,None,None,0.134,3330500000,47718000,663016000,135160000,1601205000,None,None,None,None,None,None,None,2.233,2.36,1.302,None,None,None,None,None,-10700000,None,0.109,None,8689024000,2025-10-28,annual,0.6336,USD,pre-market,None,None,0.0561,0.197,-0.127,24.47,62266000,4833781000,None,14952000,31.59,31.66,-2.5231,12591016000,1971447000,1890271000,6808538000,10619569000,4918267000,12256959000,5679309000,12.07,None,32.95,26.35
2025-12-28,EPD,2.64,53004001000.0,12.07,None,0.575,13.5,2040800000,None,42098000,42098000,961100000,-3251600000,9500000,700000,-437500000,None,None,None,5561338000,765926000,None,11546225000,11546225000,289066000,None,None,1454583000,None,None,420777000,985100000,2.16,0.0673,307700000,307700000,None,-0.053,-0.0164,663016000,1083793000,0.65,2010-12-31,11.15,494033000,7117000000.0,710734000,437838000,8362000,913626000,913626000,None,230549000,None,339606000,None,None,4833781000,None,None,1383700000,None,None,None,0.134,2300000000,47718000,663016000,135160000,1601205000,None,None,None,None,None,None,None,2.233,2.36,1.302,None,None,None,None,None,-3800000,None,0.109,None,8689024000,2025-10-28,annual,0.6336,USD,pre-market,None,None,0.0561,0.197,-0.127,24.47,62266000,4833781000,None,14952000,31.59,31.66,-2.5231,12591016000,1971447000,1890271000,6808538000,10619569000,4918267000,12256959000,5679309000,12.07,None,32.95,26.35
2025-12-28,EPD,2.64,53004001000.0,12.07,None,0.575,13.5,1585700000,None,42098000,42098000,-837100000,-1546900000,-6800000,-200000,0,None,None,None,5561338000,765926000,None,11546225000,11546225000,289066000,None,None,1454583000,None,None,420777000,833400000,2.16,0.0673,1594800000,1594800000,None,-0.053,-0.0164,663016000,1083793000,0.65,2009-12-31,11.15,494033000,7117000000.0,710734000,437838000,8362000,913626000,913626000,None,230549000,None,339606000,None,None,4833781000,None,None,1140300000,None,None,None,0.134,2410300000,47718000,663016000,135160000,1601205000,None,None,None,None,None,None,None,2.233,2.36,1.302,None,None,None,None,None,-2100000,None,0.109,None,8689024000,2025-10-28,annual,0.6336,USD,pre-market,None,None,0.0561,0.197,-0.127,24.47,62266000,4833781000,None,14952000,31.59,31.66,-2.5231,12591016000,1971447000,1890271000,6808538000,10619569000,4918267000,12256959000,5679309000,12.07,None,32.95,26.35
2025-12-28,EPD,2.64,53004001000.0,12.07,None,0.575,13.5,1984585000,None,42098000,42098000,1170966000,-2411869000,None,None,-15425000,None,None,None,5561338000,765926000,None,11546225000,11546225000,289066000,None,None,1454583000,None,None,420777000,562171000,2.16,0.0673,1037373000,1037373000,None,-0.053,-0.0164,663016000,1083793000,0.65,2008-12-31,11.15,494033000,7117000000.0,710734000,437838000,8362000,913626000,913626000,None,230549000,None,339606000,None,None,4833781000,None,None,1188900000,None,None,None,0.134,1567100000,47718000,663016000,135160000,1601205000,None,None,None,None,None,None,None,2.233,2.36,1.302,None,None,None,None,None,-1900000,None,0.109,None,8689024000,2025-10-28,annual,0.6336,USD,pre-market,None,None,0.0561,0.197,-0.127,24.47,62266000,4833781000,None,14952000,31.59,31.66,-2.5231,12591016000,1971447000,1890271000,6808538000,10619569000,4918267000,12256959000,5679309000,12.07,None,32.95,26.35
2025-12-28,EPD,2.64,53004001000.0,12.07,None,0.575,13.5,2197032000,None,42098000,42098000,979355000,-2553607000,None,None,-14051000,None,None,None,5561338000,765926000,None,11546225000,11546225000,289066000,None,None,1454583000,None,None,420777000,523762000,2.16,0.0673,957705000,957705000,None,-0.053,-0.0164,663016000,1083793000,0.65,2007-12-31,11.15,494033000,7117000000.0,710734000,437838000,8362000,913626000,913626000,None,230549000,None,339606000,None,None,4833781000,None,None,533674000,None,None,None,0.134,1590941000,47718000,663016000,135160000,1601205000,None,None,None,None,None,None,None,2.233,2.36,1.302,None,None,None,None,None,None,None,0.109,None,8689024000,2025-10-28,annual,0.6336,USD,pre-market,None,None,0.0561,0.197,-0.127,24.47,62266000,4833781000,None,14952000,31.59,31.66,-2.5231,12591016000,1971447000,1890271000,6808538000,10619569000,4918267000,12256959000,5679309000,12.07,None,32.95,26.35
2025-12-28,EPD,2.64,53004001000.0,12.07,None,0.575,13.5,1341070000,None,42098000,42098000,494972000,-1689288000,None,None,-66288000,None,None,None,5561338000,765926000,None,11546225000,11546225000,289066000,None,None,1454583000,None,None,420777000,448208000,2.16,0.0673,843292000,843292000,None,-0.053,-0.0164,663016000,1083793000,0.65,2006-12-31,11.15,494033000,7117000000.0,710734000,437838000,8362000,913626000,913626000,None,230549000,None,339606000,None,None,4833781000,None,None,601155000,None,None,None,0.134,1175069000,47718000,663016000,135160000,1601205000,None,None,None,None,None,None,None,2.233,2.36,1.302,None,None,None,None,None,None,None,0.109,None,8689024000,2025-10-28,annual,0.6336,USD,pre-market,None,None,0.0561,0.197,-0.127,24.47,62266000,4833781000,None,14952000,31.59,31.66,-2.5231,12591016000,1971447000,1890271000,6808538000,10619569000,4918267000,12256959000,5679309000,12.07,None,32.95,26.35
2025-12-28,EPD,2.64,53004001000.0,12.07,None,0.575,13.5,864453000,None,42098000,42098000,516229000,-1130395000,None,None,-148846000,None,None,None,5561338000,765926000,None,11546225000,11546225000,289066000,None,None,1454583000,None,None,420777000,420777000,2.16,0.0673,722423000,722423000,None,-0.053,-0.0164,663016000,1083793000,0.65,2005-12-31,11.15,494033000,7117000000.0,710734000,437838000,8362000,913626000,913626000,None,230549000,None,339606000,None,None,4833781000,None,None,419508000,None,None,None,0.134,631708000,47718000,663016000,135160000,1601205000,None,None,None,None,None,None,None,2.233,2.36,1.302,None,None,None,None,None,None,None,0.109,None,8689024000,2025-10-28,annual,0.6336,USD,pre-market,None,None,0.0561,0.197,-0.127,24.47,62266000,4833781000,None,14952000,31.59,31.66,-2.5231,12591016000,1971447000,1890271000,6808538000,10619569000,4918267000,12256959000,5679309000,12.07,None,32.95,26.35
