date,symbol,eps,revenue_ttm,pe_ratio,accumulateddepreciationamortizationppe,beta,book_value,capitalexpenditures,capitalleaseobligations,cashandcashequivalentsatcarryingvalue,cashandshortterminvestments,cashflowfromfinancing,cashflowfrominvestment,changeincashandcashequivalents,changeinexchangerate,changeininventory,changeinoperatingassets,changeinoperatingliabilities,changeinreceivables,commonstock,commonstocksharesoutstanding,comprehensiveincomenetoftax,costofgoodsandservicessold,costofrevenue,currentaccountspayable,currentdebt,currentlongtermdebt,currentnetreceivables,deferredrevenue,depreciation,depreciationandamortization,depreciationdepletionandamortization,dividend_per_share,dividend_yield,dividendpayout,dividendpayoutcommonstock,dividendpayoutpreferredstock,earnings_growth_yoy,earnings_surprise,ebit,ebitda,estimated_eps,fiscaldateending,forward_pe,goodwill,gross_profit_ttm,grossprofit,incomebeforetax,incometaxexpense,intangibleassets,intangibleassetsexcludinggoodwill,interestanddebtexpense,interestexpense,interestincome,inventory,investmentincomenet,investments,longtermdebt,longtermdebtnoncurrent,longterminvestments,netincome,netincomefromcontinuingoperations,netinterestincome,noninterestincome,operating_margin_ttm,operatingcashflow,operatingexpenses,operatingincome,othercurrentassets,othercurrentliabilities,othernoncurrentassets,othernoncurrentliabilities,othernonoperatingincome,paymentsforoperatingactivities,paymentsforrepurchaseofcommonstock,paymentsforrepurchaseofequity,paymentsforrepurchaseofpreferredstock,peg_ratio,price_to_book,price_to_sales_ttm,proceedsfromissuanceofcommonstock,proceedsfromissuanceoflongtermdebtandcapitalsecuritiesnet,proceedsfromissuanceofpreferredstock,proceedsfromoperatingactivities,proceedsfromrepaymentsofshorttermdebt,proceedsfromrepurchaseofequity,proceedsfromsaleoftreasurystock,profit_margin,profitloss,propertyplantequipment,report_date,report_type,reported_eps,reportedcurrency,reporttime,researchanddevelopment,retainedearnings,return_on_assets_ttm,return_on_equity_ttm,revenue_growth_yoy,revenue_per_share_ttm,sellinggeneralandadministrative,shortlongtermdebttotal,shorttermdebt,shortterminvestments,sma_200,sma_50,surprise_pct,totalassets,totalcurrentassets,totalcurrentliabilities,totalliabilities,totalnoncurrentassets,totalnoncurrentliabilities,totalrevenue,totalshareholderequity,trailing_pe,treasurystock,week_52_high,week_52_low
2000-09-30,EQIX,,,,,,,,,,,,,,,,,,,,,,,,,,,,,,,,,,,,,,-0.23,,,-14.89,,,,,,,,,,,,,,,,,,,,,,,,,,,,,,,,,,,,,,,,,,,,,,,,,2000-10-17,,-15.12,,pre-market,,,,,,,,,,,,,-1.5447,,,,,,,,,,,,
2000-12-31,EQIX,,,,,,,,,,,,,,,,,,,,,,,,,,,,,,,,,,,,,,2.01,,,-19.25,,,,,,,,,,,,,,,,,,,,,,,,,,,,,,,,,,,,,,,,,,,,,,,,,2001-02-07,,-17.24,,pre-market,,,,,,,,,,,,,10.4416,,,,,,,,,,,,
2001-03-31,EQIX,,,,,,,,,,,,,,,,,,,,,,,,,,,,,,,,,,,,,,1.92,,,-18.25,,,,,,,,,,,,,,,,,,,,,,,,,,,,,,,,,,,,,,,,,,,,,,,,,2001-04-18,,-16.33,,pre-market,,,,,,,,,,,,,10.5205,,,,,,,,,,,,
2001-06-30,EQIX,,,,,,,,,,,,,,,,,,,,,,,,,,,,,,,,,,,,,,2.41,,,-16.93,,,,,,,,,,,,,,,,,,,,,,,,,,,,,,,,,,,,,,,,,,,,,,,,,2001-07-18,,-14.52,,pre-market,,,,,,,,,,,,,14.2351,,,,,,,,,,,,
2001-09-30,EQIX,,,,,,,,,,,,,,,,,,,,,,,,,,,,,,,,,,,,,,1.82,,,-14.52,,,,,,,,,,,,,,,,,,,,,,,,,,,,,,,,,,,,,,,,,,,,,,,,,2001-10-17,,-12.7,,pre-market,,,,,,,,,,,,,12.5344,,,,,,,,,,,,
2001-12-31,EQIX,,,,,,,,,,,,,,,,,,,,,,,,,,,,,,,,,,,,,,2.27,,,-12.55,,,,,,,,,,,,,,,,,,,,,,,,,,,,,,,,,,,,,,,,,,,,,,,,,2002-02-14,,-10.28,,pre-market,,,,,,,,,,,,,18.0876,,,,,,,,,,,,
2002-03-31,EQIX,,,,,,,,,,,,,,,,,,,,,,,,,,,,,,,,,,,,,,0.76,,,-10.13,,,,,,,,,,,,,,,,,,,,,,,,,,,,,,,,,,,,,,,,,,,,,,,,,2002-04-25,,-9.37,,pre-market,,,,,,,,,,,,,7.5025,,,,,,,,,,,,
2002-06-30,EQIX,,,,,,,,,,,,,,,,,,,,,,,,,,,,,,,,,,,,,,0.0,,,-10.13,,,,,,,,,,,,,,,,,,,,,,,,,,,,,,,,,,,,,,,,,,,,,,,,,2002-06-30,,-7.9424,,pre-market,,,,,,,,,,,,,7.5025,,,,,,,,,,,,
2002-09-30,EQIX,,,,,,,,,,,,,,,,,,,,,,,,,,,,,,,,,,,,,,-20.26,,,11.19,,,,,,,,,,,,,,,,,,,,,,,,,,,,,,,,,,,,,,,,,,,,,,,,,2002-11-05,,-9.07,,pre-market,,,,,,,,,,,,,-181.0545,,,,,,,,,,,,
2002-12-31,EQIX,,,,,,,,,,,,,,,,,,,,,,,,,,,,,,,,,,,,,,-9.75,,,0.38,,,,,,,,,,,,,,,,,,,,,,,,,,,,,,,,,,,,,,,,,,,,,,,,,2003-02-15,,-9.37,,pre-market,,,,,,,,,,,,,-2565.7895,,,,,,,,,,,,
2003-03-31,EQIX,,,,,,,,,,,,,,,,,,,,,,,,,,,,,,,,,,,,,,0.0,,,0.38,,,,,,,,,,,,,,,,,,,,,,,,,,,,,,,,,,,,,,,,,,,,,,,,,2003-03-31,,-3.002,,pre-market,,,,,,,,,,,,,-2565.7895,,,,,,,,,,,,
2003-06-30,EQIX,,,,,,,,,,,,,,,,,,,,,,,,,,,,,,,,,,,,,,0.0,,,0.38,,,,,,,,,,,,,,,,,,,,,,,,,,,,,,,,,,,,,,,,,,,,,,,,,2003-08-01,,-2.4354,,pre-market,,,,,,,,,,,,,-2565.7895,,,,,,,,,,,,
2003-09-30,EQIX,,,,,,,,,,,,,,,,,,,,,,,,,,,,,,,,,,,,,,0.03,,,-2.03,,,,,,,,,,,,,,,,,,,,,,,,,,,,,,,,,,,,,,,,,,,,,,,,,2003-10-27,,-2.0,,pre-market,,,,,,,,,,,,,1.4778,,,,,,,,,,,,
2003-12-31,EQIX,,,,,,,,,,,,,,,,,,,,,,,,,,,,,,,,,,,,,,-0.02,,,-1.39,,,,,,,,,,,,,,,,,,,,,,,,,,,,,,,,,,,,,,,,,,,,,,,,,2004-02-04,,-1.41,,pre-market,,,,,,,,,,,,,-1.4388,,,,,,,,,,,,
2004-03-31,EQIX,,,,,,,,,,,,,,,,,,,,,,,,,,,,,,,,,,,,,,0.05,,,-0.92,,,,,,,,,,,,,,,,,,,,,,,,,,,,,,,,,,,,,,,,,,,,,,,,,2004-04-22,,-0.87,,pre-market,,,,,,,,,,,,,5.4348,,,,,,,,,,,,
2004-06-30,EQIX,,,,,,,,,,,,,,,,,,,,,,,,,,,,,,,,,,,,,,0.15,,,-0.63,,,,,,,,,,,,,,,,,,,,,,,,,,,,,,,,,,,,,,,,,,,,,,,,,2004-07-28,,-0.48,,pre-market,,,,,,,,,,,,,23.8095,,,,,,,,,,,,
2004-09-30,EQIX,,,,,,,,,,,,,,,,,,,,,,,,,,,,,,,,,,,,,,0.14,,,-0.48,,,,,,,,,,,,,,,,,,,,,,,,,,,,,,,,,,,,,,,,,,,,,,,,,2004-10-26,,-0.34,,pre-market,,,,,,,,,,,,,29.1667,,,,,,,,,,,,
2004-12-31,EQIX,,,,,,,,,,,,,,,,,,,,,,,,,,,,,,,,,,,,,,0.0,,,-0.27,,,,,,,,,,,,,,,,,,,,,,,,,,,,,,,,,,,,,,,,,,,,,,,,,2005-02-09,,-0.27,,pre-market,,,,,,,,,,,,,0.0,,,,,,,,,,,,
2005-03-31,EQIX,,,,,,,,,,,,,,,,,,,,,,,,,,,,,,,,,,,,,,-0.11,,,-0.14,,,,,,,,,,,,,,,,,,,,,,,,,,,,,,,,,,,,,,,,,,,,,,,,,2005-04-27,,-0.25,,pre-market,,,,,,,,,,,,,-78.5714,,,,,,,,,,,,
2005-06-30,EQIX,,,,,,,,,,,,,,,,,,,,,,,,,,,,,,,,,,,,,,-0.07,,,-0.06,,,,,,,,,,,,,,,,,,,,,,,,,,,,,,,,,,,,,,,,,,,,,,,,,2005-07-27,,-0.13,,pre-market,,,,,,,,,,,,,-116.6667,,,,,,,,,,,,
2005-09-30,EQIX,,,,,,,,,,,,,,,,,,,,,,,,,,,,,,,,,,,,,,0.06,,,-0.09,,,,,,,,,,,,,,,,,,,,,,,,,,,,,,,,,,,,,,,,,,,,,,,,,2005-10-25,,-0.03,,pre-market,,,,,,,,,,,,,66.6667,,,,,,,,,,,,
2005-12-31,EQIX,,,,,,,,,,,,,,,,,,,,,,,,,,,,,,,,,,,,,,-0.7,,,-0.48,,,,,,,,,,,,,,,,,,,,,,,,,,,,,,,,,,,,,,,,,,,,,,,,,2006-02-08,,-1.18,,pre-market,,,,,,,,,,,,,-145.8333,,,,,,,,,,,,
2006-03-31,EQIX,,,,,,,,,,,,,,,,,,,,,,,,,,,,,,,,,,,,,,0.03,,,-0.2,,,,,,,,,,,,,,,,,,,,,,,,,,,,,,,,,,,,,,,,,,,,,,,,,2006-04-26,,-0.17,,pre-market,,,,,,,,,,,,,15.0,,,,,,,,,,,,
2006-06-30,EQIX,,,,,,,,,,,,,,,,,,,,,,,,,,,,,,,,,,,,,,0.0,,,-0.18,,,,,,,,,,,,,,,,,,,,,,,,,,,,,,,,,,,,,,,,,,,,,,,,,2006-08-14,,-0.18,,pre-market,,,,,,,,,,,,,0.0,,,,,,,,,,,,
2006-09-30,EQIX,,,,,,,,,,,,,,,,,,,,,,,,,,,,,,,,,,,,,,0.0,,,-0.17,,,,,,,,,,,,,,,,,,,,,,,,,,,,,,,,,,,,,,,,,,,,,,,,,2006-10-25,,-0.17,,pre-market,,,,,,,,,,,,,0.0,,,,,,,,,,,,
2006-12-31,EQIX,,,,,,,,,,,,,,,,,,,,,,,,,,,,,,,,,,,,,,0.04,,,-0.02,,,,,,,,,,,,,,,,,,,,,,,,,,,,,,,,,,,,,,,,,,,,,,,,,2007-02-07,,0.02,,pre-market,,,,,,,,,,,,,200.0,,,,,,,,,,,,
2007-03-31,EQIX,,,,,,,,,,,,,,,,,,,,,,,,,,,,,,,,,,,,,,-0.05,,,-0.09,,,,,,,,,,,,,,,,,,,,,,,,,,,,,,,,,,,,,,,,,,,,,,,,,2007-04-26,,-0.14,,pre-market,,,,,,,,,,,,,-55.5556,,,,,,,,,,,,
2007-06-30,EQIX,,,,,,,,,,,,,,,,,,,,,,,,,,,,,,,,,,,,,,0.09,,,-0.05,,,,,,,,,,,,,,,,,,,,,,,,,,,,,,,,,,,,,,,,,,,,,,,,,2007-07-25,,0.04,,pre-market,,,,,,,,,,,,,180.0,,,,,,,,,,,,
2007-09-30,EQIX,,,,,,,,,,,,,,,,,,,,,,,,,,,,,,,,,,,,,,0.15,,,-0.04,,,,,,,,,,,,,,,,,,,,,,,,,,,,,,,,,,,,,,,,,,,,,,,,,2007-10-30,,0.11,,pre-market,,,,,,,,,,,,,375.0,,,,,,,,,,,,
2007-12-31,EQIX,,,,,,,,,,,,,,,,,,,,,,,,,,,,,,,,,,,,,,-0.09,,,-0.07,,,,,,,,,,,,,,,,,,,,,,,,,,,,,,,,,,,,,,,,,,,,,,,,,2008-02-13,,-0.16,,pre-market,,,,,,,,,,,,,-128.5714,,,,,,,,,,,,
2008-03-31,EQIX,,,,,,,,,,,,,,,,,,,,,,,,,,,,,,,,,,,,,,0.26,,,-0.12,,,,,,,,,,,,,,,,,,,,,,,,,,,,,,,,,,,,,,,,,,,,,,,,,2008-04-23,,0.14,,pre-market,,,,,,,,,,,,,216.6667,,,,,,,,,,,,
2008-06-30,EQIX,,,,,,,,,,,,,,,,,,,,,,,,,,,,,,,,,,,,,,-0.07,,,0.13,,,,,,,,,,,,,,,,,,,,,,,,,,,,,,,,,,,,,,,,,,,,,,,,,2008-07-23,,0.06,,pre-market,,,,,,,,,,,,,-53.8462,,,,,,,,,,,,
2008-09-30,EQIX,,,,,,,,,,,,,,,,,,,,,,,,,,,,,,,,,,,,,,0.03,,,0.15,,,,,,,,,,,,,,,,,,,,,,,,,,,,,,,,,,,,,,,,,,,,,,,,,2008-10-22,,0.18,,pre-market,,,,,,,,,,,,,20.0,,,,,,,,,,,,
2008-12-31,EQIX,,,,,,,,,,,,,,,,,,,,,,,,,,,,,,,,,,,,,,2.35,,,0.24,,,,,,,,,,,,,,,,,,,,,,,,,,,,,,,,,,,,,,,,,,,,,,,,,2009-02-11,,2.59,,pre-market,,,,,,,,,,,,,979.1667,,,,,,,,,,,,
2009-03-31,EQIX,,,,,,,,,,,,,,,,,,,,,,,,,,,,,,,,,,,,,,0.21,,,0.17,,,,,,,,,,,,,,,,,,,,,,,,,,,,,,,,,,,,,,,,,,,,,,,,,2009-04-22,,0.38,,pre-market,,,,,,,,,,,,,123.5294,,,,,,,,,,,,
2009-06-30,EQIX,,,,,,,,,,,,,,,,,,,,,,,,,,,,,,,,,,,,,,0.11,,,0.31,,,,,,,,,,,,,,,,,,,,,,,,,,,,,,,,,,,,,,,,,,,,,,,,,2009-07-22,,0.42,,pre-market,,,,,,,,,,,,,35.4839,,,,,,,,,,,,
2009-09-30,EQIX,,,,,,,,,,,,,,,,,,,,,,,,,,,,,,,,,,,,,,0.16,,,0.28,,,,,,,,,,,,,,,,,,,,,,,,,,,,,,,,,,,,,,,,,,,,,,,,,2009-10-21,,0.44,,pre-market,,,,,,,,,,,,,57.1429,,,,,,,,,,,,
2009-12-31,EQIX,,,,,,,,,,,,,,,,,,,,,,,,,,,,,,,,,,,,,,0.1,,,0.32,,,,,,,,,,,,,,,,,,,,,,,,,,,,,,,,,,,,,,,,,,,,,,,,,2010-02-10,,0.42,,pre-market,,,,,,,,,,,,,31.25,,,,,,,,,,,,
2010-03-31,EQIX,,,,,,,,,,,,,,,,,,,,,,,,,,,,,,,,,,,,,,-0.08,,,0.41,,,,,,,,,,,,,,,,,,,,,,,,,,,,,,,,,,,,,,,,,,,,,,,,,2010-04-21,,0.33,,pre-market,,,,,,,,,,,,,-19.5122,,,,,,,,,,,,
2010-06-30,EQIX,,,,,,,,,,,,,,,,,,,,,,,,,,,,,,,,,,,,,,-0.29,,,0.24,,,,,,,,,,,,,,,,,,,,,,,,,,,,,,,,,,,,,,,,,,,,,,,,,2010-07-28,,-0.05,,pre-market,,,,,,,,,,,,,-120.8333,,,,,,,,,,,,
2010-09-30,EQIX,,,,,,,,,,,,,,,,,,,,,,,,,,,,,,,,,,,,,,-0.01,,,0.24,,,,,,,,,,,,,,,,,,,,,,,,,,,,,,,,,,,,,,,,,,,,,,,,,2010-10-26,,0.23,,pre-market,,,,,,,,,,,,,-4.1667,,,,,,,,,,,,
2010-12-31,EQIX,,,,,,,,,,,,,,,,,,,,,,,,,,,,,,,,,,,,,,0.06,,,0.21,,,,,,,,,,,,,,,,,,,,,,,,,,,,,,,,,,,,,,,,,,,,,,,,,2011-02-09,,0.27,,pre-market,,,,,,,,,,,,,28.5714,,,,,,,,,,,,
2011-03-31,EQIX,,,,,,,,,,,,,,,,,,,,,,,,,,,,,,,,,,,,,,0.22,,,0.28,,,,,,,,,,,,,,,,,,,,,,,,,,,,,,,,,,,,,,,,,,,,,,,,,2011-04-27,,0.5,,pre-market,,,,,,,,,,,,,78.5714,,,,,,,,,,,,
2011-06-30,EQIX,,,,,,,,,,,,,,,,,,,,,,,,,,,,,,,,,,,,,,0.15,,,0.45,,,,,,,,,,,,,,,,,,,,,,,,,,,,,,,,,,,,,,,,,,,,,,,,,2011-07-27,,0.6,,pre-market,,,,,,,,,,,,,33.3333,,,,,,,,,,,,
2011-09-30,EQIX,,,,,,,,,,,,,,,,,,,,,,,,,,,,,,,,,,,,,,-0.22,,,0.41,,,,,,,,,,,,,,,,,,,,,,,,,,,,,,,,,,,,,,,,,,,,,,,,,2011-10-26,,0.19,,pre-market,,,,,,,,,,,,,-53.6585,,,,,,,,,,,,
2011-12-31,EQIX,,,,,,,,,,,,,,,,,,,,,,,,,,,,,,,,,,,,,,-0.08,,,0.41,,,,,,,,,,,,,,,,,,,,,,,,,,,,,,,,,,,,,,,,,,,,,,,,,2012-02-15,,0.33,,pre-market,,,,,,,,,,,,,-19.5122,,,,,,,,,,,,
2012-03-31,EQIX,,,,,,,,,,,,,,,,,,,,,,,,,,,,,,,,,,,,,,0.18,,,0.49,,,,,,,,,,,,,,,,,,,,,,,,,,,,,,,,,,,,,,,,,,,,,,,,,2012-04-25,,0.67,,pre-market,,,,,,,,,,,,,36.7347,,,,,,,,,,,,
2012-06-30,EQIX,,,,,,,,,,,,,,,,,,,,,,,,,,,,,,,,,,,,,,0.12,,,0.57,,,,,,,,,,,,,,,,,,,,,,,,,,,,,,,,,,,,,,,,,,,,,,,,,2012-07-25,,0.69,,pre-market,,,,,,,,,,,,,21.0526,,,,,,,,,,,,
2012-09-30,EQIX,,,,,,,,,,,,,,,,,,,,,,,,,,,,,,,,,,,,,,0.0,,,0.55,,,,,,,,,,,,,,,,,,,,,,,,,,,,,,,,,,,,,,,,,,,,,,,,,2012-11-01,,0.55,,pre-market,,,,,,,,,,,,,0.0,,,,,,,,,,,,
2012-12-31,EQIX,,,,,,,,,,,,,,,,,,,,,,,,,,,,,,,,,,,,,,0.33,,,0.59,,,,,,,,,,,,,,,,,,,,,,,,,,,,,,,,,,,,,,,,,,,,,,,,,2013-02-13,,0.92,,pre-market,,,,,,,,,,,,,55.9322,,,,,,,,,,,,
2013-03-31,EQIX,,,,,,,,,,,,,,,,,,,,,,,,,,,,,,,,,,,,,,-0.06,,,0.73,,,,,,,,,,,,,,,,,,,,,,,,,,,,,,,,,,,,,,,,,,,,,,,,,2013-04-24,,0.67,,pre-market,,,,,,,,,,,,,-8.2192,,,,,,,,,,,,
2013-06-30,EQIX,,,,,,,,,,,,,,,,,,,,,,,,,,,,,,,,,,,,,,-0.2,,,0.67,,,,,,,,,,,,,,,,,,,,,,,,,,,,,,,,,,,,,,,,,,,,,,,,,2013-07-24,,0.47,,pre-market,,,,,,,,,,,,,-29.8507,,,,,,,,,,,,
2013-09-30,EQIX,,,,,,,,,,,,,,,,,,,,,,,,,,,,,,,,,,,,,,0.13,,,0.55,,,,,,,,,,,,,,,,,,,,,,,,,,,,,,,,,,,,,,,,,,,,,,,,,2013-10-23,,0.68,,pre-market,,,,,,,,,,,,,23.6364,,,,,,,,,,,,
2013-12-31,EQIX,,,,,,,,,,,,,,,,,,,,,,,,,,,,,,,,,,,,,,0.09,,,0.74,,,,,,,,,,,,,,,,,,,,,,,,,,,,,,,,,,,,,,,,,,,,,,,,,2014-02-19,,0.83,,pre-market,,,,,,,,,,,,,12.1622,,,,,,,,,,,,
2014-03-31,EQIX,,,,,,,,,,,,,,,,,,,,,,,,,,,,,,,,,,,,,,0.09,,,0.68,,,,,,,,,,,,,,,,,,,,,,,,,,,,,,,,,,,,,,,,,,,,,,,,,2014-04-30,,0.77,,pre-market,,,,,,,,,,,,,13.2353,,,,,,,,,,,,
2014-06-30,EQIX,,,,,,,,,,,,,,,,,,,,,,,,,,,,,,,,,,,,,,0.05,,,0.77,,,,,,,,,,,,,,,,,,,,,,,,,,,,,,,,,,,,,,,,,,,,,,,,,2014-07-30,,0.82,,pre-market,,,,,,,,,,,,,6.4935,,,,,,,,,,,,
2014-09-30,EQIX,,,,,,,,,,,,,,,,,,,,,,,,,,,,,,,,,,,,,,-0.09,,,0.86,,,,,,,,,,,,,,,,,,,,,,,,,,,,,,,,,,,,,,,,,,,,,,,,,2014-10-29,,0.77,,post-market,,,,,,,,,,,,,-10.4651,,,,,,,,,,,,
2014-12-31,EQIX,,,,,,,,,,,,,,,,,,,,,,,,,,,,,,,,,,,,,,-1.54,,,1.0,,,,,,,,,,,,,,,,,,,,,,,,,,,,,,,,,,,,,,,,,,,,,,,,,2015-02-19,,-0.54,,post-market,,,,,,,,,,,,,-154.0,,,,,,,,,,,,
2015-03-31,EQIX,,,,,,,,,,,,,,,,,,,,,,,,,,,,,,,,,,,,,,0.49,,,0.81,,,,,,,,,,,,,,,,,,,,,,,,,,,,,,,,,,,,,,,,,,,,,,,,,2015-04-29,,1.3,,post-market,,,,,,,,,,,,,60.4938,,,,,,,,,,,,
2015-06-30,EQIX,,,,,,,,,,,,,,,,,,,,,,,,,,,,,,,,,,,,,,-0.11,,,1.11,,,,,,,,,,,,,,,,,,,,,,,,,,,,,,,,,,,,,,,,,,,,,,,,,2015-07-29,,1.0,,post-market,,,,,,,,,,,,,-9.9099,,,,,,,,,,,,
2015-09-30,EQIX,,,,,,,,,,,,,,,,,,,,,,,,,,,,,,,,,,,,,,-0.39,,,1.1,,,,,,,,,,,,,,,,,,,,,,,,,,,,,,,,,,,,,,,,,,,,,,,,,2015-10-28,,0.71,,post-market,,,,,,,,,,,,,-35.4545,,,,,,,,,,,,
2015-12-31,EQIX,,,,,,,,,,,,,,,,,,,,,,,,,,,,,,,,,,,,,,-0.96,,,1.14,,,,,,,,,,,,,,,,,,,,,,,,,,,,,,,,,,,,,,,,,,,,,,,,,2016-02-18,,0.18,,post-market,,,,,,,,,,,,,-84.2105,,,,,,,,,,,,
2016-03-31,EQIX,,,,,,,,,,,,,,,,,,,,,,,,,,,,,,,,,,,,,,-0.88,,,0.35,,,,,,,,,,,,,,,,,,,,,,,,,,,,,,,,,,,,,,,,,,,,,,,,,2016-05-04,,-0.53,,post-market,,,,,,,,,,,,,-251.4286,,,,,,,,,,,,
2016-06-30,EQIX,,,,,,,,,,,,,,,,,,,,,,,,,,,,,,,,,,,,,,0.02,,,0.63,,,,,,,,,,,,,,,,,,,,,,,,,,,,,,,,,,,,,,,,,,,,,,,,,2016-08-03,,0.65,,post-market,,,,,,,,,,,,,3.1746,,,,,,,,,,,,
2016-09-30,EQIX,,,,,,,,,,,,,,,,,,,,,,,,,,,,,,,,,,,,,,0.14,,,0.69,,,,,,,,,,,,,,,,,,,,,,,,,,,,,,,,,,,,,,,,,,,,,,,,,2016-11-02,,0.83,,post-market,,,,,,,,,,,,,20.2899,,,,,,,,,,,,
2016-12-31,EQIX,,,,,,,,,,,,,,,,,,,,,,,,,,,,,,,,,,,,,,0.12,,,0.74,,,,,,,,,,,,,,,,,,,,,,,,,,,,,,,,,,,,,,,,,,,,,,,,,2017-02-15,,0.86,,post-market,,,,,,,,,,,,,16.2162,,,,,,,,,,,,
2017-03-31,EQIX,,,,,,,,,,,,,,,,,,,,,,,,,,,,,,,,,,,,,,-0.27,,,0.84,,,,,,,,,,,,,,,,,,,,,,,,,,,,,,,,,,,,,,,,,,,,,,,,,2017-04-26,,0.57,,post-market,,,,,,,,,,,,,-32.1429,,,,,,,,,,,,
2017-06-30,EQIX,,,,,,,,,,,,,,,,,,,,,,,,,,,,,,,,,,,,,,-0.49,,,1.07,,,,,,,,,,,,,,,,,,,,,,,,,,,,,,,,,,,,,,,,,,,,,,,,,2017-08-02,,0.58,,post-market,,,,,,,,,,,,,-45.7944,,,,,,,,,,,,
2017-09-30,EQIX,,,,,,,,,,,,,,,,,,,,,,,,,,,,,,,,,,,,,,-0.15,,,1.17,,,,,,,,,,,,,,,,,,,,,,,,,,,,,,,,,,,,,,,,,,,,,,,,,2017-11-01,,1.02,,post-market,,,,,,,,,,,,,-12.8205,,,,,,,,,,,,
2017-12-31,EQIX,,,,,,,,,,,,,,,,,,,,,,,,,,,,,,,,,,,,,,-0.35,,,1.17,,,,,,,,,,,,,,,,,,,,,,,,,,,,,,,,,,,,,,,,,,,,,,,,,2018-02-14,,0.82,,post-market,,,,,,,,,,,,,-29.9145,,,,,,,,,,,,
2018-03-31,EQIX,,,,,,,,,,,,,,,,,,,,,,,,,,,,,,,,,,,,,,-0.25,,,1.04,,,,,,,,,,,,,,,,,,,,,,,,,,,,,,,,,,,,,,,,,,,,,,,,,2018-05-02,,0.79,,post-market,,,,,,,,,,,,,-24.0385,,,,,,,,,,,,
2018-06-30,EQIX,,,,,,,,,,,,,,,,,,,,,,,,,,,,,,,,,,,,,,-0.08,,,0.93,,,,,,,,,,,,,,,,,,,,,,,,,,,,,,,,,,,,,,,,,,,,,,,,,2018-08-08,,0.85,,post-market,,,,,,,,,,,,,-8.6022,,,,,,,,,,,,
2018-09-30,EQIX,,,,,,,,,,,,,,,,,,,,,,,,,,,,,,,,,,,,,,0.5,,,0.98,,,,,,,,,,,,,,,,,,,,,,,,,,,,,,,,,,,,,,,,,,,,,,,,,2018-11-01,,1.48,,post-market,,,,,,,,,,,,,51.0204,,,,,,,,,,,,
2018-12-31,EQIX,,,,,,,,,,,,,,,,,,,,,,,,,,,,,,,,,,,,,,0.13,,,1.23,,,,,,,,,,,,,,,,,,,,,,,,,,,,,,,,,,,,,,,,,,,,,,,,,2019-02-13,,1.36,,post-market,,,,,,,,,,,,,10.5691,,,,,,,,,,,,
2019-03-31,EQIX,,,,,,,,,,,,,,,,,,,,,,,,,,,,,,,,,,,,,,0.13,,,1.44,,,,,,,,,,,,,,,,,,,,,,,,,,,,,,,,,,,,,,,,,,,,,,,,,2019-05-01,,1.57,,post-market,,,,,,,,,,,,,9.0278,,,,,,,,,,,,
2019-06-30,EQIX,,,,,,,,,,,,,,,,,,,,,,,,,,,,,,,,,,,,,,0.12,,,1.57,,,,,,,,,,,,,,,,,,,,,,,,,,,,,,,,,,,,,,,,,,,,,,,,,2019-07-31,,1.69,,post-market,,,,,,,,,,,,,7.6433,,,,,,,,,,,,
2019-09-30,EQIX,,,,,,,,,,,,,,,,,,,,,,,,,,,,,,,,,,,,,,-0.26,,,1.67,,,,,,,,,,,,,,,,,,,,,,,,,,,,,,,,,,,,,,,,,,,,,,,,,2019-10-30,,1.41,,post-market,,,,,,,,,,,,,-15.5689,,,,,,,,,,,,
2019-12-31,EQIX,,,,,,,,,,,,,,,,,,,,,,,,,,,,,,,,,,,,,,-0.1,,,1.56,,,,,,,,,,,,,,,,,,,,,,,,,,,,,,,,,,,,,,,,,,,,,,,,,2020-02-12,,1.46,,post-market,,,,,,,,,,,,,-6.4103,,,,,,,,,,,,
2020-03-31,EQIX,,,,,,,,,,,,,,,,,,,,,,,,,,,,,,,,,,,,,,-0.43,,,1.81,,,,,,,,,,,,,,,,,,,,,,,,,,,,,,,,,,,,,,,,,,,,,,,,,2020-05-06,,1.38,,post-market,,,,,,,,,,,,,-23.7569,,,,,,,,,,,,
2020-06-30,EQIX,,,,,,,,,,,,,,,,,,,,,,,,,,,,,,,,,,,,,,-0.12,,,1.64,,,,,,,,,,,,,,,,,,,,,,,,,,,,,,,,,,,,,,,,,,,,,,,,,2020-07-29,,1.52,,post-market,,,,,,,,,,,,,-7.3171,,,,,,,,,,,,
2020-09-30,EQIX,,,,,,,,,,,,,,,,,,,,,,,,,,,,,,,,,,,,,,-0.94,,,1.68,,,,,,,,,,,,,,,,,,,,,,,,,,,,,,,,,,,,,,,,,,,,,,,,,2020-10-28,,0.74,,post-market,,,,,,,,,,,,,-55.9524,,,,,,,,,,,,
2020-12-31,EQIX,,,,,,,,,,,,,,,,,,,,,,,,,,,,,,,,,,,,,,-0.96,,,1.53,,,,,,,,,,,,,,,,,,,,,,,,,,,,,,,,,,,,,,,,,,,,,,,,,2021-02-10,,0.57,,post-market,,,,,,,,,,,,,-62.7451,,,,,,,,,,,,
2021-03-31,EQIX,,,,,,,,,,,,,,,,,,,,,,,,,,,,,,,,,,,,,,0.03,,,1.71,,,,,,,,,,,,,,,,,,,,,,,,,,,,,,,,,,,,,,,,,,,,,,,,,2021-04-28,,1.74,,post-market,,,,,,,,,,,,,1.7544,,,,,,,,,,,,
2021-06-30,EQIX,,,,,,,,,,,,,,,,,,,,,,,,,,,,,,,,,,,,,,0.04,,,1.85,,,,,,,,,,,,,,,,,,,,,,,,,,,,,,,,,,,,,,,,,,,,,,,,,2021-07-28,,1.89,,post-market,,,,,,,,,,,,,2.1622,,,,,,,,,,,,
2021-09-30,EQIX,,,,,,,,,,,,,,,,,,,,,,,,,,,,,,,,,,,,,,0.11,,,1.57,,,,,,,,,,,,,,,,,,,,,,,,,,,,,,,,,,,,,,,,,,,,,,,,,2021-11-03,,1.68,,post-market,,,,,,,,,,,,,7.0064,,,,,,,,,,,,
2021-12-31,EQIX,,,,,,,,,,,,,,,,,,,,,,,,,,,,,,,,,,,,,,-0.05,,,1.41,,,,,,,,,,,,,,,,,,,,,,,,,,,,,,,,,,,,,,,,,,,,,,,,,2022-02-16,,1.36,,post-market,,,,,,,,,,,,,-3.5461,,,,,,,,,,,,
2022-03-31,EQIX,,,,,,,,,,,,,,,,,,,,,,,,,,,,,,,,,,,,,,-0.03,,,1.65,,,,,,,,,,,,,,,,,,,,,,,,,,,,,,,,,,,,,,,,,,,,,,,,,2022-04-27,,1.62,,post-market,,,,,,,,,,,,,-1.8182,,,,,,,,,,,,
2022-06-30,EQIX,,,,,,,,,,,,,,,,,,,,,,,,,,,,,,,,,,,,,,0.57,,,1.8,,,,,,,,,,,,,,,,,,,,,,,,,,,,,,,,,,,,,,,,,,,,,,,,,2022-07-27,,2.37,,post-market,,,,,,,,,,,,,31.6667,,,,,,,,,,,,
2022-09-30,EQIX,,,,,,,,,,,,,,,,,,,,,,,,,,,,,,,,,,,,,,0.52,,,1.78,,,,,,,,,,,,,,,,,,,,,,,,,,,,,,,,,,,,,,,,,,,,,,,,,2022-11-02,,2.3,,post-market,,,,,,,,,,,,,29.2135,,,,,,,,,,,,
2022-12-31,EQIX,,,,,,,,,,,,,,,,,,,,,,,,,,,,,,,,,,,,,,-0.35,,,1.74,,,,,,,,,,,,,,,,,,,,,,,,,,,,,,,,,,,,,,,,,,,,,,,,,2023-02-15,,1.39,,post-market,,,,,,,,,,,,,-20.1149,,,,,,,,,,,,
2023-03-31,EQIX,,,,,,,,,,,,,,,,,,,,,,,,,,,,,,,,,,,,,,0.58,,,2.19,,,,,,,,,,,,,,,,,,,,,,,,,,,,,,,,,,,,,,,,,,,,,,,,,2023-05-03,,2.77,,post-market,,,,,,,,,,,,,26.484,,,,,,,,,,,,
2023-06-30,EQIX,,,,,,,,,,,,,,,,,,,,,,,,,,,,,,,,,,,,,,0.15,,,2.06,,,,,,,,,,,,,,,,,,,,,,,,,,,,,,,,,,,,,,,,,,,,,,,,,2023-08-02,,2.21,,post-market,,,,,,,,,,,,,7.2816,,,,,,,,,,,,
2023-09-30,EQIX,,,,,,,,,,,,,,,,,,,,,,,,,,,,,,,,,,,,,,0.78,,,2.15,,,,,,,,,,,,,,,,,,,,,,,,,,,,,,,,,,,,,,,,,,,,,,,,,2023-10-25,,2.93,,post-market,,,,,,,,,,,,,36.2791,,,,,,,,,,,,
2023-12-31,EQIX,,,,,,,,,,,,,,,,,,,,,,,,,,,,,,,,,,,,,,0.23,,,2.17,,,,,,,,,,,,,,,,,,,,,,,,,,,,,,,,,,,,,,,,,,,,,,,,,2024-02-14,,2.4,,post-market,,,,,,,,,,,,,10.5991,,,,,,,,,,,,
2024-03-31,EQIX,,,,,,,,,,,,,,,,,,,,,,,,,,,,,,,,,,,,,,-0.21,,,2.64,,,,,,,,,,,,,,,,,,,,,,,,,,,,,,,,,,,,,,,,,,,,,,,,,2024-05-08,,2.43,,post-market,,,,,,,,,,,,,-7.9545,,,,,,,,,,,,
2024-06-30,EQIX,,,,,,,,,,,,,,,,,,,,,,,,,,,,,,,,,,,,,,0.49,,,2.67,,,,,,,,,,,,,,,,,,,,,,,,,,,,,,,,,,,,,,,,,,,,,,,,,2024-08-07,,3.16,,post-market,,,,,,,,,,,,,18.3521,,,,,,,,,,,,
2024-09-30,EQIX,,,,,,,,,,,,,,,,,,,,,,,,,,,,,,,,,,,,,,0.14,,,2.96,,,,,,,,,,,,,,,,,,,,,,,,,,,,,,,,,,,,,,,,,,,,,,,,,2024-10-30,,3.1,,post-market,,,,,,,,,,,,,4.7297,,,,,,,,,,,,
2024-12-31,EQIX,,,,,,,,,,,,,,,,,,,,,,,,,,,,,,,,,,,,,,0.23,,,2.74,,,,,,,,,,,,,,,,,,,,,,,,,,,,,,,,,,,,,,,,,,,,,,,,,2025-02-12,,2.97,,post-market,,,,,,,,,,,,,8.3942,,,,,,,,,,,,
2025-03-31,EQIX,,,,,,,,,,,,,,,,,,,,,,,,,,,,,,,,,,,,,,0.68,,,2.97,,,,,,,,,,,,,,,,,,,,,,,,,,,,,,,,,,,,,,,,,,,,,,,,,2025-04-30,,3.65,,post-market,,,,,,,,,,,,,22.8956,,,,,,,,,,,,
2025-06-30,EQIX,,,,,,,,,,,,,,,,,,,,,,,,,,,,,,,,,,,,,,0.36,,,3.44,,,,,,,,,,,,,,,,,,,,,,,,,,,,,,,,,,,,,,,,,,,,,,,,,2025-07-30,,3.8,,post-market,,,,,,,,,,,,,10.4651,,,,,,,,,,,,
2025-09-30,EQIX,,,,,,,,,,,,,,,,,,,,,,,,,,,,,,,,,,,,,,0.2859,,,3.6,,,,,,,,,,,,,,,,,,,,,,,,,,,,,,,,,,,,,,,,,,,,,,,,,2025-10-29,,3.8859,,post-market,,,,,,,,,,,,,7.9417,,,,,,,,,,,,
2025-12-28,EQIX,10.92,9076000000.0,69.9,,1.037,144.18,,,,,,,,,,,,,,,,,,,,,,,,,,18.33,0.0242,,,,0.229,0.2859,,,3.6,,46.95,,4570000000.0,,,,,,,,,,,,,,,,,,,0.218,,,,,,,,,,,,,2.668,5.26,8.26,,,,,,,,0.118,,,2025-10-29,,3.8859,,post-market,,,0.032,0.077,0.066,93.04,,,,,807.26,783.28,7.9417,,,,,,,,,69.9,,943.1,689.25
2025-12-28,EQIX,10.92,9076000000.0,69.9,,1.037,144.18,,,,,,,,,,,,,,,None,1142000000,1142000000,,,,,,None,537000000,,18.33,0.0242,,,,0.229,0.2859,527000000,1064000000,3.6,2025-09-30,46.95,,4570000000.0,1174000000,399000000,25000000,,,None,128000000,53000000,,None,,,,,374000000,374000000,-75000000,None,0.218,,700000000,474000000,,,,,None,,,,,2.668,5.26,8.26,,,,,,,,0.118,,,2025-10-29,quarterly,3.8859,USD,post-market,None,,0.032,0.077,0.066,93.04,470000000,,,,807.26,783.28,7.9417,,,,,,,2316000000,,69.9,,943.1,689.25
2025-12-28,EQIX,10.92,9076000000.0,69.9,,1.037,144.18,,,,,,,,,,,,,,,None,1084000000,1084000000,,,,,,None,499000000,,18.33,0.0242,,,,0.229,0.2859,540000000,1039000000,3.6,2025-06-30,46.95,,4570000000.0,1172000000,405000000,38000000,,,None,135000000,52000000,,None,,,,,368000000,367000000,-83000000,None,0.218,,678000000,494000000,,,,,None,,,,,2.668,5.26,8.26,,,,,,,,0.118,,,2025-10-29,quarterly,3.8859,USD,post-market,None,,0.032,0.077,0.066,93.04,451000000,,,,807.26,783.28,7.9417,,,,,,,2256000000,,69.9,,943.1,689.25
2025-12-28,EQIX,10.92,9076000000.0,69.9,,1.037,144.18,,,,,,,,,,,,,,,None,1084000000,1084000000,,,,,,None,479000000,,18.33,0.0242,,,,0.229,0.2859,514000000,993000000,3.6,2025-03-31,46.95,,4570000000.0,1141000000,392000000,49000000,,,None,122000000,47000000,,None,,,,,343000000,343000000,-75000000,None,0.218,,683000000,458000000,,,,,None,,,,,2.668,5.26,8.26,,,,,,,,0.118,,,2025-10-29,quarterly,3.8859,USD,post-market,None,,0.032,0.077,0.066,93.04,438000000,,,,807.26,783.28,7.9417,,,,,,,2225000000,,69.9,,943.1,689.25
2025-12-28,EQIX,10.92,9076000000.0,69.9,,1.037,144.18,,,,,,,,,,,,,,,None,1196000000,1196000000,,,,,,None,498000000,,18.33,0.0242,,,,0.229,0.2859,126000000,624000000,3.6,2024-12-31,46.95,,4570000000.0,1065000000,-269000000,14000000,,,None,126000000,49000000,,None,,,,,-14000000,-14000000,-77000000,None,0.218,,962000000,103000000,,,,,None,,,,,2.668,5.26,8.26,,,,,,,,0.118,,,2025-10-29,quarterly,3.8859,USD,post-market,None,,0.032,0.077,0.066,93.04,451000000,,,,807.26,783.28,7.9417,,,,,,,2261000000,,69.9,,943.1,689.25
2025-12-28,EQIX,10.92,9076000000.0,69.9,,1.037,144.18,,,,,,,,,,,,,,,None,1098000000,1098000000,,,,,,None,496000000,,18.33,0.0242,,,,0.229,0.2859,467000000,963000000,3.6,2024-09-30,46.95,,4570000000.0,1103000000,350000000,54000000,,,None,117000000,35000000,,None,,,,,297000000,296000000,-82000000,None,0.218,,678000000,425000000,,,,,None,,,,,2.668,5.26,8.26,,,,,,,,0.118,,,2025-10-29,quarterly,3.8859,USD,post-market,None,,0.032,0.077,0.066,93.04,434000000,,,,807.26,783.28,7.9417,,,,,,,2201000000,,69.9,,943.1,689.25
2025-12-28,EQIX,10.92,9076000000.0,69.9,,1.037,144.18,,,,,,,,,,,,,,,None,1082000000,1082000000,,,,,,None,489000000,,18.33,0.0242,,,,0.229,0.2859,458000000,947000000,3.6,2024-06-30,46.95,,4570000000.0,1077000000,348000000,47000000,,,None,110000000,29000000,,None,,,,,301000000,301000000,-81000000,None,0.218,,641000000,436000000,,,,,None,,,,,2.668,5.26,8.26,,,,,,,,0.118,,,2025-10-29,quarterly,3.8859,USD,post-market,None,,0.032,0.077,0.066,93.04,437000000,,,,807.26,783.28,7.9417,,,,,,,2159000000,,69.9,,943.1,689.25
2025-12-28,EQIX,10.92,9076000000.0,69.9,,1.037,144.18,,,,,,,,,,,,,,,None,1091000000,1091000000,,,,,,None,526000000,,18.33,0.0242,,,,0.229,0.2859,381000000,907000000,3.6,2024-03-31,46.95,,4570000000.0,1036000000,277000000,46000000,,,None,104000000,24000000,,None,,,,,231000000,231000000,-80000000,None,0.218,,672000000,364000000,,,,,None,,,,,2.668,5.26,8.26,,,,,,,,0.118,,,2025-10-29,quarterly,3.8859,USD,post-market,None,,0.032,0.077,0.066,93.04,444000000,,,,807.26,783.28,7.9417,,,,,,,2127000000,,69.9,,943.1,689.25
2025-12-28,EQIX,10.92,9076000000.0,69.9,,1.037,144.18,,,,,,,,,,,,,,,None,1091776000,1091776000,,,,,,None,463463000,,18.33,0.0242,,,,0.229,0.2859,373485000,836948000,3.6,2023-12-31,46.95,,4570000000.0,1018713000,270302000,42825000,,,None,103183000,28225000,,None,,,,,227568000,227477000,-74958000,None,0.218,,672297000,346416000,,,,,None,,,,,2.668,5.26,8.26,,,,,,,,0.118,,,2025-10-29,quarterly,3.8859,USD,post-market,None,,0.032,0.077,0.066,93.04,448849000,,,,807.26,783.28,7.9417,,,,,,,2110489000,,69.9,,943.1,689.25
2025-12-28,EQIX,10.92,9076000000.0,69.9,,1.037,144.18,,,,,,,,,,,,,,,None,1069000000,1069000000,,,,,,None,463000000,,18.33,0.0242,,,,0.229,0.2859,398000000,861000000,3.6,2023-09-30,46.95,,4570000000.0,992000000,296000000,20000000,,,None,102000000,23111000,,None,,,,,275794000,275760000,-78274000,None,0.218,,611000000,381000000,,,,,None,,,,,2.668,5.26,8.26,,,,,,,,0.118,,,2025-10-29,quarterly,3.8859,USD,post-market,None,,0.032,0.077,0.066,93.04,404000000,,,,807.26,783.28,7.9417,,,,,,,2061030000,,69.9,,943.1,689.25
2025-12-28,EQIX,10.92,9076000000.0,69.9,,1.037,144.18,,,,,,,,,,,,,,,None,1061000000,1061000000,,,,,,None,462000000,,18.33,0.0242,,,,0.229,0.2859,344000000,806000000,3.6,2023-06-30,46.95,,4570000000.0,958000000,244000000,37000000,,,None,100000000,23503000,,None,,,,,207000000,207013000,-76470000,None,0.218,,626000000,332000000,,,,,11985000,,,,,2.668,5.26,8.26,,,,,,,,0.118,,,2025-10-29,quarterly,3.8859,USD,post-market,None,,0.032,0.077,0.066,93.04,406000000,,,,807.26,783.28,7.9417,,,,,,,2018408000,,69.9,,943.1,689.25
2025-12-28,EQIX,10.92,9076000000.0,69.9,,1.037,144.18,,,,,,,,,,,,,,,None,1006000000,1006000000,,,,,,None,457000000,,18.33,0.0242,,,,0.229,0.2859,411000000,868000000,3.6,2023-03-31,46.95,,4570000000.0,992000000,314000000,55000000,,,None,97000000,19388000,,None,,,,,259000000,258730000,-78093000,None,0.218,,608000000,384000000,,,,,27145000,,,,,2.668,5.26,8.26,,,,,,,,0.118,,,2025-10-29,quarterly,3.8859,USD,post-market,None,,0.032,0.077,0.066,93.04,395000000,,,,807.26,783.28,7.9417,,,,,,,1998209000,,69.9,,943.1,689.25
2025-12-28,EQIX,10.92,9076000000.0,69.9,,1.037,144.18,,,,,,,,,,,,,,,None,970700000,970700000,,,,,,None,437406000,,18.33,0.0242,,,,0.229,0.2859,271910000,709316000,3.6,2022-12-31,46.95,,4570000000.0,900145000,177710000,48807000,,,None,94200000,18462000,,None,,,,,128763000,128903000,-75738000,None,0.218,,617945000,282200000,,,,,-10290000,,,,,2.668,5.26,8.26,,,,,,,,0.118,,,2025-10-29,quarterly,3.8859,USD,post-market,None,,0.032,0.077,0.066,93.04,400183000,,,,807.26,783.28,7.9417,,,,,,,1870845000,,69.9,,943.1,689.25
2025-12-28,EQIX,10.92,9076000000.0,69.9,,1.037,144.18,,,,,,,,,,,,,,,None,934669000,934669000,,,,,,None,430192000,,18.33,0.0242,,,,0.229,0.2859,337691000,767883000,3.6,2022-09-30,46.95,,4570000000.0,905990000,246345000,34606000,,,None,91346000,11192000,,None,,,,,211807000,211739000,-80154000,None,0.218,,572831000,333159000,,,,,4532000,,,,,2.668,5.26,8.26,,,,,,,,0.118,,,2025-10-29,quarterly,3.8859,USD,post-market,None,,0.032,0.077,0.066,93.04,375483000,,,,807.26,783.28,7.9417,,,,,,,1840659000,,69.9,,943.1,689.25
2025-12-28,EQIX,10.92,9076000000.0,69.9,,1.037,144.18,,,,,,,,,,,,,,,None,930257000,930257000,,,,,,None,433270000,,18.33,0.0242,,,,0.229,0.2859,315703000,748973000,3.6,2022-06-30,46.95,,4570000000.0,886897000,224877000,8635000,,,None,90826000,4508000,,None,,,,,216322000,216242000,-86318000,None,0.218,,569044000,317853000,,,,,-2150000,,,,,2.668,5.26,8.26,,,,,,,,0.118,,,2025-10-29,quarterly,3.8859,USD,post-market,None,,0.032,0.077,0.066,93.04,370348000,,,,807.26,783.28,7.9417,,,,,,,1817154000,,69.9,,943.1,689.25
2025-12-28,EQIX,10.92,9076000000.0,69.9,,1.037,144.18,,,,,,,,,,,,,,,None,915875000,915875000,,,,,,None,435340000,,18.33,0.0242,,,,0.229,0.2859,260402000,695742000,3.6,2022-03-31,46.95,,4570000000.0,818572000,180437000,32744000,,,None,79965000,2106000,,None,,,,,147453000,147693000,-77859000,None,0.218,,551256000,267316000,,,,,-6914000,,,,,2.668,5.26,8.26,,,,,,,,0.118,,,2025-10-29,quarterly,3.8859,USD,post-market,None,,0.032,0.077,0.066,93.04,352687000,,,,807.26,783.28,7.9417,,,,,,,1734447000,,69.9,,943.1,689.25
2025-12-28,EQIX,10.92,9076000000.0,69.9,,1.037,144.18,,,,,,,,,,,,,,,None,910435000,910435000,,,,,,None,426101000,,18.33,0.0242,,,,0.229,0.2859,245267000,671368000,3.6,2021-12-31,46.95,,4570000000.0,795943000,165040000,41899000,,,None,80227000,1130000,,None,,,,,123274000,123141000,-79097000,None,0.218,,546218000,249725000,,,,,-4458000,,,,,2.668,5.26,8.26,,,,,,,,0.118,,,2025-10-29,quarterly,3.8859,USD,post-market,None,,0.032,0.077,0.066,93.04,343711000,,,,807.26,783.28,7.9417,,,,,,,1706378000,,69.9,,943.1,689.25
2025-12-28,EQIX,10.92,9076000000.0,69.9,,1.037,144.18,,,,,,,,,,,,,,,None,885650000,885650000,,,,,,None,418931000,,18.33,0.0242,,,,0.229,0.2859,284193000,703124000,3.6,2021-09-30,46.95,,4570000000.0,789526000,205250000,53224000,,,None,78943000,411000,,None,,,,,152216000,152026000,-78532000,None,0.218,,507405000,282121000,,,,,2072000,,,,,2.668,5.26,8.26,,,,,,,,0.118,,,2025-10-29,quarterly,3.8859,USD,post-market,None,,0.032,0.077,0.066,93.04,334625000,,,,807.26,783.28,7.9417,,,,,,,1675176000,,69.9,,943.1,689.25
2025-12-28,EQIX,10.92,9076000000.0,69.9,,1.037,144.18,,,,,,,,,,,,,,,None,865120000,865120000,,,,,,None,416241000,,18.33,0.0242,,,,0.229,0.2859,137191000,553432000,3.6,2021-06-30,46.95,,4570000000.0,792799000,49960000,-18527000,,,None,87231000,374000,,None,,,,,68339000,68487000,-86857000,None,0.218,,514145000,278654000,,,,,-141463000,,,,,2.668,5.26,8.26,,,,,,,,0.118,,,2025-10-29,quarterly,3.8859,USD,post-market,None,,0.032,0.077,0.066,93.04,322005000,,,,807.26,783.28,7.9417,,,,,,,1657919000,,69.9,,943.1,689.25
2025-12-28,EQIX,10.92,9076000000.0,69.9,,1.037,144.18,,,,,,,,,,,,,,,None,811217000,811217000,,,,,,None,395017000,,18.33,0.0242,,,,0.229,0.2859,278383000,673400000,3.6,2021-03-31,46.95,,4570000000.0,784847000,188702000,32628000,,,None,89681000,729000,,None,,,,,156362000,156074000,-88952000,None,0.218,,487185000,297662000,,,,,-19279000,,,,,2.668,5.26,8.26,,,,,,,,0.118,,,2025-10-29,quarterly,3.8859,USD,post-market,None,,0.032,0.077,0.066,93.04,301456000,,,,807.26,783.28,7.9417,,,,,,,1596064000,,69.9,,943.1,689.25
2025-12-28,EQIX,10.92,9076000000.0,69.9,,1.037,144.18,,,,,,,,,,,,,,,None,830735000,830735000,,,,,,None,378219000,,18.33,0.0242,,,,0.229,0.2859,183152000,561371000,3.6,2020-12-31,46.95,,4570000000.0,733380000,92240000,41304000,,,None,90912000,1244000,,None,,,,,50994000,50936000,-89668000,None,0.218,,504774000,228606000,,,,,-137647000,,,,,2.668,5.26,8.26,,,,,,,,0.118,,,2025-10-29,quarterly,3.8859,USD,post-market,None,,0.032,0.077,0.066,93.04,293144000,,,,807.26,783.28,7.9417,,,,,,,1564115000,,69.9,,943.1,689.25
2025-12-28,EQIX,10.92,9076000000.0,69.9,,1.037,144.18,,,,,,,,,,,,,,,None,767979000,767979000,,,,,,None,360688000,,18.33,0.0242,,,,0.229,0.2859,196470000,557158000,3.6,2020-09-30,46.95,,4570000000.0,751788000,96734000,29903000,,,None,99736000,1452000,,None,,,,,66687000,66831000,-98284000,None,0.218,,463438000,288350000,,,,,1452000,,,,,2.668,5.26,8.26,,,,,,,,0.118,,,2025-10-29,quarterly,3.8859,USD,post-market,None,,0.032,0.077,0.066,93.04,279350000,,,,807.26,783.28,7.9417,,,,,,,1519767000,,69.9,,943.1,689.25
2025-12-28,EQIX,10.92,9076000000.0,69.9,,1.037,144.18,,,,,,,,,,,,,,,None,739344000,739344000,,,,,,None,348593000,,18.33,0.0242,,,,0.229,0.2859,286583000,635176000,3.6,2020-06-30,46.95,,4570000000.0,730777000,178103000,44753000,,,None,108480000,1685000,,None,,,,,133304000,133350000,-106795000,None,0.218,,448289000,282488000,,,,,1685000,,,,,2.668,5.26,8.26,,,,,,,,0.118,,,2025-10-29,quarterly,3.8859,USD,post-market,None,,0.032,0.077,0.066,93.04,256890000,,,,807.26,783.28,7.9417,,,,,,,1470121000,,69.9,,943.1,689.25
2025-12-28,EQIX,10.92,9076000000.0,69.9,,1.037,144.18,,,,,,,,,,,,,,,None,736282000,736282000,,,,,,None,335869000,,18.33,0.0242,,,,0.229,0.2859,256486000,592355000,3.6,2020-03-31,46.95,,4570000000.0,708260000,149148000,30191000,,,None,107338000,4273000,,None,,,,,118792000,118957000,-103065000,None,0.218,,454776000,253484000,,,,,4273000,,,,,2.668,5.26,8.26,,,,,,,,0.118,,,2025-10-29,quarterly,3.8859,USD,post-market,None,,0.032,0.077,0.066,93.04,261597000,,,,807.26,783.28,7.9417,,,,,,,1444542000,,69.9,,943.1,689.25
2025-12-28,EQIX,10.92,9076000000.0,69.9,,1.037,144.18,,,,,,,,,,,,,,,None,725636000,725636000,,,,,,None,330544000,,18.33,0.0242,,,,0.229,0.2859,280084000,610628000,3.6,2019-12-31,46.95,,4570000000.0,691499000,162467000,37632000,,,None,117617000,7532000,,None,,,,,124995000,124835000,-110085000,None,0.218,,378525000,312974000,,,,,-17515000,,,,,2.668,5.26,8.26,,,,,,,,0.118,,,2025-10-29,quarterly,3.8859,USD,post-market,None,,0.032,0.077,0.066,93.04,245504000,,,,807.26,783.28,7.9417,,,,,,,1417135000,,69.9,,943.1,689.25
2025-12-28,EQIX,10.92,9076000000.0,69.9,,1.037,144.18,,,,,,,,,,,,,,,None,704339000,704339000,,,,,,None,321891000,,18.33,0.0242,,,,0.229,0.2859,297312000,619203000,3.6,2019-09-30,46.95,,4570000000.0,692471000,178638000,57827000,,,None,118674000,8201000,,None,,,,,120850000,120811000,-110473000,None,0.218,,407103000,285368000,,,,,8201000,,,,,2.668,5.26,8.26,,,,,,,,0.118,,,2025-10-29,quarterly,3.8859,USD,post-market,None,,0.032,0.077,0.066,93.04,241812000,,,,807.26,783.28,7.9417,,,,,,,1396810000,,69.9,,943.1,689.25
2025-12-28,EQIX,10.92,9076000000.0,69.9,,1.037,144.18,,,,,,,,,,,,,,,None,698179000,698179000,,,,,,None,319224000,,18.33,0.0242,,,,0.229,0.2859,311723000,630947000,3.6,2019-06-30,46.95,,4570000000.0,686798000,191176000,47324000,,,None,120547000,7762000,,None,,,,,143527000,143852000,-112785000,None,0.218,,395017000,291781000,,,,,7762000,,,,,2.668,5.26,8.26,,,,,,,,0.118,,,2025-10-29,quarterly,3.8859,USD,post-market,None,,0.032,0.077,0.066,93.04,232656000,,,,807.26,783.28,7.9417,,,,,,,1384977000,,69.9,,943.1,689.25
2025-12-28,EQIX,10.92,9076000000.0,69.9,,1.037,144.18,,,,,,,,,,,,,,,None,682030000,682030000,,,,,,None,313178000,,18.33,0.0242,,,,0.229,0.2859,283162000,596340000,3.6,2019-03-31,46.95,,4570000000.0,681188000,160316000,42569000,,,None,122846000,110293000,,None,,,,,118078000,117747000,-118644000,None,0.218,,401680000,279508000,,,,,4202000,,,,,2.668,5.26,8.26,,,,,,,,0.118,,,2025-10-29,quarterly,3.8859,USD,post-market,None,,0.032,0.077,0.066,93.04,215046000,,,,807.26,783.28,7.9417,,,,,,,1363218000,,69.9,,943.1,689.25
2025-12-28,EQIX,10.92,9076000000.0,69.9,,1.037,144.18,,,,,,,,,,,,,,,None,670935000,670935000,,,,,,None,306864000,,18.33,0.0242,,,,0.229,0.2859,266054000,572918000,3.6,2018-12-31,46.95,,4570000000.0,639148000,136076000,26054000,,,None,129978000,None,,None,,,,,110022000,110022000,None,None,0.218,,368431000,270717000,,,,,-4686000,,,,,2.668,5.26,8.26,,,,,,,,0.118,,,2025-10-29,quarterly,3.8859,USD,post-market,0,,0.032,0.077,0.066,93.04,206146000,,,,807.26,783.28,7.9417,,,,,,,1310083000,,69.9,,943.1,689.25
2025-12-28,EQIX,10.92,9076000000.0,69.9,,1.037,144.18,,,,,,,,,,,,,,,None,660309000,660309000,,,,,,None,305726000,,18.33,0.0242,,,,0.229,0.2859,273901000,579627000,3.6,2018-09-30,46.95,,4570000000.0,623442000,143335000,18510000,,,None,130566000,None,,None,,,,,124825000,124825000,None,None,0.218,,357689000,265753000,,,,,8148000,,,,,2.668,5.26,8.26,,,,,,,,0.118,,,2025-10-29,quarterly,3.8859,USD,post-market,0,,0.032,0.077,0.066,93.04,206902000,,,,807.26,783.28,7.9417,,,,,,,1283751000,,69.9,,943.1,689.25
2025-12-28,EQIX,10.92,9076000000.0,69.9,,1.037,144.18,,,,,,,,,,,,,,,None,651801000,651801000,,,,,,None,307331000,,18.33,0.0242,,,,0.229,0.2859,208647000,515978000,3.6,2018-06-30,46.95,,4570000000.0,610142000,73974000,6356000,,,None,134673000,None,,None,,,,,67618000,67618000,None,None,0.218,,395104000,215038000,,,,,-6391000,,,,,2.668,5.26,8.26,,,,,,,,0.118,,,2025-10-29,quarterly,3.8859,USD,post-market,0,,0.032,0.077,0.066,93.04,210489000,,,,807.26,783.28,7.9417,,,,,,,1261943000,,69.9,,943.1,689.25
2025-12-28,EQIX,10.92,9076000000.0,69.9,,1.037,144.18,,,,,,,,,,,,,,,None,622430000,622430000,,,,,,None,307568000,,18.33,0.0242,,,,0.229,0.2859,205930000,513498000,3.6,2018-03-31,46.95,,4570000000.0,593447000,79653000,16759000,,,None,126277000,None,,None,,,,,62894000,62894000,None,None,0.218,,367572000,225875000,,,,,-19945000,,,,,2.668,5.26,8.26,,,,,,,,0.118,,,2025-10-29,quarterly,3.8859,USD,post-market,0,,0.032,0.077,0.066,93.04,203157000,,,,807.26,783.28,7.9417,,,,,,,1215877000,,69.9,,943.1,689.25
2025-12-28,EQIX,10.92,9076000000.0,69.9,,1.037,144.18,,,,,,,,,,,,,,,None,619625000,619625000,,,,,,None,292277000,,18.33,0.0242,,,,0.229,0.2859,220297000,512574000,3.6,2017-12-31,46.95,,4570000000.0,580596000,94153000,28938000,,,None,126144000,None,,None,,,,,65215000,65215000,None,None,0.218,,348553000,232043000,,,,,-11746000,,,,,2.668,5.26,8.26,,,,,,,,0.118,,,2025-10-29,quarterly,3.8859,USD,post-market,0,,0.032,0.077,0.066,93.04,187816000,,,,807.26,783.28,7.9417,,,,,,,1200221000,,69.9,,943.1,689.25
2025-12-28,EQIX,10.92,9076000000.0,69.9,,1.037,144.18,,,,,,,,,,,,,,,None,582360000,582360000,,,,,,None,278411000,,18.33,0.0242,,,,0.229,0.2859,203922000,482333000,3.6,2017-09-30,46.95,,4570000000.0,569901000,82094000,2194000,,,None,121828000,None,,None,,,,,79900000,79900000,None,None,0.218,,345038000,224863000,,,,,-20941000,,,,,2.668,5.26,8.26,,,,,,,,0.118,,,2025-10-29,quarterly,3.8859,USD,post-market,0,,0.032,0.077,0.066,93.04,185336000,,,,807.26,783.28,7.9417,,,,,,,1152261000,,69.9,,943.1,689.25
2025-12-28,EQIX,10.92,9076000000.0,69.9,,1.037,144.18,,,,,,,,,,,,,,,None,522203000,522203000,,,,,,None,254786000,,18.33,0.0242,,,,0.229,0.2859,174172000,428958000,3.6,2017-06-30,46.95,,4570000000.0,544218000,55130000,9325000,,,None,119042000,None,,None,,,,,45805000,45805000,None,None,0.218,,359323000,184895000,,,,,-10723000,,,,,2.668,5.26,8.26,,,,,,,,0.118,,,2025-10-29,quarterly,3.8859,USD,post-market,0,,0.032,0.077,0.066,93.04,191355000,,,,807.26,783.28,7.9417,,,,,,,1066421000,,69.9,,943.1,689.25
2025-12-28,EQIX,10.92,9076000000.0,69.9,,1.037,144.18,,,,,,,,,,,,,,,None,468961000,468961000,,,,,,None,217006000,,18.33,0.0242,,,,0.229,0.2859,167139000,384145000,3.6,2017-03-31,46.95,,4570000000.0,480564000,55455000,13393000,,,None,111684000,None,,None,,,,,42062000,42062000,None,None,0.218,,313351000,167213000,,,,,-74000,,,,,2.668,5.26,8.26,,,,,,,,0.118,,,2025-10-29,quarterly,3.8859,USD,post-market,0,,0.032,0.077,0.066,93.04,181399000,,,,807.26,783.28,7.9417,,,,,,,949525000,,69.9,,943.1,689.25
2025-12-28,EQIX,10.92,9076000000.0,69.9,,1.037,144.18,,,,,,,,,,,,,,,None,465921000,465921000,,,,,,None,209797000,,18.33,0.0242,,,,0.229,0.2859,181919000,391716000,3.6,2016-12-31,46.95,,4570000000.0,476726000,83158000,19494000,,,None,98761000,None,,None,,,,,61750000,63664000,None,None,0.218,,292271000,184455000,,,,,-2536000,,,,,2.668,5.26,8.26,,,,,,,,0.118,,,2025-10-29,quarterly,3.8859,USD,post-market,0,,0.032,0.077,0.066,93.04,178956000,,,,807.26,783.28,7.9417,,,,,,,942647000,,69.9,,943.1,689.25
2025-12-28,EQIX,10.92,9076000000.0,69.9,,1.037,144.18,,,,,,,,,,,,,,,None,470302000,470302000,,,,,,None,214825000,,18.33,0.0242,,,,0.229,0.2859,163747000,378572000,3.6,2016-09-30,46.95,,4570000000.0,454374000,71547000,22778000,,,None,92200000,None,,None,,,,,51450000,48769000,None,None,0.218,,284433000,169941000,,,,,-6194000,,,,,2.668,5.26,8.26,,,,,,,,0.118,,,2025-10-29,quarterly,3.8859,USD,post-market,0,,0.032,0.077,0.066,93.04,181239000,,,,807.26,783.28,7.9417,,,,,,,924676000,,69.9,,943.1,689.25
2025-12-28,EQIX,10.92,9076000000.0,69.9,,1.037,144.18,,,,,,,,,,,,,,,None,456967000,456967000,,,,,,None,212051000,,18.33,0.0242,,,,0.229,0.2859,153446000,365497000,3.6,2016-06-30,46.95,,4570000000.0,443543000,53114000,13812000,,,None,100332000,None,,None,,,,,44711000,39302000,None,None,0.218,,291888000,151655000,,,,,1791000,,,,,2.668,5.26,8.26,,,,,,,,0.118,,,2025-10-29,quarterly,3.8859,USD,post-market,0,,0.032,0.077,0.066,93.04,168462000,,,,807.26,783.28,7.9417,,,,,,,900510000,,69.9,,943.1,689.25
2025-12-28,EQIX,10.92,9076000000.0,69.9,,1.037,144.18,,,,,,,,,,,,,,,None,427680000,427680000,,,,,,None,200534000,,18.33,0.0242,,,,0.229,0.2859,52903000,253437000,3.6,2016-03-31,46.95,,4570000000.0,416476000,-47960000,-10633000,,,None,100863000,None,,None,,,,,-31111000,-37327000,None,None,0.218,,303788000,112688000,,,,,-59785000,,,,,2.668,5.26,8.26,,,,,,,,0.118,,,2025-10-29,quarterly,3.8859,USD,post-market,0,,0.032,0.077,0.066,93.04,165904000,,,,807.26,783.28,7.9417,,,,,,,844156000,,69.9,,943.1,689.25
2025-12-28,EQIX,10.92,9076000000.0,69.9,,1.037,144.18,,,,,,,,,,,,,,,None,351968000,351968000,,,,,,None,144165000,,18.33,0.0242,,,,0.229,0.2859,88177000,232342000,3.6,2015-12-31,46.95,,4570000000.0,378494000,8678000,-2053000,,,None,79499000,None,,None,,,,,10731000,10731000,None,None,0.218,,242617000,135877000,,,,,-47700000,,,,,2.668,5.26,8.26,,,,,,,,0.118,,,2025-10-29,quarterly,3.8859,USD,post-market,0,,0.032,0.077,0.066,93.04,136829000,,,,807.26,783.28,7.9417,,,,,,,730462000,,69.9,,943.1,689.25
2025-12-28,EQIX,10.92,9076000000.0,69.9,,1.037,144.18,,,,,,,,,,,,,,,None,325468000,325468000,,,,,,None,132403000,,18.33,0.0242,,,,0.229,0.2859,128981000,261384000,3.6,2015-09-30,46.95,,4570000000.0,361181000,52712000,11580000,,,None,76269000,None,,None,,,,,41132000,41132000,None,None,0.218,,220298000,140883000,,,,,-11902000,,,,,2.668,5.26,8.26,,,,,,,,0.118,,,2025-10-29,quarterly,3.8859,USD,post-market,0,,0.032,0.077,0.066,93.04,123237000,,,,807.26,783.28,7.9417,,,,,,,686649000,,69.9,,943.1,689.25
2025-12-28,EQIX,10.92,9076000000.0,69.9,,1.037,144.18,,,,,,,,,,,,,,,None,315757000,315757000,,,,,,None,127376000,,18.33,0.0242,,,,0.229,0.2859,141440000,268816000,3.6,2015-06-30,46.95,,4570000000.0,349825000,66944000,7485000,,,None,74496000,None,,None,,,,,59459000,59459000,None,None,0.218,,210692000,139133000,,,,,2307000,,,,,2.668,5.26,8.26,,,,,,,,0.118,,,2025-10-29,quarterly,3.8859,USD,post-market,0,,0.032,0.077,0.066,93.04,119578000,,,,807.26,783.28,7.9417,,,,,,,665582000,,69.9,,943.1,689.25
2025-12-28,EQIX,10.92,9076000000.0,69.9,,1.037,144.18,,,,,,,,,,,,,,,None,298313000,298313000,,,,,,None,121636000,,18.33,0.0242,,,,0.229,0.2859,151455000,273091000,3.6,2015-03-31,46.95,,4570000000.0,344861000,82664000,6212000,,,None,68791000,None,,None,,,,,76452000,76452000,None,None,0.218,,193412000,151449000,,,,,6000,,,,,2.668,5.26,8.26,,,,,,,,0.118,,,2025-10-29,quarterly,3.8859,USD,post-market,0,,0.032,0.077,0.066,93.04,113640000,,,,807.26,783.28,7.9417,,,,,,,643174000,,69.9,,943.1,689.25
2025-12-28,EQIX,10.92,9076000000.0,69.9,,1.037,144.18,,,,,,,,,,,,,,,None,313449000,313449000,,,,,,None,131964000,,18.33,0.0242,,,,0.229,0.2859,19325000,151289000,3.6,2014-12-31,46.95,,4570000000.0,324672000,-51778000,303325000,,,None,71103000,None,,None,,,,,-355103000,-355103000,None,None,0.218,,196846000,127826000,,,,,-108501000,,,,,2.668,5.26,8.26,,,,,,,,0.118,,,2025-10-29,quarterly,3.8859,USD,post-market,0,,0.032,0.077,0.066,93.04,113684000,,,,807.26,783.28,7.9417,,,,,,,638121000,,69.9,,943.1,689.25
2025-12-28,EQIX,10.92,9076000000.0,69.9,,1.037,144.18,,,,,,,,,,,,,,,None,304052000,304052000,,,,,,None,120152000,,18.33,0.0242,,,,0.229,0.2859,137298000,257450000,3.6,2014-09-30,46.95,,4570000000.0,316389000,73542000,30581000,,,None,63756000,None,,None,,,,,42841000,42961000,None,None,0.218,,181258000,135131000,,,,,2167000,,,,,2.668,5.26,8.26,,,,,,,,0.118,,,2025-10-29,quarterly,3.8859,USD,post-market,0,,0.032,0.077,0.066,93.04,109354000,,,,807.26,783.28,7.9417,,,,,,,620441000,,69.9,,943.1,689.25
2025-12-28,EQIX,10.92,9076000000.0,69.9,,1.037,144.18,,,,,,,,,,,,,,,None,292859000,292859000,,,,,,None,115647000,,18.33,0.0242,,,,0.229,0.2859,74939000,190586000,3.6,2014-06-30,46.95,,4570000000.0,312302000,8065000,-2014000,,,None,66874000,None,,None,,,,,11328000,10079000,None,None,0.218,,187605000,124697000,,,,,-49758000,,,,,2.668,5.26,8.26,,,,,,,,0.118,,,2025-10-29,quarterly,3.8859,USD,post-market,0,,0.032,0.077,0.066,93.04,111675000,,,,807.26,783.28,7.9417,,,,,,,605161000,,69.9,,943.1,689.25
2025-12-28,EQIX,10.92,9076000000.0,69.9,,1.037,144.18,,,,,,,,,,,,,,,None,287525000,287525000,,,,,,None,113928000,,18.33,0.0242,,,,0.229,0.2859,123724000,237652000,3.6,2014-03-31,46.95,,4570000000.0,292528000,54904000,13567000,,,None,68820000,None,,None,,,,,41387000,41337000,None,None,0.218,,170916000,121612000,,,,,2112000,,,,,2.668,5.26,8.26,,,,,,,,0.118,,,2025-10-29,quarterly,3.8859,USD,post-market,0,,0.032,0.077,0.066,93.04,103303000,,,,807.26,783.28,7.9417,,,,,,,580053000,,69.9,,943.1,689.25
2025-12-28,EQIX,10.92,9076000000.0,69.9,,1.037,144.18,,,,,,,,,,,,,,,None,269743000,269743000,,,,,,None,106375000,,18.33,0.0242,,,,0.229,0.2859,112843000,219218000,3.6,2013-12-31,46.95,,4570000000.0,294934000,47340000,1967000,,,None,65503000,None,,None,,,,,45187000,45176000,None,None,0.218,,169945000,124989000,,,,,-12146000,,,,,2.668,5.26,8.26,,,,,,,,0.118,,,2025-10-29,quarterly,3.8859,USD,post-market,0,,0.032,0.077,0.066,93.04,98466000,,,,807.26,783.28,7.9417,,,,,,,564677000,,69.9,,943.1,689.25
2025-12-28,EQIX,10.92,9076000000.0,69.9,,1.037,144.18,,,,,,,,,,,,,,,None,268960000,268960000,,,,,,None,109836000,,18.33,0.0242,,,,0.229,0.2859,117107000,226943000,3.6,2013-09-30,46.95,,4570000000.0,274124000,55150000,12397000,,,None,61957000,None,,None,,,,,36576000,42753000,None,None,0.218,,158931000,115193000,,,,,1914000,,,,,2.668,5.26,8.26,,,,,,,,0.118,,,2025-10-29,quarterly,3.8859,USD,post-market,0,,0.032,0.077,0.066,93.04,96874000,,,,807.26,783.28,7.9417,,,,,,,540523000,,69.9,,943.1,689.25
2025-12-28,EQIX,10.92,9076000000.0,69.9,,1.037,144.18,,,,,,,,,,,,,,,None,267109000,267109000,,,,,,None,109120000,,18.33,0.0242,,,,0.229,0.2859,26046000,135166000,3.6,2013-06-30,46.95,,4570000000.0,261762000,-34955000,-9668000,,,None,61001000,None,,None,,,,,-28658000,-28129000,None,None,0.218,,145799000,115963000,,,,,-89917000,,,,,2.668,5.26,8.26,,,,,,,,0.118,,,2025-10-29,quarterly,3.8859,USD,post-market,0,,0.032,0.077,0.066,93.04,88632000,,,,807.26,783.28,7.9417,,,,,,,525669000,,69.9,,943.1,689.25
2025-12-28,EQIX,10.92,9076000000.0,69.9,,1.037,144.18,,,,,,,,,,,,,,,None,258591000,258591000,,,,,,None,107140000,,18.33,0.0242,,,,0.229,0.2859,105075000,212215000,3.6,2013-03-31,46.95,,4570000000.0,257543000,44744000,11460000,,,None,60331000,None,,None,,,,,35882000,36323000,None,None,0.218,,152756000,104787000,,,,,288000,,,,,2.668,5.26,8.26,,,,,,,,0.118,,,2025-10-29,quarterly,3.8859,USD,post-market,0,,0.032,0.077,0.066,93.04,90818000,,,,807.26,783.28,7.9417,,,,,,,519455000,,69.9,,943.1,689.25
2025-12-28,EQIX,10.92,9076000000.0,69.9,,1.037,144.18,,,,,,,,,,,,,,,None,250121000,250121000,,,,,,None,103409000,,18.33,0.0242,,,,0.229,0.2859,102083000,205492000,3.6,2012-12-31,46.95,,4570000000.0,256399000,51567000,17294000,,,None,50516000,None,,None,,,,,44858000,33724000,None,None,0.218,,154357000,102042000,,,,,41000,,,,,2.668,5.26,8.26,,,,,,,,0.118,,,2025-10-29,quarterly,3.8859,USD,post-market,0,,0.032,0.077,0.066,93.04,86867000,,,,807.26,783.28,7.9417,,,,,,,506520000,,69.9,,943.1,689.25
2025-12-28,EQIX,10.92,9076000000.0,69.9,,1.037,144.18,,,,,,,,,,,,,,,None,250946000,250946000,,,,,,None,106732000,,18.33,0.0242,,,,0.229,0.2859,89203000,195935000,3.6,2012-09-30,46.95,,4570000000.0,233889000,38996000,12348000,,,None,50207000,None,,None,,,,,28838000,28521000,None,None,0.218,,141043000,92846000,,,,,1561000,,,,,2.668,5.26,8.26,,,,,,,,0.118,,,2025-10-29,quarterly,3.8859,USD,post-market,0,,0.032,0.077,0.066,93.04,83290000,,,,807.26,783.28,7.9417,,,,,,,488730000,,69.9,,943.1,689.25
2025-12-28,EQIX,10.92,9076000000.0,69.9,,1.037,144.18,,,,,,,,,,,,,,,None,225289000,225289000,,,,,,None,95562000,,18.33,0.0242,,,,0.229,0.2859,101215000,196777000,3.6,2012-06-30,46.95,,4570000000.0,231960000,54428000,17138000,,,None,46787000,None,,None,,,,,36447000,37640000,None,None,0.218,,129864000,102096000,,,,,-881000,,,,,2.668,5.26,8.26,,,,,,,,0.118,,,2025-10-29,quarterly,3.8859,USD,post-market,0,,0.032,0.077,0.066,93.04,80595000,,,,807.26,783.28,7.9417,,,,,,,466264000,,69.9,,943.1,689.25
2025-12-28,EQIX,10.92,9076000000.0,69.9,,1.037,144.18,,,,,,,,,,,,,,,None,217098000,217098000,,,,,,None,92804000,,18.33,0.0242,,,,0.229,0.2859,101283000,194087000,3.6,2012-03-31,46.95,,4570000000.0,226147000,48465000,13853000,,,None,52818000,None,,None,,,,,34523000,34811000,None,None,0.218,,125401000,100746000,,,,,537000,,,,,2.668,5.26,8.26,,,,,,,,0.118,,,2025-10-29,quarterly,3.8859,USD,post-market,0,,0.032,0.077,0.066,93.04,78316000,,,,807.26,783.28,7.9417,,,,,,,452200000,,69.9,,943.1,689.25
2025-12-28,EQIX,10.92,9076000000.0,69.9,,1.037,144.18,,,,,,,,,,,,,,,None,229340000,229340000,,,,,,None,93371000,,18.33,0.0242,,,,0.229,0.2859,85013000,178384000,3.6,2011-12-31,46.95,,4570000000.0,201972000,29862000,13769000,,,None,55151000,None,,None,,,,,17810000,16093000,None,None,0.218,,119096000,82876000,,,,,2137000,,,,,2.668,5.26,8.26,,,,,,,,0.118,,,2025-10-29,quarterly,3.8859,USD,post-market,0,,0.032,0.077,0.066,93.04,71674000,,,,807.26,783.28,7.9417,,,,,,,431312000,,69.9,,943.1,689.25
2025-12-28,EQIX,10.92,9076000000.0,69.9,,1.037,144.18,,,,,,,,,,,,,,,None,219724000,219724000,,,,,,None,90746000,,18.33,0.0242,,,,0.229,0.2859,76426000,167172000,3.6,2011-09-30,46.95,,4570000000.0,188484000,25312000,5137000,,,None,51114000,None,,None,,,,,20319000,20639000,None,None,0.218,,111043000,77441000,,,,,-1015000,,,,,2.668,5.26,8.26,,,,,,,,0.118,,,2025-10-29,quarterly,3.8859,USD,post-market,0,,0.032,0.077,0.066,93.04,65873000,,,,807.26,783.28,7.9417,,,,,,,417601000,,69.9,,943.1,689.25
2025-12-28,EQIX,10.92,9076000000.0,69.9,,1.037,144.18,,,,,,,,,,,,,,,None,215572000,215572000,,,,,,None,85222000,,18.33,0.0242,,,,0.229,0.2859,76519000,161741000,3.6,2011-06-30,46.95,,4570000000.0,179328000,38842000,8109000,,,None,37677000,None,,None,,,,,30730000,30733000,None,None,0.218,,104462000,74866000,,,,,1653000,,,,,2.668,5.26,8.26,,,,,,,,0.118,,,2025-10-29,quarterly,3.8859,USD,post-market,0,,0.032,0.077,0.066,93.04,65681000,,,,807.26,783.28,7.9417,,,,,,,394900000,,69.9,,943.1,689.25
2025-12-28,EQIX,10.92,9076000000.0,69.9,,1.037,144.18,,,,,,,,,,,,,,,None,194576000,194576000,,,,,,None,78335000,,18.33,0.0242,,,,0.229,0.2859,73631000,151966000,3.6,2011-03-31,46.95,,4570000000.0,168453000,36270000,11125000,,,None,37361000,None,,None,,,,,25145000,25145000,None,None,0.218,,97148000,71305000,,,,,2326000,,,,,2.668,5.26,8.26,,,,,,,,0.118,,,2025-10-29,quarterly,3.8859,USD,post-market,0,,0.032,0.077,0.066,93.04,62601000,,,,807.26,783.28,7.9417,,,,,,,363029000,,69.9,,943.1,689.25
2025-12-28,EQIX,10.92,9076000000.0,69.9,,1.037,144.18,,,,,,,,,,,,,,,None,193559000,193559000,,,,,,None,75439000,,18.33,0.0242,,,,0.229,0.2859,49825000,125264000,3.6,2010-12-31,46.95,,4570000000.0,151685000,11003000,-2757000,,,None,38822000,None,,None,,,,,13760000,0,None,None,0.218,,97209000,54476000,,,,,None,,,,,2.668,5.26,8.26,,,,,,,,0.118,,,2025-10-29,quarterly,3.8859,USD,post-market,0,,0.032,0.077,0.066,93.04,64820000,,,,807.26,783.28,7.9417,,,,,,,345244000,,69.9,,943.1,689.25
2025-12-28,EQIX,10.92,9076000000.0,69.9,,1.037,144.18,,,,,,,,,,,,,,,None,185476000,185476000,,,,,,None,73298000,,18.33,0.0242,,,,0.229,0.2859,54196000,127494000,3.6,2010-09-30,46.95,,4570000000.0,144871000,15833000,4637000,,,None,38363000,None,,None,,,,,11196000,11196000,None,None,0.218,,92845000,52026000,,,,,1964000,,,,,2.668,5.26,8.26,,,,,,,,0.118,,,2025-10-29,quarterly,3.8859,USD,post-market,0,,0.032,0.077,0.066,93.04,58640000,,,,807.26,783.28,7.9417,,,,,,,330347000,,69.9,,943.1,689.25
2025-12-28,EQIX,10.92,9076000000.0,69.9,,1.037,144.18,,,,,,,,,,,,,,,None,162582000,162582000,,,,,,None,62750000,,18.33,0.0242,,,,0.229,0.2859,37783000,100533000,3.6,2010-06-30,46.95,,4570000000.0,133512000,168000,2442000,,,None,37615000,None,,None,,,,,-2274000,-2274000,None,None,0.218,,93285000,40227000,,,,,-990000,,,,,2.668,5.26,8.26,,,,,,,,0.118,,,2025-10-29,quarterly,3.8859,USD,post-market,0,,0.032,0.077,0.066,93.04,54166000,,,,807.26,783.28,7.9417,,,,,,,296094000,,69.9,,943.1,689.25
2025-12-28,EQIX,10.92,9076000000.0,69.9,,1.037,144.18,,,,,,,,,,,,,,,None,133050000,133050000,,,,,,None,48689000,,18.33,0.0242,,,,0.229,0.2859,48551000,97240000,3.6,2010-03-31,46.95,,4570000000.0,115599000,22876000,8677000,,,None,25675000,None,,None,,,,,14199000,0,None,None,0.218,,67617000,47982000,,,,,None,,,,,2.668,5.26,8.26,,,,,,,,0.118,,,2025-10-29,quarterly,3.8859,USD,post-market,0,,0.032,0.077,0.066,93.04,43155000,,,,807.26,783.28,7.9417,,,,,,,248649000,,69.9,,943.1,689.25
2025-12-28,EQIX,10.92,9076000000.0,69.9,,1.037,144.18,,,,,,,,,,,,,,,None,127074000,127074000,,,,,,None,42472000,,18.33,0.0242,,,,0.229,0.2859,50030000,92502000,3.6,2009-12-31,46.95,,4570000000.0,115478000,27417000,9695000,,,None,22613000,None,,None,,,,,17722000,0,None,None,0.218,,64692000,50786000,,,,,None,,,,,2.668,5.26,8.26,,,,,,,,0.118,,,2025-10-29,quarterly,3.8859,USD,post-market,0,,0.032,0.077,0.066,93.04,43647000,,,,807.26,783.28,7.9417,,,,,,,242552000,,69.9,,943.1,689.25
2025-12-28,EQIX,10.92,9076000000.0,69.9,,1.037,144.18,,,,,,,,,,,,,,,None,126007000,126007000,,,,,,None,44491000,,18.33,0.0242,,,,0.229,0.2859,48395000,92886000,3.6,2009-09-30,46.95,,4570000000.0,101551000,26139000,7327000,,,None,22256000,None,,None,,,,,18812000,0,None,None,0.218,,55993000,45558000,,,,,None,,,,,2.668,5.26,8.26,,,,,,,,0.118,,,2025-10-29,quarterly,3.8859,USD,post-market,0,,0.032,0.077,0.066,93.04,39071000,,,,807.26,783.28,7.9417,,,,,,,227558000,,69.9,,943.1,689.25
2025-12-28,EQIX,10.92,9076000000.0,69.9,,1.037,144.18,,,,,,,,,,,,,,,None,118534000,118534000,,,,,,None,44891000,,18.33,0.0242,,,,0.229,0.2859,44319000,89210000,3.6,2009-06-30,46.95,,4570000000.0,94634000,28407000,10967000,,,None,15912000,None,,None,,,,,17440000,0,None,None,0.218,,53605000,41029000,,,,,None,,,,,2.668,5.26,8.26,,,,,,,,0.118,,,2025-10-29,quarterly,3.8859,USD,post-market,0,,0.032,0.077,0.066,93.04,37456000,,,,807.26,783.28,7.9417,,,,,,,213168000,,69.9,,943.1,689.25
2025-12-28,EQIX,10.92,9076000000.0,69.9,,1.037,144.18,,,,,,,,,,,,,,,None,111805000,111805000,,,,,,None,41676000,,18.33,0.0242,,,,0.229,0.2859,40516000,82192000,3.6,2009-03-31,46.95,,4570000000.0,87426000,27065000,11608000,,,None,13451000,None,,None,,,,,15457000,0,None,None,0.218,,43720000,43706000,,,,,None,,,,,2.668,5.26,8.26,,,,,,,,0.118,,,2025-10-29,quarterly,3.8859,USD,post-market,0,,0.032,0.077,0.066,93.04,35150000,,,,807.26,783.28,7.9417,,,,,,,199231000,,69.9,,943.1,689.25
2025-12-28,EQIX,10.92,9076000000.0,69.9,,1.037,144.18,,,,,,,,,,,,,,,None,108302000,108302000,,,,,,None,39808000,,18.33,0.0242,,,,0.229,0.2859,32482000,72290000,3.6,2008-12-31,46.95,,4570000000.0,82381000,11642000,-104857000,,,None,55041000,None,,None,,,,,116499000,0,None,None,0.218,,57820000,24561000,,,,,None,,,,,2.668,5.26,8.26,,,,,,,,0.118,,,2025-10-29,quarterly,3.8859,USD,post-market,0,,0.032,0.077,0.066,93.04,55477000,,,,807.26,783.28,7.9417,,,,,,,190683000,,69.9,,943.1,689.25
2025-12-28,EQIX,10.92,9076000000.0,69.9,,1.037,144.18,,,,,,,,,,,,,,,None,109905000,109905000,,,,,,None,41635000,,18.33,0.0242,,,,0.229,0.2859,21414000,63049000,3.6,2008-09-30,46.95,,4570000000.0,73830000,5743000,187000,,,None,15671000,None,,None,,,,,7389000,0,None,None,0.218,,52337000,21493000,,,,,None,,,,,2.668,5.26,8.26,,,,,,,,0.118,,,2025-10-29,quarterly,3.8859,USD,post-market,0,,0.032,0.077,0.066,93.04,35529000,,,,807.26,783.28,7.9417,,,,,,,183735000,,69.9,,943.1,689.25
2025-12-28,EQIX,10.92,9076000000.0,69.9,,1.037,144.18,,,,,,,,,,,,,,,None,102039000,102039000,,,,,,None,38325000,,18.33,0.0242,,,,0.229,0.2859,14763000,53088000,3.6,2008-06-30,46.95,,4570000000.0,70005000,450000,-258000,,,None,14313000,None,,None,,,,,2229000,0,None,None,0.218,,56735000,13270000,,,,,None,,,,,2.668,5.26,8.26,,,,,,,,0.118,,,2025-10-29,quarterly,3.8859,USD,post-market,0,,0.032,0.077,0.066,93.04,41445000,,,,807.26,783.28,7.9417,,,,,,,172044000,,69.9,,943.1,689.25
2025-12-28,EQIX,10.92,9076000000.0,69.9,,1.037,144.18,,,,,,,,,,,,,,,None,94509000,94509000,,,,,,None,35482000,,18.33,0.0242,,,,0.229,0.2859,19463000,54945000,3.6,2008-03-31,46.95,,4570000000.0,63709000,4268000,471000,,,None,15195000,None,,None,,,,,5421000,0,None,None,0.218,,49727000,13982000,,,,,None,,,,,2.668,5.26,8.26,,,,,,,,0.118,,,2025-10-29,quarterly,3.8859,USD,post-market,0,,0.032,0.077,0.066,93.04,34376000,,,,807.26,783.28,7.9417,,,,,,,158218000,,69.9,,943.1,689.25
2025-12-28,EQIX,10.92,9076000000.0,69.9,,1.037,144.18,,,,,,,,,,,,,,,None,92480000,92480000,,,,,,None,36138000,,18.33,0.0242,,,,0.229,0.2859,783000,36921000,3.6,2007-12-31,46.95,,4570000000.0,46234000,-6366000,-293000,,,None,27334000,None,,None,,,,,-6073000,0,None,None,0.218,,45451000,783000,,,,,None,,,,,2.668,5.26,8.26,,,,,,,,0.118,,,2025-10-29,quarterly,3.8859,USD,post-market,0,,0.032,0.077,0.066,93.04,46789000,,,,807.26,783.28,7.9417,,,,,,,138714000,,69.9,,943.1,689.25
2025-12-28,EQIX,10.92,9076000000.0,69.9,,1.037,144.18,,,,,,,,,,,,,,,None,62891000,62891000,,,,,,None,24133000,,18.33,0.0242,,,,0.229,0.2859,6079000,30212000,3.6,2007-09-30,46.95,,4570000000.0,40891000,4339000,215000,,,None,5662000,None,,None,,,,,4124000,0,None,None,0.218,,34812000,6079000,,,,,None,,,,,2.668,5.26,8.26,,,,,,,,0.118,,,2025-10-29,quarterly,3.8859,USD,post-market,0,,0.032,0.077,0.066,93.04,34812000,,,,807.26,783.28,7.9417,,,,,,,103782000,,69.9,,943.1,689.25
2025-12-28,EQIX,10.92,9076000000.0,69.9,,1.037,144.18,,,,,,,,,,,,,,,None,55609000,55609000,,,,,,None,22405000,,18.33,0.0242,,,,0.229,0.2859,2854000,25259000,3.6,2007-06-30,46.95,,4570000000.0,36228000,1414000,197000,,,None,6115000,None,,None,,,,,1217000,0,None,None,0.218,,33781000,2447000,,,,,None,,,,,2.668,5.26,8.26,,,,,,,,0.118,,,2025-10-29,quarterly,3.8859,USD,post-market,0,,0.032,0.077,0.066,93.04,33374000,,,,807.26,783.28,7.9417,,,,,,,91837000,,69.9,,943.1,689.25
2025-12-28,EQIX,10.92,9076000000.0,69.9,,1.037,144.18,,,,,,,,,,,,,,,None,52765000,52765000,,,,,,None,20631000,,18.33,0.0242,,,,0.229,0.2859,806000,21437000,3.6,2007-03-31,46.95,,4570000000.0,32344000,-4102000,354000,,,None,3462000,None,,None,,,,,-4456000,0,None,None,0.218,,31538000,806000,,,,,None,,,,,2.668,5.26,8.26,,,,,,,,0.118,,,2025-10-29,quarterly,3.8859,USD,post-market,0,,0.032,0.077,0.066,93.04,31538000,,,,807.26,783.28,7.9417,,,,,,,85109000,,69.9,,943.1,689.25
2025-12-28,EQIX,10.92,9076000000.0,69.9,,1.037,144.18,,,,,,,,,,,,,,,None,50334000,50334000,,,,,,None,19745000,,18.33,0.0242,,,,0.229,0.2859,11009000,30754000,3.6,2006-12-31,46.95,,4570000000.0,29438000,8680000,-431000,,,None,14875000,None,,None,,,,,9111000,0,None,None,0.218,,18429000,11009000,,,,,None,,,,,2.668,5.26,8.26,,,,,,,,0.118,,,2025-10-29,quarterly,3.8859,USD,post-market,0,,0.032,0.077,0.066,93.04,28076000,,,,807.26,783.28,7.9417,,,,,,,79772000,,69.9,,943.1,689.25
2025-12-28,EQIX,10.92,9076000000.0,69.9,,1.037,144.18,,,,,,,,,,,,,,,None,49137000,49137000,,,,,,None,2679000,,18.33,0.0242,,,,0.229,0.2859,-1544000,1135000,3.6,2006-09-30,46.95,,4570000000.0,24589000,-4898000,270000,,,None,3551000,None,,None,,,,,-5168000,0,None,None,0.218,,27660000,-3071000,,,,,None,,,,,2.668,5.26,8.26,,,,,,,,0.118,,,2025-10-29,quarterly,3.8859,USD,post-market,0,,0.032,0.077,0.066,93.04,26133000,,,,807.26,783.28,7.9417,,,,,,,73726000,,69.9,,943.1,689.25
2025-12-28,EQIX,10.92,9076000000.0,69.9,,1.037,144.18,,,,,,,,,,,,,,,None,45563000,45563000,,,,,,None,34085000,,18.33,0.0242,,,,0.229,0.2859,-3220000,30865000,3.6,2006-06-30,46.95,,4570000000.0,22985000,-5055000,215000,,,None,3565000,None,,None,,,,,-5270000,0,None,None,0.218,,26205000,-3220000,,,,,None,,,,,2.668,5.26,8.26,,,,,,,,0.118,,,2025-10-29,quarterly,3.8859,USD,post-market,0,,0.032,0.077,0.066,93.04,26205000,,,,807.26,783.28,7.9417,,,,,,,68548000,,69.9,,943.1,689.25
2025-12-28,EQIX,10.92,9076000000.0,69.9,,1.037,144.18,,,,,,,,,,,,,,,None,43345000,43345000,,,,,,None,16912000,,18.33,0.0242,,,,0.229,0.2859,-2804000,14108000,3.6,2006-03-31,46.95,,4570000000.0,21524000,-5061000,385000,,,None,3868000,None,,None,,,,,-5070000,0,None,None,0.218,,24328000,-2804000,,,,,None,,,,,2.668,5.26,8.26,,,,,,,,0.118,,,2025-10-29,quarterly,3.8859,USD,post-market,0,,0.032,0.077,0.066,93.04,24328000,,,,807.26,783.28,7.9417,,,,,,,64869000,,69.9,,943.1,689.25
2025-12-28,EQIX,10.92,9076000000.0,69.9,,1.037,144.18,,,,,,,,,,,,,,,None,41715000,41715000,,,,,,None,21929000,,18.33,0.0242,,,,0.229,0.2859,2808000,24737000,3.6,2005-12-31,46.95,,4570000000.0,20083000,-32614000,-10000,,,None,8880000,None,,None,,,,,-32604000,0,None,None,0.218,,51089000,-31006000,,,,,None,,,,,2.668,5.26,8.26,,,,,,,,0.118,,,2025-10-29,quarterly,3.8859,USD,post-market,0,,0.032,0.077,0.066,93.04,17275000,,,,807.26,783.28,7.9417,,,,,,,61798000,,69.9,,943.1,689.25
2025-12-28,EQIX,10.92,9076000000.0,69.9,,1.037,144.18,,,,,,,,,,,,,,,None,40955000,40955000,,,,,,None,17334000,,18.33,0.0242,,,,0.229,0.2859,234000,17568000,3.6,2005-09-30,46.95,,4570000000.0,17141000,-619000,164000,,,None,1928000,None,,None,,,,,-783000,0,None,None,0.218,,16907000,234000,,,,,None,,,,,2.668,5.26,8.26,,,,,,,,0.118,,,2025-10-29,quarterly,3.8859,USD,post-market,0,,0.032,0.077,0.066,93.04,16907000,,,,807.26,783.28,7.9417,,,,,,,58096000,,69.9,,943.1,689.25
2025-12-28,EQIX,10.92,9076000000.0,69.9,,1.037,144.18,,,,,,,,,,,,,,,None,4467000000,4467000000,,,,,,None,2009000000,,18.33,0.0242,,,,0.229,0.2859,1432000000,3441000000,3.6,2024-12-31,46.95,,4570000000.0,4281000000,975000000,161000000,,,None,457000000,137000000,,None,,,,,815000000,814000000,-320000000,None,0.218,,2953000000,1328000000,,,,,None,,,,,2.668,5.26,8.26,,,,,,,,0.118,,,2025-10-29,annual,3.8859,USD,post-market,None,,0.032,0.077,0.066,93.04,1766000000,,,,807.26,783.28,7.9417,,,,,,,8748000000,,69.9,,943.1,689.25
2025-12-28,EQIX,10.92,9076000000.0,69.9,,1.037,144.18,,,,,,,,,,,,,,,None,4228000000,4228000000,,,,,,None,1845000000,,18.33,0.0242,,,,0.229,0.2859,1526000000,3371000000,3.6,2023-12-31,46.95,,4570000000.0,3960000000,1124000000,155000000,,,None,402000000,84464000,,None,,,,,969178000,870406000,-308575000,None,0.218,,2517000000,1443000000,,,,,None,,,,,2.668,5.26,8.26,,,,,,,,0.118,,,2025-10-29,annual,3.8859,USD,post-market,0.14,,0.032,0.077,0.066,93.04,1654000000,,,,807.26,783.28,7.9417,,,,,,,8188136000,,69.9,,943.1,689.25
2025-12-28,EQIX,10.92,9076000000.0,69.9,,1.037,144.18,,,,,,,,,,,,,,,None,3751000000,3751000000,,,,,,None,1737000000,,18.33,0.0242,,,,0.229,0.2859,1185000000,2922000000,3.6,2022-12-31,46.95,,4570000000.0,3512000000,829000000,124000000,,,None,356000000,36268000,,None,,,,,704345000,704577000,-320069000,None,0.218,,2312000000,1200000000,,,,,-14822000,,,,,2.668,5.26,8.26,,,,,,,,0.118,,,2025-10-29,annual,3.8859,USD,post-market,0.11,,0.032,0.077,0.066,93.04,1499000000,,,,807.26,783.28,7.9417,,,,,,,7263105000,,69.9,,943.1,689.25
2025-12-28,EQIX,10.92,9076000000.0,69.9,,1.037,144.18,,,,,,,,,,,,,,,None,3472422000,3472422000,,,,,,None,1656290000,,18.33,0.0242,,,,0.229,0.2859,945034000,2601324000,3.6,2021-12-31,46.95,,4570000000.0,3163115000,608952000,109224000,,,None,336082000,2644000,,None,,,,,500191000,499728000,-333438000,None,0.218,,2054953000,1108162000,,,,,-163128000,,,,,2.668,5.26,8.26,,,,,,,,0.118,,,2025-10-29,annual,3.8859,USD,post-market,0.09,,0.032,0.077,0.066,93.04,1301797000,,,,807.26,783.28,7.9417,,,,,,,6635537000,,69.9,,943.1,689.25
2025-12-28,EQIX,10.92,9076000000.0,69.9,,1.037,144.18,,,,,,,,,,,,,,,None,3074340000,3074340000,,,,,,None,1423369000,,18.33,0.0242,,,,0.229,0.2859,922691000,2346060000,3.6,2020-12-31,46.95,,4570000000.0,2924205000,516225000,146151000,,,None,406466000,8654000,,None,,,,,369777000,370074000,-397812000,None,0.218,,1871277000,1052928000,,,,,-130237000,,,,,2.668,5.26,8.26,,,,,,,,0.118,,,2025-10-29,annual,3.8859,USD,post-market,0.09,,0.032,0.077,0.066,93.04,1090981000,,,,807.26,783.28,7.9417,,,,,,,5998545000,,69.9,,943.1,689.25
2025-12-28,EQIX,10.92,9076000000.0,69.9,,1.037,144.18,,,,,,,,,,,,,,,None,2810184000,2810184000,,,,,,None,1284837000,,18.33,0.0242,,,,0.229,0.2859,1172281000,2457118000,3.6,2019-12-31,46.95,,4570000000.0,2751956000,692597000,185352000,,,None,479684000,27697000,,None,,,,,507450000,507245000,-451987000,None,0.218,,1582325000,1169631000,,,,,2650000,,,,,2.668,5.26,8.26,,,,,,,,0.118,,,2025-10-29,annual,3.8859,USD,post-market,0.12,,0.032,0.077,0.066,93.04,935018000,,,,807.26,783.28,7.9417,,,,,,,5562140000,,69.9,,943.1,689.25
2025-12-28,EQIX,10.92,9076000000.0,69.9,,1.037,144.18,,,,,,,,,,,,,,,None,2605475000,2605475000,,,,,,None,1227489000,,18.33,0.0242,,,,0.229,0.2859,954532000,2182021000,3.6,2018-12-31,46.95,,4570000000.0,2466179000,433038000,67679000,,,None,521494000,14482000,,None,,,,,365359000,365359000,-507012000,None,0.218,,1488796000,977383000,,,,,-22874000,,,,,2.668,5.26,8.26,,,,,,,,0.118,,,2025-10-29,annual,3.8859,USD,post-market,0.09,,0.032,0.077,0.066,93.04,826694000,,,,807.26,783.28,7.9417,,,,,,,5071654000,,69.9,,943.1,689.25
2025-12-28,EQIX,10.92,9076000000.0,69.9,,1.037,144.18,,,,,,,,,,,,,,,None,2193149000,2193149000,,,,,,None,1042480000,,18.33,0.0242,,,,0.229,0.2859,765530000,1808010000,3.6,2017-12-31,46.95,,4570000000.0,2175279000,286832000,53850000,,,None,478698000,13075000,,None,,,,,232982000,232982000,-465623000,None,0.218,,1366265000,809014000,,,,,-43484000,,,,,2.668,5.26,8.26,,,,,,,,0.118,,,2025-10-29,annual,3.8859,USD,post-market,0.07,,0.032,0.077,0.066,93.04,745906000,,,,807.26,783.28,7.9417,,,,,,,4368428000,,69.9,,943.1,689.25
2025-12-28,EQIX,10.92,9076000000.0,69.9,,1.037,144.18,,,,,,,,,,,,,,,None,1820870000,1820870000,,,,,,None,837207000,,18.33,0.0242,,,,0.229,0.2859,552015000,1389222000,3.6,2016-12-31,46.95,,4570000000.0,1791119000,159859000,45451000,,,None,392156000,3476000,,None,,,,,126800000,114408000,-388680000,None,0.218,,1172380000,618739000,,,,,-66724000,,,,,2.668,5.26,8.26,,,,,,,,0.118,,,2025-10-29,annual,3.8859,USD,post-market,0.04,,0.032,0.077,0.066,93.04,694561000,,,,807.26,783.28,7.9417,,,,,,,3611989000,,69.9,,943.1,689.25
2025-12-28,EQIX,10.92,9076000000.0,69.9,,1.037,144.18,,,,,,,,,,,,,,,None,1291506000,1291506000,,,,,,None,525580000,,18.33,0.0242,,,,0.229,0.2859,510053000,1035633000,3.6,2015-12-31,46.95,,4570000000.0,1434361000,210998000,23224000,,,None,299055000,295474000,,None,,,,,187774000,187774000,None,None,0.218,,867019000,567342000,,,,,-57289000,,,,,2.668,5.26,8.26,,,,,,,,0.118,,,2025-10-29,annual,3.8859,USD,post-market,0,,0.032,0.077,0.066,93.04,493284000,,,,807.26,783.28,7.9417,,,,,,,2725867000,,69.9,,943.1,689.25
2025-12-28,EQIX,10.92,9076000000.0,69.9,,1.037,144.18,,,,,,,,,,,,,,,None,1197885000,1197885000,,,,,,None,481691000,,18.33,0.0242,,,,0.229,0.2859,355286000,836977000,3.6,2014-12-31,46.95,,4570000000.0,1245891000,84733000,345459000,,,None,270553000,None,,None,,,,,-259547000,-260726000,None,None,0.218,,736625000,509266000,,,,,-153980000,,,,,2.668,5.26,8.26,,,,,,,,0.118,,,2025-10-29,annual,3.8859,USD,post-market,0,,0.032,0.077,0.066,93.04,438016000,,,,807.26,783.28,7.9417,,,,,,,2443776000,,69.9,,943.1,689.25
2025-12-28,EQIX,10.92,9076000000.0,69.9,,1.037,144.18,,,,,,,,,,,,,,,None,1064403000,1064403000,,,,,,None,432471000,,18.33,0.0242,,,,0.229,0.2859,361071000,793542000,3.6,2013-12-31,46.95,,4570000000.0,1088363000,112279000,16156000,,,None,248792000,None,,None,,,,,94685000,96123000,None,None,0.218,,627431000,460932000,,,,,-99861000,,,,,2.668,5.26,8.26,,,,,,,,0.118,,,2025-10-29,annual,3.8859,USD,post-market,0,,0.032,0.077,0.066,93.04,374790000,,,,807.26,783.28,7.9417,,,,,,,2152766000,,69.9,,943.1,689.25
2025-12-28,EQIX,10.92,9076000000.0,69.9,,1.037,144.18,,,,,,,,,,,,,,,None,944617000,944617000,,,,,,None,398579000,,18.33,0.0242,,,,0.229,0.2859,388950000,787529000,3.6,2012-12-31,46.95,,4570000000.0,942759000,188622000,58564000,,,None,200328000,None,,None,,,,,144666000,134696000,None,None,0.218,,549863000,392896000,,,,,1258000,,,,,2.668,5.26,8.26,,,,,,,,0.118,,,2025-10-29,annual,3.8859,USD,post-market,0,,0.032,0.077,0.066,93.04,328266000,,,,807.26,783.28,7.9417,,,,,,,1895744000,,69.9,,943.1,689.25
2025-12-28,EQIX,10.92,9076000000.0,69.9,,1.037,144.18,,,,,,,,,,,,,,,None,829024000,829024000,,,,,,None,347674000,,18.33,0.0242,,,,0.229,0.2859,311023000,658697000,3.6,2011-12-31,46.95,,4570000000.0,736601000,129720000,37347000,,,None,181303000,None,,None,,,,,94004000,92610000,None,None,0.218,,430679000,305922000,,,,,5101000,,,,,2.668,5.26,8.26,,,,,,,,0.118,,,2025-10-29,annual,3.8859,USD,post-market,0,,0.032,0.077,0.066,93.04,265554000,,,,807.26,783.28,7.9417,,,,,,,1606842000,,69.9,,943.1,689.25
2025-12-28,EQIX,10.92,9076000000.0,69.9,,1.037,144.18,,,,,,,,,,,,,,,None,652156000,652156000,,,,,,None,260176000,,18.33,0.0242,,,,0.229,0.2859,189250000,449426000,3.6,2010-12-31,46.95,,4570000000.0,544058000,48775000,12562000,,,None,140475000,None,,None,,,,,36881000,36881000,None,None,0.218,,350454000,193604000,,,,,2205000,,,,,2.668,5.26,8.26,,,,,,,,0.118,,,2025-10-29,annual,3.8859,USD,post-market,0,,0.032,0.077,0.066,93.04,220618000,,,,807.26,783.28,7.9417,,,,,,,1220334000,,69.9,,943.1,689.25
2025-12-28,EQIX,10.92,9076000000.0,69.9,,1.037,144.18,,,,,,,,,,,,,,,None,483420000,483420000,,,,,,None,173530000,,18.33,0.0242,,,,0.229,0.2859,183260000,356790000,3.6,2009-12-31,46.95,,4570000000.0,399089000,109028000,39597000,,,None,74232000,None,,None,,,,,69431000,None,None,None,0.218,,218010000,181079000,,,,,None,,,,,2.668,5.26,8.26,,,,,,,,0.118,,,2025-10-29,annual,3.8859,USD,post-market,None,,0.032,0.077,0.066,93.04,155324000,,,,807.26,783.28,7.9417,,,,,,,882509000,,69.9,,943.1,689.25
2025-12-28,EQIX,10.92,9076000000.0,69.9,,1.037,144.18,,,,,,,,,,,,,,,None,414799000,414799000,,,,,,None,159047000,,18.33,0.0242,,,,0.229,0.2859,81982000,241029000,3.6,2008-12-31,46.95,,4570000000.0,289881000,20305000,-87619000,,,None,61677000,None,,None,,,,,131538000,None,None,None,0.218,,216619000,73262000,,,,,None,,,,,2.668,5.26,8.26,,,,,,,,0.118,,,2025-10-29,annual,3.8859,USD,post-market,None,,0.032,0.077,0.066,93.04,146564000,,,,807.26,783.28,7.9417,,,,,,,704680000,,69.9,,943.1,689.25
2025-12-28,EQIX,10.92,9076000000.0,69.9,,1.037,144.18,,,,,,,,,,,,,,,None,263745000,263745000,,,,,,None,100080000,,18.33,0.0242,,,,0.229,0.2859,22619000,122699000,3.6,2007-12-31,46.95,,4570000000.0,155697000,-4715000,473000,,,None,27334000,None,,None,,,,,-5188000,None,None,None,0.218,,145582000,10115000,,,,,None,,,,,2.668,5.26,8.26,,,,,,,,0.118,,,2025-10-29,annual,3.8859,USD,post-market,None,,0.032,0.077,0.066,93.04,105794000,,,,807.26,783.28,7.9417,,,,,,,419442000,,69.9,,943.1,689.25
2025-12-28,EQIX,10.92,9076000000.0,69.9,,1.037,144.18,,,,,,,,,,,,,,,None,188379000,188379000,,,,,,None,72778000,,18.33,0.0242,,,,0.229,0.2859,3441000,76219000,3.6,2006-12-31,46.95,,4570000000.0,98536000,-6334000,439000,,,None,14875000,None,,None,,,,,-6397000,None,None,None,0.218,,96622000,1914000,,,,,None,,,,,2.668,5.26,8.26,,,,,,,,0.118,,,2025-10-29,annual,3.8859,USD,post-market,None,,0.032,0.077,0.066,93.04,104742000,,,,807.26,783.28,7.9417,,,,,,,286915000,,69.9,,943.1,689.25
2025-12-28,EQIX,10.92,9076000000.0,69.9,,1.037,144.18,,,,,,,,,,,,,,,None,158354000,158354000,,,,,,None,74964000,,18.33,0.0242,,,,0.229,0.2859,-2959000,72005000,3.6,2005-12-31,46.95,,4570000000.0,62703000,-42069000,543000,,,None,8880000,None,,None,,,,,-42612000,None,None,None,0.218,,99476000,-36773000,,,,,None,,,,,2.668,5.26,8.26,,,,,,,,0.118,,,2025-10-29,annual,3.8859,USD,post-market,None,,0.032,0.077,0.066,93.04,65662000,,,,807.26,783.28,7.9417,,,,,,,221057000,,69.9,,943.1,689.25
2025-12-28,EQIX,10.92,9076000000.0,69.9,None,1.037,144.18,,3790000000,2077000000,2077000000,,,,,,,,,None,98174000,None,158354000,158354000,1275000000,None,716000000,1144000000,None,None,74964000,,18.33,0.0242,,,,0.229,0.2859,-2959000,72005000,3.6,2025-09-30,46.95,5945000000,4570000000.0,62703000,-42069000,543000,1331000000,1331000000,None,8880000,None,None,None,None,16476000000,None,None,-42612000,None,None,None,0.218,,99476000,-36773000,891000000,762000000,None,861000000,None,,,,,2.668,5.26,8.26,,,,,,,,0.118,,None,2025-10-29,quarterly,3.8859,USD,post-market,None,-5903000000,0.032,0.077,0.066,93.04,65662000,20982000000,1032000000,854000000,807.26,783.28,7.9417,38060000000,4966000000,3069000000,23880000000,33094000000,20811000000,221057000,14157000000,69.9,None,943.1,689.25
2025-12-28,EQIX,10.92,9076000000.0,69.9,None,1.037,144.18,,3916000000,3660000000,3660000000,,,,,,,,,None,98050000,None,158354000,158354000,1213000000,None,1913000000,1137000000,None,None,74964000,,18.33,0.0242,,,,0.229,0.2859,-2959000,72005000,3.6,2025-06-30,46.95,5982000000,4570000000.0,62703000,-42069000,543000,1389000000,1389000000,None,8880000,None,None,None,None,16022000000,None,None,-42612000,None,None,None,0.218,,99476000,-36773000,881000000,746000000,None,932000000,None,,,,,2.668,5.26,8.26,,,,,,,,0.118,,None,2025-10-29,quarterly,3.8859,USD,post-market,None,-5811000000,0.032,0.077,0.066,93.04,65662000,21851000000,2282000000,872000000,807.26,783.28,7.9417,38849000000,6550000000,4241000000,24742000000,32299000000,20501000000,221057000,14084000000,69.9,None,943.1,689.25
2025-12-28,EQIX,10.92,9076000000.0,69.9,None,1.037,144.18,,3886000000,2950000000,2950000000,,,,,,,,,None,97887000,None,158354000,158354000,1105000000,None,1204000000,1089000000,None,None,74964000,,18.33,0.0242,,,,0.229,0.2859,-2959000,72005000,3.6,2025-03-31,46.95,5633000000,4570000000.0,62703000,-42069000,543000,1388000000,1388000000,None,8880000,None,None,None,None,14560000000,None,None,-42612000,None,None,None,0.218,,99476000,-36773000,743000000,667000000,None,744000000,None,,,,,2.668,5.26,8.26,,,,,,,,0.118,,None,2025-10-29,quarterly,3.8859,USD,post-market,None,-5706000000,0.032,0.077,0.066,93.04,65662000,19650000000,1555000000,723000000,807.26,783.28,7.9417,36079000000,5505000000,3327000000,22166000000,30574000000,18839000000,221057000,13889000000,69.9,None,943.1,689.25
2025-12-28,EQIX,10.92,9076000000.0,69.9,None,1.037,144.18,,3750000000,3081000000,3081000000,,,,,,,,,None,96849000,None,158354000,158354000,133000000,None,1204000000,1380000000,None,None,74964000,,18.33,0.0242,,,,0.229,0.2859,-2959000,72005000,3.6,2024-12-31,46.95,5504000000,4570000000.0,62703000,-42069000,543000,1417000000,1417000000,None,8880000,None,None,None,None,14007000000,None,519000000,-42612000,None,None,None,0.218,,99476000,-36773000,459000000,1344000000,None,62000000,None,,,,,2.668,5.26,8.26,,,,,,,,0.118,,None,2025-10-29,quarterly,3.8859,USD,post-market,None,-5593000000,0.032,0.077,0.066,93.04,65662000,18961000000,1537000000,527000000,807.26,783.28,7.9417,35085000000,5447000000,3349000000,21533000000,29638000000,18184000000,221057000,13528000000,69.9,None,943.1,689.25
2025-12-28,EQIX,10.92,9076000000.0,69.9,None,1.037,144.18,,3910000000,2776000000,2776000000,,,,,,,,,None,96488000,None,158354000,158354000,1125000000,None,2203000000,1123000000,None,None,74964000,,18.33,0.0242,,,,0.229,0.2859,-2959000,72005000,3.6,2024-09-30,46.95,5768000000,4570000000.0,62703000,-42069000,543000,1544000000,1544000000,None,8880000,None,None,None,None,13075000000,None,None,-42612000,None,None,None,0.218,,99476000,-36773000,705000000,691000000,None,822000000,None,,,,,2.668,5.26,8.26,,,,,,,,0.118,,None,2025-10-29,quarterly,3.8859,USD,post-market,None,-5158000000,0.032,0.077,0.066,93.04,65662000,19188000000,2554000000,451000000,807.26,783.28,7.9417,35438000000,5055000000,4370000000,21826000000,30383000000,17456000000,221057000,13588000000,69.9,None,943.1,689.25
2025-12-28,EQIX,10.92,9076000000.0,69.9,None,1.037,144.18,,3634000000,1993000000,1993000000,,,,,,,,,None,95166000,None,158354000,158354000,1139000000,None,1005000000,1124000000,None,None,74964000,,18.33,0.0242,,,,0.229,0.2859,-2959000,72005000,3.6,2024-06-30,46.95,5622000000,4570000000.0,62703000,-42069000,543000,1573000000,1573000000,None,8880000,None,None,None,None,13336000000,None,None,-42612000,None,None,None,0.218,,99476000,-36773000,612000000,650000000,None,787000000,None,,,,,2.668,5.26,8.26,,,,,,,,0.118,,None,2025-10-29,quarterly,3.8859,USD,post-market,None,-5048000000,0.032,0.077,0.066,93.04,65662000,17975000000,1279000000,None,807.26,783.28,7.9417,32854000000,3729000000,3068000000,20551000000,29125000000,17483000000,221057000,12278000000,69.9,None,943.1,689.25
2025-12-28,EQIX,10.92,9076000000.0,69.9,None,1.037,144.18,,3639000000,1527000000,1527000000,,,,,,,,,None,95156000,None,158354000,158354000,1077000000,None,1006000000,1079000000,None,None,74964000,,18.33,0.0242,,,,0.229,0.2859,-2959000,72005000,3.6,2024-03-31,46.95,5621000000,4570000000.0,62703000,-42069000,543000,1624000000,1624000000,None,8880000,None,None,None,None,12632000000,None,None,-42612000,None,None,None,0.218,,99476000,-36773000,561000000,507000000,None,752000000,None,,,,,2.668,5.26,8.26,,,,,,,,0.118,,None,2025-10-29,quarterly,3.8859,USD,post-market,None,-4932000000,0.032,0.077,0.066,93.04,65662000,17277000000,1307000000,None,807.26,783.28,7.9417,31937000000,3167000000,2891000000,19613000000,28770000000,16722000000,221057000,12299000000,69.9,None,943.1,689.25
2025-12-28,EQIX,10.92,9076000000.0,69.9,None,1.037,144.18,,3723219000,2096000000,2096000000,,,,,,,,,95000,94667000,None,158354000,158354000,162000000,None,1006285000,1303000000,None,None,74964000,,18.33,0.0242,,,,0.229,0.2859,-2959000,72005000,3.6,2023-12-31,46.95,5737000000,4570000000.0,62703000,-42069000,543000,1705000000,1705000000,None,8880000,None,3567697000,None,None,12725609000,None,468231000,-42612000,None,None,None,0.218,,99476000,-36773000,169000000,1423166000,None,61315000,None,,,,,2.668,5.26,8.26,,,,,,,,0.118,,None,2025-10-29,quarterly,3.8859,USD,post-market,None,-4761000000,0.032,0.077,0.066,93.04,65662000,17454000000,1275000000,43995000,807.26,783.28,7.9417,32651000000,3568000000,3162000000,20137000000,29083000000,16975000000,221057000,12489000000,69.9,None,943.1,689.25
2025-12-28,EQIX,10.92,9076000000.0,69.9,None,1.037,144.18,,3790230000,2357497000,2357497000,,,,,,,,,94000,94168000,None,158354000,158354000,1058235000,None,8211000,1030694000,None,None,74964000,,18.33,0.0242,,,,0.229,0.2859,-2959000,72005000,3.6,2023-09-30,46.95,5589124000,4570000000.0,62703000,-42069000,543000,1730538000,1730538000,None,8880000,None,None,None,None,13582847000,None,None,-42612000,None,None,None,0.218,,99476000,-36773000,497189000,558249000,None,775271000,None,,,,,2.668,5.26,8.26,,,,,,,,0.118,,18886588000,2025-10-29,quarterly,3.8859,USD,post-market,None,-4581151000,0.032,0.077,0.066,93.04,65662000,17381288000,277207000,None,807.26,783.28,7.9417,31684602000,3885380000,1893691000,19773043000,27799222000,17879352000,221057000,11886884000,69.9,None,943.1,689.25
2025-12-28,EQIX,10.92,9076000000.0,69.9,None,1.037,144.18,,3830643000,2342177000,2342177000,,,,,,,,,94000,93857000,None,158354000,158354000,1023031000,None,8419000,1006116000,None,None,74964000,,18.33,0.0242,,,,0.229,0.2859,-2959000,72005000,3.6,2023-06-30,46.95,5732010000,4570000000.0,62703000,-42069000,543000,1807485000,1807485000,None,8880000,None,1,None,None,13338742000,None,None,-42612000,None,None,None,0.218,,99476000,-36773000,395723000,531563000,None,785547000,None,,,,,2.668,5.26,8.26,,,,,,,,0.118,,17267282000,2025-10-29,quarterly,3.8859,USD,post-market,None,-4532599000,0.032,0.077,0.066,93.04,65662000,17177804000,299634000,None,807.26,783.28,7.9417,31566945000,3744016000,1854228000,19517945000,27822929000,17663717000,221057000,12024109000,69.9,None,943.1,689.25
2025-12-28,EQIX,10.92,9076000000.0,69.9,None,1.037,144.18,,3642206000,2642578000,2642578000,,,,,,,,,94000,93340000,None,158354000,158354000,933290000,None,9869000,913413000,None,None,74964000,,18.33,0.0242,,,,0.229,0.2859,-2959000,72005000,3.6,2023-03-31,46.95,5712063000,4570000000.0,62703000,-42069000,543000,1859655000,1859655000,None,8880000,None,None,None,None,13361086000,None,None,-42612000,None,None,None,0.218,,99476000,-36773000,437155000,513988000,None,784900000,None,,,,,2.668,5.26,8.26,,,,,,,,0.118,,16913734000,2025-10-29,quarterly,3.8859,USD,post-market,None,-4415571000,0.032,0.077,0.066,93.04,65662000,17013161000,306874000,None,807.26,783.28,7.9417,31274198000,3993146000,1754152000,19245339000,27281052000,17491187000,221057000,12029048000,69.9,None,943.1,689.25
2025-12-28,EQIX,10.92,9076000000.0,69.9,None,1.037,144.18,,3707460000,1906421000,1906421000,,,,,,,,,93000,92752000,None,158354000,158354000,115953000,None,9847000,1115102000,None,None,74964000,,18.33,0.0242,,,,0.229,0.2859,-2959000,72005000,3.6,2022-12-31,46.95,5654217000,4570000000.0,62703000,-42069000,543000,1897649000,1897649000,None,8880000,None,84316000,None,None,12752247000,None,348145000,-42612000,None,None,None,0.218,,99476000,-36773000,283732000,1142178000,None,797863000,None,,,,,2.668,5.26,8.26,,,,,,,,0.118,,16649534000,2025-10-29,quarterly,3.8859,USD,post-market,None,-4352732000,0.032,0.077,0.066,93.04,65662000,16469554000,300805000,105693000,807.26,783.28,7.9417,30310742000,3305255000,1838298000,18804910000,27005487000,16966612000,221057000,11505966000,69.9,None,943.1,689.25
2025-12-28,EQIX,10.92,9076000000.0,69.9,None,1.037,144.18,,3406461000,2500816000,2500816000,,,,,,,,,93000,92135000,None,158354000,158354000,922545000,None,9810000,778858000,None,None,74964000,,18.33,0.0242,,,,0.229,0.2859,-2959000,72005000,3.6,2022-09-30,46.95,5393708000,4570000000.0,62703000,-42069000,543000,1892781000,1892781000,None,8880000,None,80516000,None,None,12607257000,None,None,-42612000,None,None,None,0.218,,99476000,-36773000,737381000,486776000,None,3868527000,None,,,,,2.668,5.26,8.26,,,,,,,,0.118,,16517792000,2025-10-29,quarterly,3.8859,USD,post-market,None,-4190757000,0.032,0.077,0.066,93.04,65662000,16023528000,286668000,None,807.26,783.28,7.9417,29325866000,4017055000,1695989000,18171773000,25308811000,16475784000,221057000,11154379000,69.9,None,943.1,689.25
2025-12-28,EQIX,10.92,9076000000.0,69.9,None,1.037,144.18,,3561712000,1891311000,1891311000,,,,,,,,,91000,91262000,None,158354000,158354000,841473000,None,34086000,812769000,None,None,74964000,,18.33,0.0242,,,,0.229,0.2859,-2959000,72005000,3.6,2022-06-30,46.95,5585330000,4570000000.0,62703000,-42069000,543000,1982434000,1982434000,None,8880000,None,71554000,None,None,12733087000,None,None,-42612000,None,None,None,0.218,,99476000,-36773000,585867000,448618000,None,4066589000,None,,,,,2.668,5.26,8.26,,,,,,,,0.118,,16908413000,2025-10-29,quarterly,3.8859,USD,post-market,None,-4112070000,0.032,0.077,0.066,93.04,65662000,16328885000,318853000,None,807.26,783.28,7.9417,29038214000,3289947000,1608944000,18408620000,25748267000,16799676000,221057000,10629784000,69.9,-98792000,943.1,689.25
2025-12-28,EQIX,10.92,9076000000.0,69.9,None,1.037,144.18,,3381956000,1695305000,1695305000,,,,,,,,,91000,91162000,None,158354000,158354000,811157000,None,31993000,780404000,None,None,74964000,,18.33,0.0242,,,,0.229,0.2859,-2959000,72005000,3.6,2022-03-31,46.95,5316079000,4570000000.0,62703000,-42069000,543000,1877541000,1877541000,None,8880000,None,115193000,None,None,11645355000,None,None,-42612000,None,None,None,0.218,,99476000,-36773000,587087000,469214000,None,740748000,None,,,,,2.668,5.26,8.26,,,,,,,,0.118,,15512991000,2025-10-29,quarterly,3.8859,USD,post-market,None,-4041767000,0.032,0.077,0.066,93.04,65662000,15059304000,326643000,None,807.26,783.28,7.9417,28023233000,3062796000,1607014000,17080423000,24960437000,15473409000,221057000,10942885000,69.9,-107949000,943.1,689.25
2025-12-28,EQIX,10.92,9076000000.0,69.9,None,1.037,144.18,,3388718000,1536358000,1536358000,,,,,,,,,91000,90752000,None,158354000,158354000,84084000,None,33087000,934548000,None,None,74964000,,18.33,0.0242,,,,0.229,0.2859,-2959000,72005000,3.6,2021-12-31,46.95,5372071000,4570000000.0,62703000,-42069000,543000,1935267000,1935267000,None,8880000,None,276195000,None,None,11570721000,None,245049000,-42612000,None,None,None,0.218,,99476000,-36773000,486195000,953736000,None,3860259000,None,,,,,2.668,5.26,8.26,,,,,,,,0.118,,16728193000,2025-10-29,quarterly,3.8859,USD,post-market,None,-3904647000,0.032,0.077,0.066,93.04,65662000,14992526000,324957000,117432000,807.26,783.28,7.9417,27918698000,2957101000,1605954000,17036934000,24961597000,15430980000,221057000,10882082000,69.9,-112208000,943.1,689.25
2025-12-28,EQIX,10.92,9076000000.0,69.9,None,1.037,144.18,,3432768000,1379100000,1379100000,,,,,,,,,90000,90467000,None,158354000,158354000,844056000,None,67571000,792101000,None,None,74964000,,18.33,0.0242,,,,0.229,0.2859,-2959000,72005000,3.6,2021-09-30,46.95,5401744000,4570000000.0,62703000,-42069000,543000,1994023000,1994023000,None,8880000,None,235330000,None,None,11561402000,None,None,-42612000,None,None,None,0.218,,99476000,-36773000,728162000,570497000,None,729264000,None,,,,,2.668,5.26,8.26,,,,,,,,0.118,,16632921000,2025-10-29,quarterly,3.8859,USD,post-market,None,-3765718000,0.032,0.077,0.066,93.04,65662000,15061741000,366583000,0,807.26,783.28,7.9417,27774131000,2899363000,1781136000,17205558000,24874768000,15424422000,221057000,10568763000,69.9,-112696000,943.1,689.25
2025-12-28,EQIX,10.92,9076000000.0,69.9,None,1.037,144.18,,3489105000,1799727000,1799727000,,,,,,,,,90000,90104000,None,158354000,158354000,767963000,None,42580000,726382000,None,None,74964000,,18.33,0.0242,,,,0.229,0.2859,-2959000,72005000,3.6,2021-06-30,46.95,5411123000,4570000000.0,62703000,-42069000,543000,2047515000,2047515000,None,8880000,None,227073000,None,None,11638684000,None,None,-42612000,None,None,None,0.218,,99476000,-36773000,621953000,575405000,None,770153000,None,,,,,2.668,5.26,8.26,,,,,,,,0.118,,16515692000,2025-10-29,quarterly,3.8859,USD,post-market,None,-3655960000,0.032,0.077,0.066,93.04,65662000,15170369000,340003000,0,807.26,783.28,7.9417,27930362000,3148062000,1683371000,17283890000,24782300000,15600519000,221057000,10646472000,69.9,-117270000,943.1,689.25
2025-12-28,EQIX,10.92,9076000000.0,69.9,None,1.037,144.18,,3461625000,1752990000,1752990000,,,,,,,,,90000,89842000,None,158354000,158354000,742300000,None,229905000,684642000,None,None,74964000,,18.33,0.0242,,,,0.229,0.2859,-2959000,72005000,3.6,2021-03-31,46.95,5387601000,4570000000.0,62703000,-42069000,543000,2092253000,2092253000,None,8880000,None,1,None,None,10914434000,None,None,-42612000,None,None,None,0.218,,99476000,-36773000,407856000,564823000,None,3992301000,None,,,,,2.668,5.26,8.26,,,,,,,,0.118,,14768661000,2025-10-29,quarterly,3.8859,USD,post-market,None,-3463029000,0.032,0.077,0.066,93.04,65662000,14605964000,526457000,4229000,807.26,783.28,7.9417,27316990000,2849717000,1833580000,16740315000,24467273000,14906735000,221057000,10576834000,69.9,-117786000,943.1,689.25
2025-12-28,EQIX,10.92,9076000000.0,69.9,None,1.037,144.18,,3385333000,1604869000,1604869000,,,,,,,,,89000,89726000,None,158354000,158354000,77705000,None,232475000,676738000,None,None,74964000,,18.33,0.0242,,,,0.229,0.2859,-2959000,72005000,3.6,2020-12-31,46.95,5472553000,4570000000.0,62703000,-42069000,543000,2170945000,2170945000,None,8880000,None,None,None,None,10305531000,None,163071000,-42612000,None,None,None,0.218,,99476000,-36773000,323016000,1150503000,None,4042442000,None,,,,,2.668,5.26,8.26,,,,,,,,0.118,,14503084000,2025-10-29,quarterly,3.8859,USD,post-market,None,-3358972000,0.032,0.077,0.066,93.04,65662000,13923339000,524365000,4532000,807.26,783.28,7.9417,27038841000,2609155000,2024750000,16372723000,24397686000,14347973000,221057000,10633988000,69.9,-122118000,943.1,689.25
2025-12-28,EQIX,10.92,9076000000.0,69.9,None,1.037,144.18,,3217240000,2645045000,2645045000,,,,,,,,,89000,89519000,None,158354000,158354000,822062000,None,2122267000,705509000,None,None,74964000,,18.33,0.0242,,,,0.229,0.2859,-2959000,72005000,3.6,2020-09-30,46.95,5125230000,4570000000.0,62703000,-42069000,543000,2047122000,2047122000,None,8880000,None,294924000,None,None,8402512000,None,None,-42612000,None,None,None,0.218,,99476000,-36773000,679288000,595054000,None,3682053000,None,,,,,2.668,5.26,8.26,,,,,,,,0.118,,13110554000,2025-10-29,quarterly,3.8859,USD,post-market,None,-3170310000,0.032,0.077,0.066,93.04,65662000,13742019000,2379067000,14186000,807.26,783.28,7.9417,26436714000,4044028000,3796183000,15880748000,22392686000,12084565000,221057000,10555814000,69.9,-122686000,943.1,689.25
2025-12-28,EQIX,10.92,9076000000.0,69.9,None,1.037,144.18,,3144043000,4785050000,4785050000,,,,,,,,,89000,87901000,None,158354000,158354000,745517000,None,2303357000,691589000,None,None,74964000,,18.33,0.0242,,,,0.229,0.2859,-2959000,72005000,3.6,2020-06-30,46.95,5016350000,4570000000.0,62703000,-42069000,543000,2074689000,2074689000,None,8880000,None,152188000,None,None,10022682000,None,None,-42612000,None,None,None,0.218,,99476000,-36773000,482709000,564648000,None,3525919000,None,,,,,2.668,5.26,8.26,,,,,,,,0.118,,12663827000,2025-10-29,quarterly,3.8859,USD,post-market,None,-2996420000,0.032,0.077,0.066,93.04,65662000,15470082000,2545606000,22069000,807.26,783.28,7.9417,27792630000,5981417000,3855771000,17404372000,21811213000,13548601000,221057000,10388280000,69.9,-127042000,943.1,689.25
2025-12-28,EQIX,10.92,9076000000.0,69.9,None,1.037,144.18,,2981767000,1171339000,1171339000,,,,,,,,,86000,86144000,None,158354000,158354000,717574000,None,374874000,687153000,None,None,74964000,,18.33,0.0242,,,,0.229,0.2859,-2959000,72005000,3.6,2020-03-31,46.95,4927459000,4570000000.0,62703000,-42069000,543000,2108539000,2108539000,None,8880000,None,1,None,None,9722940000,None,None,-42612000,None,None,None,0.218,,99476000,-36773000,435784000,516167000,None,3359991000,None,,,,,2.668,5.26,8.26,,,,,,,,0.118,,12177044000,2025-10-29,quarterly,3.8859,USD,post-market,None,-2890210000,0.032,0.077,0.066,93.04,65662000,13079581000,604732000,25833000,807.26,783.28,7.9417,23590698000,2320109000,1838473000,14921404000,21270589000,13082931000,221057000,8669364000,69.9,-127298000,943.1,689.25
2025-12-28,EQIX,10.92,9076000000.0,69.9,None,1.037,144.18,,2967383000,1869577000,1869577000,,,,,,,,,86000,85831000,None,158354000,158354000,52232000,None,720827000,735517000,None,None,74964000,,18.33,0.0242,,,,0.229,0.2859,-2959000,72005000,3.6,2019-12-31,46.95,4781858000,4570000000.0,62703000,-42069000,543000,2102389000,2102389000,None,8880000,None,1,None,None,9599107000,None,59737000,-42612000,None,None,None,0.218,,99476000,-36773000,247589000,935960000,None,3368263000,None,,,,,2.668,5.26,8.26,,,,,,,,0.118,,12152597000,2025-10-29,quarterly,3.8859,USD,post-market,None,-2777044000,0.032,0.077,0.066,93.04,65662000,13287317000,941672000,10362000,807.26,783.28,7.9417,23965615000,2872616000,2157863000,15125233000,21092999000,12967370000,221057000,8840606000,69.9,-144256000,943.1,689.25
2025-12-28,EQIX,10.92,9076000000.0,69.9,None,1.037,144.18,,2837903000,1402400000,1402400000,,,,,,,,,86000,85571000,None,158354000,158354000,755150000,None,371255000,746571000,None,None,74964000,,18.33,0.0242,,,,0.229,0.2859,-2959000,72005000,3.6,2019-09-30,46.95,4648913000,4570000000.0,62703000,-42069000,543000,2127843000,2127843000,None,8880000,None,379473000,None,None,9050524000,None,19567000,-42612000,None,None,None,0.218,,99476000,-36773000,684719000,507558000,None,3194295000,None,,,,,2.668,5.26,8.26,,,,,,,,0.118,,11229197000,2025-10-29,quarterly,3.8859,USD,post-market,None,-2689888000,0.032,0.077,0.066,93.04,65662000,12259682000,573775000,19567000,807.26,783.28,7.9417,22842333000,2853257000,1836483000,14081302000,19989076000,12244819000,221057000,8761111000,69.9,-144301000,943.1,689.25
2025-12-28,EQIX,10.92,9076000000.0,69.9,None,1.037,144.18,,2667030000,1613529000,1613529000,,,,,,,,,85000,84767000,None,158354000,158354000,768670000,None,373724000,752680000,None,None,74964000,,18.33,0.0242,,,,0.229,0.2859,-2959000,72005000,3.6,2019-06-30,46.95,4768880000,4570000000.0,62703000,-42069000,543000,2204405000,2204405000,None,8880000,None,353622000,None,None,9227018000,None,17219000,-42612000,None,None,None,0.218,,99476000,-36773000,605073000,540184000,None,3025853000,None,,,,,2.668,5.26,8.26,,,,,,,,0.118,,10992740000,2025-10-29,quarterly,3.8859,USD,post-market,None,-2598289000,0.032,0.077,0.066,93.04,65662000,12267772000,575551000,17219000,807.26,783.28,7.9417,22886505000,2988501000,1884405000,14137276000,19898004000,12252871000,221057000,8749242000,69.9,-144725000,943.1,689.25
2025-12-28,EQIX,10.92,9076000000.0,69.9,None,1.037,144.18,,2670942000,1633844000,1633844000,,,,,,,,,84000,82090000,None,158354000,158354000,746771000,None,373284000,703835000,None,None,74964000,,18.33,0.0242,,,,0.229,0.2859,-2959000,72005000,3.6,2019-03-31,46.95,4808085000,4570000000.0,62703000,-42069000,543000,2243106000,2243106000,None,8880000,None,None,None,None,9354134000,None,13833000,-42612000,None,None,None,0.218,,99476000,-36773000,274259000,377110000,None,3026818000,None,,,,,2.668,5.26,8.26,,,,,,,,0.118,,10898210000,2025-10-29,quarterly,3.8859,USD,post-market,None,-2530862000,0.032,0.077,0.066,93.04,65662000,12398360000,561470000,13833000,807.26,783.28,7.9417,22491091000,2625771000,1685351000,14066303000,19865320000,12380952000,221057000,8425112000,69.9,-144801000,943.1,689.25
2025-12-28,EQIX,10.92,9076000000.0,69.9,None,1.037,144.18,,1441077000,606166000,606166000,,,,,,,,,81000,80740000,None,158354000,158354000,96980000,None,408474000,750753000,None,None,74964000,,18.33,0.0242,,,,0.229,0.2859,-2959000,72005000,3.6,2018-12-31,46.95,4836388000,4570000000.0,62703000,-42069000,543000,2333296000,2333296000,None,8880000,None,1,None,None,9439448000,None,4540000,-42612000,None,None,None,0.218,,99476000,-36773000,154223000,753728000,None,629763000,None,,,,,2.668,5.26,8.26,,,,,,,,0.118,,11026020000,2025-10-29,quarterly,3.8859,USD,post-market,None,-2441252000,0.032,0.077,0.066,93.04,65662000,11332497000,451972000,4540000,807.26,783.28,7.9417,20244638000,1515682000,1515071000,13025359000,18728956000,11510288000,221057000,7219279000,69.9,-145161000,943.1,689.25
2025-12-28,EQIX,10.92,9076000000.0,69.9,None,1.037,144.18,,1386260000,870486000,870486000,,,,,,,,,81000,80283000,None,158354000,158354000,739117000,None,278793000,662401000,None,None,74964000,,18.33,0.0242,,,,0.229,0.2859,-2959000,72005000,3.6,2018-09-30,46.95,4852549000,4570000000.0,62703000,-42069000,543000,2383377000,2383377000,None,8880000,None,1,None,None,9646259000,None,15415000,-42612000,None,None,None,0.218,,99476000,-36773000,258685000,400138000,None,634060000,None,,,,,2.668,5.26,8.26,,,,,,,,0.118,,10682826000,2025-10-29,quarterly,3.8859,USD,post-market,None,-2365504000,0.032,0.077,0.066,93.04,65662000,11354583000,322064000,15415000,807.26,783.28,7.9417,20288071000,1806987000,1461319000,13127898000,18481084000,11666579000,221057000,7160173000,69.9,-145216000,943.1,689.25
2025-12-28,EQIX,10.92,9076000000.0,69.9,None,1.037,144.18,,1426368000,966308000,966308000,,,,,,,,,80000,79752000,None,158354000,158354000,710584000,None,268427000,616472000,None,None,74964000,,18.33,0.0242,,,,0.229,0.2859,-2959000,72005000,3.6,2018-06-30,46.95,4870300000,4570000000.0,62703000,-42069000,543000,2440087000,2440087000,None,8880000,None,1,None,None,9652323000,None,4200000,-42612000,None,None,None,0.218,,99476000,-36773000,249846000,411721000,None,633450000,None,,,,,2.668,5.26,8.26,,,,,,,,0.118,,10378915000,2025-10-29,quarterly,3.8859,USD,post-market,None,-2305082000,0.032,0.077,0.066,93.04,65662000,11390006000,311315000,18199000,807.26,783.28,7.9417,20070288000,1850825000,1433620000,13145761000,18219463000,11712141000,221057000,6924527000,69.9,-145632000,943.1,689.25
2025-12-28,EQIX,10.92,9076000000.0,69.9,None,1.037,144.18,,1629597000,2023808000,2023808000,,,,,,,,,80000,79649000,None,158354000,158354000,686612000,None,114108000,645468000,None,None,74964000,,18.33,0.0242,,,,0.229,0.2859,-2959000,72005000,3.6,2018-03-31,46.95,4485155000,4570000000.0,62703000,-42069000,543000,2356608000,2356608000,None,8880000,None,0,None,None,9317149000,None,12173000,-42612000,None,None,None,0.218,,99476000,-36773000,247175000,402778000,None,608156000,None,,,,,2.668,5.26,8.26,,,,,,,,0.118,,9696692000,2025-10-29,quarterly,3.8859,USD,post-market,None,-2188695000,0.032,0.077,0.066,93.04,65662000,11103831000,157085000,27033000,807.26,783.28,7.9417,19941928000,2943484000,1246475000,12801377000,16998444000,11554902000,221057000,7140551000,69.9,-145695000,943.1,689.25
2025-12-28,EQIX,10.92,9076000000.0,69.9,None,1.037,144.18,,1620256000,1412517000,1412517000,,,,,,,,,79000,79128000,None,158354000,158354000,101744000,None,102079000,695071000,None,None,74964000,,18.33,0.0242,,,,0.229,0.2859,-2959000,72005000,3.6,2017-12-31,46.95,4411762000,4570000000.0,62703000,-42069000,543000,2384972000,2384972000,None,8880000,None,1,None,None,8316967000,None,9243000,-42612000,None,None,None,0.218,,99476000,-36773000,113269000,763624000,None,661710000,None,,,,,2.668,5.26,8.26,,,,,,,,0.118,,9394602000,2025-10-29,quarterly,3.8859,USD,post-market,None,-2340103000,0.032,0.077,0.066,93.04,65662000,10080419000,143196000,28271000,807.26,783.28,7.9417,18696058000,2249128000,1242734000,11841667000,16446930000,10598933000,221057000,6849790000,69.9,-146320000,943.1,689.25
2025-12-28,EQIX,10.92,9076000000.0,69.9,None,1.037,144.18,,1612188000,1599988000,1599988000,,,,,,,,,79000,78719000,None,158354000,158354000,657229000,None,114613000,597242000,None,None,74964000,,18.33,0.0242,,,,0.229,0.2859,-2959000,72005000,3.6,2017-09-30,46.95,4226490000,4570000000.0,62703000,-42069000,543000,2335175000,2335175000,None,8880000,None,1,None,None,8268786000,None,10885000,-42612000,None,None,None,0.218,,99476000,-36773000,217006000,354739000,None,728681000,None,,,,,2.668,5.26,8.26,,,,,,,,0.118,,9006171000,2025-10-29,quarterly,3.8859,USD,post-market,None,-2246126000,0.032,0.077,0.066,93.04,65662000,10025630000,144656000,29572000,807.26,783.28,7.9417,18308496000,2443808000,1156624000,11766279000,15864688000,10609655000,221057000,6542217000,69.9,-146369000,943.1,689.25
2025-12-28,EQIX,10.92,9076000000.0,69.9,None,1.037,144.18,,1584287000,1063777000,1063777000,,,,,,,,,78000,78508000,None,158354000,158354000,612593000,None,145959000,545734000,None,None,74964000,,18.33,0.0242,,,,0.229,0.2859,-2959000,72005000,3.6,2017-06-30,46.95,4225553000,4570000000.0,62703000,-42069000,543000,2382230000,2382230000,None,8880000,None,1,None,None,7558873000,None,6389000,-42612000,None,None,None,0.218,,99476000,-36773000,235871000,332883000,None,715679000,None,,,,,2.668,5.26,8.26,,,,,,,,0.118,,8746595000,2025-10-29,quarterly,3.8859,USD,post-market,None,-2166929000,0.032,0.077,0.066,93.04,65662000,9289119000,145959000,4242000,807.26,783.28,7.9417,17473937000,1849624000,1091435000,10950274000,15624313000,9858839000,221057000,6523663000,69.9,-146982000,943.1,689.25
2025-12-28,EQIX,10.92,9076000000.0,69.9,None,1.037,144.18,,1523309000,4923259000,4923259000,,,,,,,,,78000,73367000,None,158354000,158354000,515959000,None,180001000,429990000,None,None,74964000,,18.33,0.0242,,,,0.229,0.2859,-2959000,72005000,3.6,2017-03-31,46.95,3053026000,4570000000.0,62703000,-42069000,543000,710706000,710706000,None,8880000,None,1,None,None,7478059000,None,6461000,-42612000,None,None,None,0.218,,99476000,-36773000,206026000,324108000,None,645409000,None,,,,,2.668,5.26,8.26,,,,,,,,0.118,,7605829000,2025-10-29,quarterly,3.8859,USD,post-market,None,-2054194000,0.032,0.077,0.066,93.04,65662000,9181369000,180001000,14742000,807.26,783.28,7.9417,17184684000,5574017000,1020068000,10666845000,11610667000,9646777000,221057000,6517839000,69.9,-146936000,943.1,689.25
2025-12-28,EQIX,10.92,9076000000.0,69.9,None,1.037,144.18,,1410742000,748476000,748476000,,,,,,,,,72000,71959000,None,158354000,158354000,60211000,None,67928000,545056000,None,None,74964000,,18.33,0.0242,,,,0.229,0.2859,-2959000,72005000,3.6,2016-12-31,46.95,2986064000,4570000000.0,62703000,-42069000,543000,719231000,719231000,None,8880000,None,148395000,None,None,5179857000,None,10042000,-42612000,None,None,None,0.218,,99476000,-36773000,170585000,571951000,None,623248000,None,,,,,2.668,5.26,8.26,,,,,,,,0.118,,7199210000,2025-10-29,quarterly,3.8859,USD,post-market,None,-1951061000,0.032,0.077,0.066,93.04,65662000,6759573000,168974000,3409000,807.26,783.28,7.9417,12608371000,1467526000,1028695000,8242542000,11140845000,7213847000,221057000,4365829000,69.9,-147559000,943.1,689.25
2025-12-28,EQIX,10.92,9076000000.0,69.9,None,1.037,144.18,,1446455000,987915000,987915000,,,,,,,,,72000,71908000,None,158354000,158354000,534602000,None,611105000,377528000,None,None,74964000,,18.33,0.0242,,,,0.229,0.2859,-2959000,72005000,3.6,2016-09-30,46.95,3118686000,4570000000.0,62703000,-42069000,543000,803260000,803260000,None,8880000,None,122228000,None,None,4867750000,None,15036000,-42612000,None,None,None,0.218,,99476000,-36773000,294598000,349859000,None,664076000,None,,,,,2.668,5.26,8.26,,,,,,,,0.118,,7251399000,2025-10-29,quarterly,3.8859,USD,post-market,None,-1886000000,0.032,0.077,0.066,93.04,65662000,6925310000,611105000,443000,807.26,783.28,7.9417,13097557000,1660484000,1495566000,8473847000,11437073000,6978281000,221057000,4623710000,69.9,-147617000,943.1,689.25
2025-12-28,EQIX,10.92,9076000000.0,69.9,None,1.037,144.18,,1514804000,483160000,483160000,,,,,,,,,71000,70364000,None,158354000,158354000,498212000,None,603942000,346994000,None,None,74964000,,18.33,0.0242,,,,0.229,0.2859,-2959000,72005000,3.6,2016-06-30,46.95,3190197000,4570000000.0,62703000,-42069000,543000,788955000,788955000,None,8880000,None,1028077000,None,None,4882479000,None,7694000,-42612000,None,None,None,0.218,,99476000,-36773000,1261947000,457625000,None,606518000,None,,,,,2.668,5.26,8.26,,,,,,,,0.118,,6958794000,2025-10-29,quarterly,3.8859,USD,post-market,None,-1810149000,0.032,0.077,0.066,93.04,65662000,7001225000,603942000,3328000,807.26,783.28,7.9417,13269045000,2095429000,1559779000,8563580000,11173616000,7003801000,221057000,4705465000,69.9,-148246000,943.1,689.25
2025-12-28,EQIX,10.92,9076000000.0,69.9,None,1.037,144.18,,1552145000,633758000,633758000,,,,,,,,,69000,68132000,None,158354000,158354000,475343000,None,683672000,326440000,None,None,74964000,,18.33,0.0242,,,,0.229,0.2859,-2959000,72005000,3.6,2016-03-31,46.95,3336968000,4570000000.0,62703000,-42069000,543000,867536000,867536000,None,8880000,None,959324000,None,None,4945974000,None,3969000,-42612000,None,None,None,0.218,,99476000,-36773000,1195790000,421180000,None,598416000,None,,,,,2.668,5.26,8.26,,,,,,,,0.118,,6888232000,2025-10-29,quarterly,3.8859,USD,post-market,None,-1731235000,0.032,0.077,0.066,93.04,65662000,7181791000,683672000,12353000,807.26,783.28,7.9417,13495835000,2168341000,1580195000,8676730000,11327494000,7096535000,221057000,4819105000,69.9,-6635000,943.1,689.25
2025-12-28,EQIX,10.92,9076000000.0,69.9,None,1.037,144.18,,1287139000,2228838000,2228838000,,,,,,,,,62000,60943000,None,158354000,158354000,402776000,None,916357000,291964000,None,None,74964000,,18.33,0.0242,,,,0.229,0.2859,-2959000,72005000,3.6,2015-12-31,46.95,1063200000,4570000000.0,62703000,-42069000,543000,224565000,224565000,None,8880000,None,512674000,None,None,4277403000,None,4584000,-42612000,None,None,None,0.218,,99476000,-36773000,212929000,206682000,None,390413000,None,,,,,2.668,5.26,8.26,,,,,,,,0.118,,5606436000,2025-10-29,quarterly,3.8859,USD,post-market,None,-1576688000,0.032,0.077,0.066,93.04,65662000,6519192000,954650000,12875000,807.26,783.28,7.9417,10356695000,3259280000,1656354000,7611309000,7097415000,5954955000,221057000,2745386000,69.9,-7373000,943.1,689.25
2025-12-28,EQIX,10.92,9076000000.0,69.9,None,1.037,144.18,,1198581000,335469000,335469000,,,,,,,,,57000,57708000,None,158354000,158354000,340366000,None,None,293125000,None,None,74964000,,18.33,0.0242,,,,0.229,0.2859,-2959000,72005000,3.6,2015-09-30,46.95,983530000,4570000000.0,62703000,-42069000,543000,123454000,123454000,None,8880000,None,493425000,None,None,3204497000,None,4077000,-42612000,None,None,None,0.218,,99476000,-36773000,613429000,890414000,None,349821000,None,,,,,2.668,5.26,8.26,,,,,,,,0.118,,5218595000,2025-10-29,quarterly,3.8859,USD,post-market,None,-1480622000,0.032,0.077,0.066,93.04,65662000,4636412000,233334000,493425000,807.26,783.28,7.9417,7705666000,1242023000,1464114000,6217013000,6463643000,4752899000,221057000,1488653000,69.9,-9913000,943.1,689.25
2025-12-28,EQIX,10.92,9076000000.0,69.9,None,1.037,144.18,,1217746000,336133000,336133000,,,,,,,,,57000,57499000,None,158354000,158354000,315554000,None,None,293855000,None,None,74964000,,18.33,0.0242,,,,0.229,0.2859,-2959000,72005000,3.6,2015-06-30,46.95,1007739000,4570000000.0,62703000,-42069000,543000,131383000,131383000,None,8880000,None,523003000,None,None,3256631000,None,4039000,-42612000,None,None,None,0.218,,99476000,-36773000,604733000,266525000,None,331319000,None,,,,,2.668,5.26,8.26,,,,,,,,0.118,,5184800000,2025-10-29,quarterly,3.8859,USD,post-market,None,-781871000,0.032,0.077,0.066,93.04,65662000,4710030000,235653000,95397000,807.26,783.28,7.9417,7826018000,1330118000,817732000,5623428000,6495900000,4805696000,221057000,2202590000,69.9,-10646000,943.1,689.25
2025-12-28,EQIX,10.92,9076000000.0,69.9,None,1.037,144.18,,1177638000,536709000,536709000,,,,,,,,,57000,57227000,None,158354000,158354000,321942000,None,None,277900000,None,None,74964000,,18.33,0.0242,,,,0.229,0.2859,-2959000,72005000,3.6,2015-03-31,46.95,984436000,4570000000.0,62703000,-42069000,543000,136010000,136010000,None,8880000,None,1,None,None,3410254000,None,10691000,-42612000,None,None,None,0.218,,99476000,-36773000,102592000,265655000,None,311718000,None,,,,,2.668,5.26,8.26,,,,,,,,0.118,,4990883000,2025-10-29,quarterly,3.8859,USD,post-market,None,-742684000,0.032,0.077,0.066,93.04,65662000,4666650000,78758000,522343000,807.26,783.28,7.9417,7727694000,1439544000,666355000,5565965000,6288150000,4899610000,221057000,2161729000,69.9,-10687000,943.1,689.25
2025-12-28,EQIX,10.92,9076000000.0,69.9,None,1.037,144.18,,1168042000,610917000,610917000,,,,,,,,,57000,55295000,None,158354000,158354000,30221000,None,59466000,281965000,None,None,74964000,,18.33,0.0242,,,,0.229,0.2859,-2959000,72005000,3.6,2014-12-31,46.95,1002129000,4570000000.0,62703000,-42069000,543000,147527000,147527000,None,8880000,None,1,None,None,3430539000,None,439000,-42612000,None,None,None,0.218,,99476000,-36773000,68666000,422335000,None,304964000,None,,,,,2.668,5.26,8.26,,,,,,,,0.118,,4998270000,2025-10-29,quarterly,3.8859,USD,post-market,None,-720377000,0.032,0.077,0.066,93.04,65662000,4643954000,80828000,529395000,807.26,783.28,7.9417,7817433000,1490943000,643757000,5511847000,6326490000,4868090000,221057000,2270131000,69.9,-11411000,943.1,689.25
2025-12-28,EQIX,10.92,9076000000.0,69.9,None,1.037,144.18,,1172356000,354181000,354181000,,,,,,,,,54000,55238000,None,158354000,158354000,42304000,None,None,312472000,None,None,74964000,,18.33,0.0242,,,,0.229,0.2859,-2959000,72005000,3.6,2014-09-30,46.95,1024555000,4570000000.0,62703000,-42069000,543000,157475000,157475000,None,8880000,None,1,None,None,2733400000,None,16075000,-42612000,None,None,None,0.218,,99476000,-36773000,60199000,438591000,None,290364000,None,,,,,2.668,5.26,8.26,,,,,,,,0.118,,4983376000,2025-10-29,quarterly,3.8859,USD,post-market,None,59113000,0.032,0.077,0.066,93.04,65662000,3983655000,77899000,130859000,807.26,783.28,7.9417,7462000000,857711000,668200000,4864320000,6604289000,4196120000,221057000,2597680000,69.9,-94759000,943.1,689.25
2025-12-28,EQIX,10.92,9076000000.0,69.9,None,1.037,144.18,,1116230000,408334000,408334000,,,,,,,,,53000,51652000,None,158354000,158354000,224109000,None,None,237831000,None,None,74964000,,18.33,0.0242,,,,0.229,0.2859,-2959000,72005000,3.6,2014-06-30,46.95,1058363000,4570000000.0,62703000,-42069000,543000,170130000,170130000,None,8880000,None,-1850000,None,None,2747098000,None,88690000,-42612000,None,None,None,0.218,,99476000,-36773000,1850000,18852000,None,302753000,None,,,,,2.668,5.26,8.26,,,,,,,,0.118,,4924162000,2025-10-29,quarterly,3.8859,USD,post-market,None,16272000,0.032,0.077,0.066,93.04,65662000,5228589000,1365261000,296015000,807.26,783.28,7.9417,7601817000,942180000,1671384000,4691602000,6659637000,3020218000,221057000,2683059000,69.9,-52938000,943.1,689.25
2025-12-28,EQIX,10.92,9076000000.0,69.9,None,1.037,144.18,,1037247000,495174000,495174000,,,,,,,,,51000,53386000,None,158354000,158354000,34363000,None,None,226003000,None,None,74964000,,18.33,0.0242,,,,0.229,0.2859,-2959000,72005000,3.6,2014-03-31,46.95,1047578000,4570000000.0,62703000,-42069000,543000,176914000,176914000,None,8880000,None,0,None,None,3170122000,None,224176000,-42612000,None,None,None,0.218,,99476000,-36773000,42467000,364418000,None,284108000,None,,,,,2.668,5.26,8.26,,,,,,,,0.118,,4766297000,2025-10-29,quarterly,3.8859,USD,post-market,None,4944000,0.032,0.077,0.066,93.04,65662000,4279371000,72002000,322374000,807.26,783.28,7.9417,7730598000,1086018000,595156000,5086633000,6644580000,4491477000,221057000,2517006000,69.9,-131408000,943.1,689.25
2025-12-28,EQIX,10.92,9076000000.0,69.9,None,1.037,144.18,,914032000,261894000,261894000,,,,,,,,,50000,53499000,None,158354000,158354000,30291000,None,None,210605000,None,None,74964000,,18.33,0.0242,,,,0.229,0.2859,-2959000,72005000,3.6,2013-12-31,46.95,1042153000,4570000000.0,62703000,-42069000,543000,184182000,184182000,None,8880000,None,1,None,None,3173902000,None,398390000,-42612000,None,None,None,0.218,,99476000,-36773000,46353000,350118000,None,274955000,None,,,,,2.668,5.26,8.26,,,,,,,,0.118,,4591650000,2025-10-29,quarterly,3.8859,USD,post-market,None,-36443000,0.032,0.077,0.066,93.04,65662000,4158656000,70722000,369808000,807.26,783.28,7.9417,7492359000,888660000,546504000,4909393000,6603699000,4362889000,221057000,2459064000,69.9,-84663000,943.1,689.25
2025-12-28,EQIX,10.92,9076000000.0,69.9,None,1.037,144.18,,862410000,399742000,399742000,,,,,,,,,50000,53581000,None,158354000,158354000,28483000,None,None,215392000,None,None,74964000,,18.33,0.0242,,,,0.229,0.2859,-2959000,72005000,3.6,2013-09-30,46.95,1036179000,4570000000.0,62703000,-42069000,543000,182345000,182345000,None,8880000,None,1,None,None,3127002000,None,442195000,-42612000,None,None,None,0.218,,99476000,-36773000,43602000,375609000,None,263352000,None,,,,,2.668,5.26,8.26,,,,,,,,0.118,,4381020000,2025-10-29,quarterly,3.8859,USD,post-market,None,-81630000,0.032,0.077,0.066,93.04,65662000,4046576000,57164000,346038000,807.26,783.28,7.9417,7384709000,1004774000,582225000,4834989000,6379441000,4252764000,221057000,2452996000,69.9,-35903000,943.1,689.25
2025-12-28,EQIX,10.92,9076000000.0,69.9,None,1.037,144.18,,684873000,517496000,517496000,,,,,,,,,50000,49379000,None,158354000,158354000,34223000,None,None,218116000,None,None,74964000,,18.33,0.0242,,,,0.229,0.2859,-2959000,72005000,3.6,2013-06-30,46.95,1012102000,4570000000.0,62703000,-42069000,543000,184740000,184740000,None,8880000,None,0,None,None,3131184000,None,375971000,-42612000,None,None,None,0.218,,99476000,-36773000,38537000,366063000,None,245768000,None,,,,,2.668,5.26,8.26,,,,,,,,0.118,,4103344000,2025-10-29,quarterly,3.8859,USD,post-market,None,-103205000,0.032,0.077,0.066,93.04,65662000,3941679000,125622000,323460000,807.26,783.28,7.9417,7077849000,1097609000,607535000,4669360000,5980240000,4061825000,221057000,2311875000,69.9,-36284000,943.1,689.25
2025-12-28,EQIX,10.92,9076000000.0,69.9,None,1.037,144.18,,568067000,685019000,685019000,,,,,,,,,50000,53480000,None,158354000,158354000,28812000,None,None,199318000,None,None,74964000,,18.33,0.0242,,,,0.229,0.2859,-2959000,72005000,3.6,2013-03-31,46.95,1018777000,4570000000.0,62703000,-42069000,543000,191935000,191935000,None,8880000,None,843478000,None,None,3142038000,None,293751000,-42612000,None,None,None,0.218,,99476000,-36773000,888231000,303390000,None,197966000,None,,,,,2.668,5.26,8.26,,,,,,,,0.118,,3890190000,2025-10-29,quarterly,3.8859,USD,post-market,None,-74547000,0.032,0.077,0.066,93.04,65662000,4523759000,813654000,233289000,807.26,783.28,7.9417,7611367000,2005857000,1265710000,5173781000,5605510000,3908071000,221057000,2342261000,69.9,-36309000,943.1,689.25
2025-12-28,EQIX,10.92,9076000000.0,69.9,None,1.037,144.18,,545853000,252213000,252213000,,,,,,,,,49000,52917000,None,158354000,158354000,27659000,None,None,176097000,None,None,74964000,,18.33,0.0242,,,,0.229,0.2859,-2959000,72005000,3.6,2012-12-31,46.95,1042564000,4570000000.0,62703000,-42069000,543000,201562000,201562000,None,8880000,None,0,None,None,2397528000,None,127819000,-42612000,None,None,None,0.218,,99476000,-36773000,45290000,335278000,None,230843000,None,,,,,2.668,5.26,8.26,,,,,,,,0.118,,3918999000,2025-10-29,quarterly,3.8859,USD,post-market,None,-131128000,0.032,0.077,0.066,93.04,65662000,3010747000,67366000,166492000,807.26,783.28,7.9417,6132964000,640092000,549072000,3738178000,5493213000,3189106000,221057000,2313441000,69.9,-36676000,943.1,689.25
2025-12-28,EQIX,10.92,9076000000.0,69.9,None,1.037,144.18,,None,239687000,239687000,,,,,,,,,49000,52655000,None,158354000,158354000,26387000,None,None,181973000,None,None,74964000,,18.33,0.0242,,,,0.229,0.2859,-2959000,72005000,3.6,2012-09-30,46.95,1043284000,4570000000.0,62703000,-42069000,543000,200648000,200648000,None,8880000,None,68991000,None,None,2404476000,None,115362000,-42612000,None,None,None,0.218,,99476000,-36773000,138739000,469458000,None,662195000,None,,,,,2.668,5.26,8.26,,,,,,,,0.118,,3791063000,2025-10-29,quarterly,3.8859,USD,post-market,None,-155287000,0.032,0.077,0.066,93.04,65662000,2956529000,64185000,164787000,807.26,783.28,7.9417,5990970000,725186000,612459000,3679130000,5265784000,3066671000,221057000,2233649000,69.9,-36706000,943.1,689.25
2025-12-28,EQIX,10.92,9076000000.0,69.9,None,1.037,144.18,,None,654096000,654096000,,,,,,,,,49000,52351000,None,158354000,158354000,27517000,None,None,169812000,None,None,74964000,,18.33,0.0242,,,,0.229,0.2859,-2959000,72005000,3.6,2012-06-30,46.95,863187000,4570000000.0,62703000,-42069000,543000,138199000,138199000,None,8880000,None,0,None,None,2343082000,None,53460000,-42612000,None,None,None,0.218,,99476000,-36773000,70219000,332771000,None,746972000,None,,,,,2.668,5.26,8.26,,,,,,,,0.118,,3525839000,2025-10-29,quarterly,3.8859,USD,post-market,None,-184125000,0.032,0.077,0.066,93.04,65662000,2893473000,85769000,115465000,807.26,783.28,7.9417,5724688000,1009592000,491159000,3581213000,4715096000,3090054000,221057000,2067621000,69.9,-37166000,943.1,689.25
2025-12-28,EQIX,10.92,9076000000.0,69.9,None,1.037,144.18,,None,632944000,632944000,,,,,,,,,48000,51061000,None,158354000,158354000,26423000,None,None,158561000,None,None,74964000,,18.33,0.0242,,,,0.229,0.2859,-2959000,72005000,3.6,2012-03-31,46.95,879914000,4570000000.0,62703000,-42069000,543000,145350000,145350000,None,8880000,None,0,None,None,2342741000,None,166437000,-42612000,None,None,None,0.218,,99476000,-36773000,98608000,313646000,None,693971000,None,,,,,2.668,5.26,8.26,,,,,,,,0.118,,3387369000,2025-10-29,quarterly,3.8859,USD,post-market,None,-220572000,0.032,0.077,0.066,93.04,65662000,3082448000,336796000,283910000,807.26,783.28,7.9417,5884345000,1174023000,718083000,3754795000,4710322000,3036712000,221057000,2060479000,69.9,-99031000,943.1,689.25
2025-12-28,EQIX,10.92,9076000000.0,69.9,None,1.037,144.18,,None,278823000,278823000,,,,,,,,,48000,47202000,None,158354000,158354000,23268000,None,None,166369000,None,None,74964000,,18.33,0.0242,,,,0.229,0.2859,-2959000,72005000,3.6,2011-12-31,46.95,866495000,4570000000.0,62703000,-42069000,543000,148635000,148635000,None,8880000,None,0,None,None,2363564000,None,161801000,-42612000,None,None,None,0.218,,99476000,-36773000,154844000,260863000,None,676693000,None,,,,,2.668,5.26,8.26,,,,,,,,0.118,,3225912000,2025-10-29,quarterly,3.8859,USD,post-market,None,-255095000,0.032,0.077,0.066,93.04,65662000,3099130000,345297000,635721000,807.26,783.28,7.9417,5785324000,1235757000,725254000,3765511000,4549567000,3040257000,221057000,1952212000,69.9,-86666000,943.1,689.25
2025-12-28,EQIX,10.92,9076000000.0,69.9,None,1.037,144.18,,None,370523000,370523000,,,,,,,,,47000,47943000,None,158354000,158354000,21521000,None,None,144185000,None,None,74964000,,18.33,0.0242,,,,0.229,0.2859,-2959000,72005000,3.6,2011-09-30,46.95,867280000,4570000000.0,62703000,-42069000,543000,153505000,153505000,None,8880000,None,0,None,None,2730352000,None,99419000,-42612000,None,None,None,0.218,,99476000,-36773000,115344000,270846000,None,253300000,None,,,,,2.668,5.26,8.26,,,,,,,,0.118,,3122094000,2025-10-29,quarterly,3.8859,USD,post-market,None,-272905000,0.032,0.077,0.066,93.04,65662000,3059547000,329195000,700246000,807.26,783.28,7.9417,5730687000,1330298000,656156000,3639808000,4400389000,2983652000,221057000,2024507000,69.9,0,943.1,689.25
2025-12-28,EQIX,10.92,9076000000.0,69.9,None,1.037,144.18,,None,297872000,297872000,,,,,,,,,47000,50664000,None,158354000,158354000,21202000,None,None,152842000,None,None,74964000,,18.33,0.0242,,,,0.229,0.2859,-2959000,72005000,3.6,2011-06-30,46.95,897461000,4570000000.0,62703000,-42069000,543000,163771000,163771000,None,8880000,None,0,None,None,1976807000,None,30960000,-42612000,None,None,None,0.218,,99476000,-36773000,104128000,216039000,None,238684000,None,,,,,2.668,5.26,8.26,,,,,,,,0.118,,3085202000,2025-10-29,quarterly,3.8859,USD,post-market,None,-293224000,0.032,0.077,0.066,93.04,65662000,2257861000,281054000,94246000,807.26,783.28,7.9417,4969191000,649088000,620451000,2835942000,4320103000,2215491000,221057000,2064199000,69.9,0,943.1,689.25
2025-12-28,EQIX,10.92,9076000000.0,69.9,None,1.037,144.18,,None,304466000,304466000,,,,,,,,,47000,47219000,None,158354000,158354000,17216000,None,None,135518000,None,None,74964000,,18.33,0.0242,,,,0.229,0.2859,-2959000,72005000,3.6,2011-03-31,46.95,789876000,4570000000.0,62703000,-42069000,543000,148874000,148874000,None,8880000,None,0,None,None,2095855000,None,2145000,-42612000,None,None,None,0.218,,99476000,-36773000,104966000,238866000,None,225987000,None,,,,,2.668,5.26,8.26,,,,,,,,0.118,,2881126000,2025-10-29,quarterly,3.8859,USD,post-market,None,-323954000,0.032,0.077,0.066,93.04,65662000,2124440000,28585000,150040000,807.26,783.28,7.9417,4652513000,694990000,343274000,2665116000,3957523000,2321842000,221057000,1987397000,69.9,0,943.1,689.25
2025-12-28,EQIX,10.92,9076000000.0,69.9,None,1.037,144.18,,None,442841000,442841000,,,,,,,,,46000,45745000,None,158354000,158354000,237521000,None,None,116358000,None,None,74964000,,18.33,0.0242,,,,0.229,0.2859,-2959000,72005000,3.6,2010-12-31,46.95,774365000,4570000000.0,62703000,-42069000,543000,150945000,150945000,None,8880000,None,38696000,None,None,2020619000,None,2806000,-42612000,None,None,None,0.218,,99476000,-36773000,71657000,290149000,None,125043000,None,,,,,2.668,5.26,8.26,,,,,,,,0.118,,2650953000,2025-10-29,quarterly,3.8859,USD,post-market,None,-349099000,0.032,0.077,0.066,93.04,65662000,2048585000,27966000,147192000,807.26,783.28,7.9417,4448009000,778048000,318115000,2567494000,3669961000,2249379000,221057000,1880515000,69.9,0,943.1,689.25
2025-12-28,EQIX,10.92,9076000000.0,69.9,None,1.037,144.18,,None,389149000,389149000,,,,,,,,,46000,46676000,None,158354000,158354000,11646000,None,None,120515000,None,None,74964000,,18.33,0.0242,,,,0.229,0.2859,-2959000,72005000,3.6,2010-09-30,46.95,778258000,4570000000.0,62703000,-42069000,543000,155601000,155601000,None,8880000,None,0,None,None,2101451000,None,3223000,-42612000,None,None,None,0.218,,99476000,-36773000,59168000,215541000,None,214442000,None,,,,,2.668,5.26,8.26,,,,,,,,0.118,,2582890000,2025-10-29,quarterly,3.8859,USD,post-market,None,-362859000,0.032,0.077,0.066,93.04,65662000,2131555000,30104000,322979000,807.26,783.28,7.9417,4480891000,891811000,311025000,2626918000,3589080000,2315893000,221057000,1853973000,69.9,0,943.1,689.25
2025-12-28,EQIX,10.92,9076000000.0,69.9,None,1.037,144.18,,None,511342000,511342000,,,,,,,,,46000,43507000,None,158354000,158354000,18366000,None,None,115584000,None,None,74964000,,18.33,0.0242,,,,0.229,0.2859,-2959000,72005000,3.6,2010-06-30,46.95,760087000,4570000000.0,62703000,-42069000,543000,157340000,157340000,None,8880000,None,0,None,None,2029425000,None,4497000,-42612000,None,None,None,0.218,,99476000,-36773000,55198000,201791000,None,203017000,None,,,,,2.668,5.26,8.26,,,,,,,,0.118,,2400809000,2025-10-29,quarterly,3.8859,USD,post-market,None,-374055000,0.032,0.077,0.066,93.04,65662000,2059388000,29963000,206111000,807.26,783.28,7.9417,4287410000,888235000,299569000,2532011000,3399175000,2232442000,221057000,1750197000,69.9,0,943.1,689.25
2025-12-28,EQIX,10.92,9076000000.0,69.9,None,1.037,144.18,,None,1039302000,1039302000,,,,,,,,,40000,40791000,None,158354000,158354000,23073000,None,None,78691000,None,None,74964000,,18.33,0.0242,,,,0.229,0.2859,-2959000,72005000,3.6,2010-03-31,46.95,359319000,4570000000.0,62703000,-42069000,543000,46661000,46661000,None,8880000,None,None,None,None,2049073000,None,None,-42612000,None,None,None,0.218,,99476000,-36773000,55045000,184120000,None,None,None,,,,,2.668,5.26,8.26,,,,,,,,0.118,,1874325000,2025-10-29,quarterly,3.8859,USD,post-market,None,-371781000,0.032,0.077,0.066,93.04,65662000,2111788000,62715000,140611000,807.26,783.28,7.9417,3667768000,1313649000,316107000,2480281000,2354119000,2164174000,221057000,1187487000,69.9,None,943.1,689.25
2025-12-28,EQIX,10.92,9076000000.0,69.9,None,1.037,144.18,,None,346056000,346056000,,,,,,,,,39000,38787000,None,158354000,158354000,14874000,None,None,64767000,None,None,74964000,,18.33,0.0242,,,,0.229,0.2859,-2959000,72005000,3.6,2009-12-31,46.95,381050000,4570000000.0,62703000,-42069000,543000,51015000,51015000,None,8880000,None,57099000,None,None,1419605000,None,None,-42612000,None,None,None,0.218,,99476000,-36773000,68556000,191302000,None,None,None,,,,,2.668,5.26,8.26,,,,,,,,0.118,,1808115000,2025-10-29,quarterly,3.8859,USD,post-market,None,-385980000,0.032,0.077,0.066,93.04,65662000,1484969000,65364000,248508000,807.26,783.28,7.9417,3038150000,727887000,315459000,1855667000,2310263000,1540208000,221057000,1182483000,69.9,None,943.1,689.25
2025-12-28,EQIX,10.92,9076000000.0,69.9,None,1.037,144.18,,None,283147000,283147000,,,,,,,,,39000,39887000,None,158354000,158354000,18222000,None,None,74747000,None,None,74964000,,18.33,0.0242,,,,0.229,0.2859,-2959000,72005000,3.6,2009-09-30,46.95,377556000,4570000000.0,62703000,-42069000,543000,52062000,52062000,None,8880000,None,15163000,None,None,1436806000,None,None,-42612000,None,None,None,0.218,,99476000,-36773000,29966000,153545000,None,None,None,,,,,2.668,5.26,8.26,,,,,,,,0.118,,1703009000,2025-10-29,quarterly,3.8859,USD,post-market,None,-403702000,0.032,0.077,0.066,93.04,65662000,1496254000,59448000,326234000,807.26,783.28,7.9417,2962578000,714094000,280161000,1828144000,2248484000,1547983000,221057000,1134434000,69.9,None,943.1,689.25
2025-12-28,EQIX,10.92,9076000000.0,69.9,None,1.037,144.18,,None,405217000,405217000,,,,,,,,,39000,39318000,None,158354000,158354000,16565000,None,None,76304000,None,None,74964000,,18.33,0.0242,,,,0.229,0.2859,-2959000,72005000,3.6,2009-06-30,46.95,382112000,4570000000.0,62703000,-42069000,543000,54619000,54619000,None,8880000,None,18996000,None,None,1394154000,None,None,-42612000,None,None,None,0.218,,99476000,-36773000,32085000,131544000,None,None,None,,,,,2.668,5.26,8.26,,,,,,,,0.118,,1590756000,2025-10-29,quarterly,3.8859,USD,post-market,None,-422514000,0.032,0.077,0.066,93.04,65662000,1452303000,58149000,175854000,807.26,783.28,7.9417,2843365000,689460000,252635000,1750743000,2153905000,1498108000,221057000,1092622000,69.9,None,943.1,689.25
2025-12-28,EQIX,10.92,9076000000.0,69.9,None,1.037,144.18,,None,222049000,222049000,,,,,,,,,38000,38739000,None,158354000,158354000,15890000,None,None,62545000,None,None,74964000,,18.33,0.0242,,,,0.229,0.2859,-2959000,72005000,3.6,2009-03-31,46.95,335259000,4570000000.0,62703000,-42069000,543000,49378000,49378000,None,8880000,None,41551000,None,None,1114295000,None,None,-42612000,None,None,None,0.218,,99476000,-36773000,42771000,120125000,None,None,None,,,,,2.668,5.26,8.26,,,,,,,,0.118,,1512908000,2025-10-29,quarterly,3.8859,USD,post-market,None,-439954000,0.032,0.077,0.066,93.04,65662000,1191049000,76754000,29720000,807.26,783.28,7.9417,2416989000,357085000,256324000,1483793000,2059904000,1227469000,221057000,933196000,69.9,None,943.1,689.25
2025-12-28,EQIX,10.92,9076000000.0,69.9,None,1.037,144.18,,None,220207000,220207000,,,,,,,,,38000,36972000,None,158354000,158354000,18325000,None,None,71120000,None,None,74964000,,18.33,0.0242,,,,0.229,0.2859,-2959000,72005000,3.6,2008-12-31,46.95,342829000,4570000000.0,62703000,-42069000,543000,50918000,50918000,None,8880000,None,45486000,None,None,1165463000,None,None,-42612000,None,None,None,0.218,,99476000,-36773000,46072000,159627000,None,None,None,,,,,2.668,5.26,8.26,,,,,,,,0.118,,1488402000,2025-10-29,quarterly,3.8859,USD,post-market,None,-455411000,0.032,0.077,0.066,93.04,65662000,1203690000,75703000,42112000,807.26,783.28,7.9417,2448266000,379511000,289993000,1518075000,2068755000,1228082000,221057000,916661000,69.9,None,943.1,689.25
2025-12-28,EQIX,10.92,9076000000.0,69.9,None,1.037,144.18,,None,160685000,160685000,,,,,,,,,37000,38023000,None,158354000,158354000,11797000,None,None,67675000,None,None,74964000,,18.33,0.0242,,,,0.229,0.2859,-2959000,72005000,3.6,2008-09-30,46.95,411108000,4570000000.0,62703000,-42069000,543000,62351000,62351000,None,8880000,None,10229000,None,None,1115953000,None,None,-42612000,None,None,None,0.218,,99476000,-36773000,12402000,125642000,None,None,None,,,,,2.668,5.26,8.26,,,,,,,,0.118,,1346982000,2025-10-29,quarterly,3.8859,USD,post-market,None,-543593000,0.032,0.077,0.066,93.04,65662000,1193675000,77722000,101892000,807.26,783.28,7.9417,2291935000,342654000,239076000,1454685000,1949281000,1215609000,221057000,837250000,69.9,None,943.1,689.25
2025-12-28,EQIX,10.92,9076000000.0,69.9,None,1.037,144.18,,None,151127000,151127000,,,,,,,,,37000,37968000,None,158354000,158354000,17840000,None,None,63105000,None,None,74964000,,18.33,0.0242,,,,0.229,0.2859,-2959000,72005000,3.6,2008-06-30,46.95,458849000,4570000000.0,62703000,-42069000,543000,71532000,71532000,None,8880000,None,None,None,None,1118655000,None,None,-42612000,None,None,None,0.218,,99476000,-36773000,14514000,139579000,None,None,None,,,,,2.668,5.26,8.26,,,,,,,,0.118,,1331017000,2025-10-29,quarterly,3.8859,USD,post-market,None,-550982000,0.032,0.077,0.066,93.04,65662000,1192032000,73377000,64980000,807.26,783.28,7.9417,2330982000,293726000,235573000,1452309000,2037256000,1216736000,221057000,878673000,69.9,None,943.1,689.25
2025-12-28,EQIX,10.92,9076000000.0,69.9,None,1.037,144.18,,None,260834000,260834000,,,,,,,,,37000,37259000,None,158354000,158354000,17357000,None,None,59156000,None,None,74964000,,18.33,0.0242,,,,0.229,0.2859,-2959000,72005000,3.6,2008-03-31,46.95,461347000,4570000000.0,62703000,-42069000,543000,73052000,73052000,None,8880000,None,None,None,None,1097976000,None,None,-42612000,None,None,None,0.218,,99476000,-36773000,16523000,140577000,None,None,None,,,,,2.668,5.26,8.26,,,,,,,,0.118,,1284395000,2025-10-29,quarterly,3.8859,USD,post-market,None,-553211000,0.032,0.077,0.066,93.04,65662000,1162174000,64198000,37694000,807.26,783.28,7.9417,2286787000,374207000,244899000,1443657000,1912580000,1198758000,221057000,843130000,69.9,None,943.1,689.25
2025-12-28,EQIX,10.92,9076000000.0,69.9,None,1.037,144.18,,None,290633000,290633000,,,,,,,,,37000,31683000,None,158354000,158354000,14816000,None,None,63526000,None,None,74964000,,18.33,0.0242,,,,0.229,0.2859,-2959000,72005000,3.6,2007-12-31,46.95,442926000,4570000000.0,62703000,-42069000,543000,67207000,67207000,None,8880000,None,None,None,None,1085755000,None,None,-42612000,None,None,None,0.218,,99476000,-36773000,9301000,135751000,None,None,None,,,,,2.668,5.26,8.26,,,,,,,,0.118,,1162720000,2025-10-29,quarterly,3.8859,USD,post-market,None,-558632000,0.032,0.077,0.066,93.04,65662000,1106144000,20389000,63301000,807.26,783.28,7.9417,2181868000,426761000,191462000,1367436000,1755107000,1175974000,221057000,814432000,69.9,None,943.1,689.25
2025-12-28,EQIX,10.92,9076000000.0,69.9,None,1.037,144.18,,None,343452000,343452000,,,,,,,,,36000,33112000,None,158354000,158354000,18992000,None,None,60983000,None,None,74964000,,18.33,0.0242,,,,0.229,0.2859,-2959000,72005000,3.6,2007-09-30,46.95,430277000,4570000000.0,62703000,-42069000,543000,70191000,70191000,None,8880000,None,10954000,None,None,1051683000,None,None,-42612000,None,None,None,0.218,,99476000,-36773000,14682000,172100000,None,None,None,,,,,2.668,5.26,8.26,,,,,,,,0.118,,1069080000,2025-10-29,quarterly,3.8859,USD,post-market,None,-552559000,0.032,0.077,0.066,93.04,65662000,1058610000,6927000,64005000,807.26,783.28,7.9417,2130566000,483122000,198019000,1315889000,1647444000,1117870000,221057000,814677000,69.9,None,943.1,689.25
2025-12-28,EQIX,10.92,9076000000.0,69.9,None,1.037,144.18,,None,234598000,234598000,,,,,,,,,32000,32641000,None,158354000,158354000,4220000,None,None,28140000,None,None,74964000,,18.33,0.0242,,,,0.229,0.2859,-2959000,72005000,3.6,2007-06-30,46.95,16914000,4570000000.0,62703000,-42069000,543000,17299000,17299000,None,8880000,None,None,None,None,538648000,None,None,-42612000,None,None,None,0.218,,99476000,-36773000,9599000,128011000,None,None,None,,,,,2.668,5.26,8.26,,,,,,,,0.118,,760175000,2025-10-29,quarterly,3.8859,USD,post-market,None,-556683000,0.032,0.077,0.066,93.04,65662000,543133000,4485000,67728000,807.26,783.28,7.9417,1175451000,340065000,136716000,732777000,835386000,596061000,221057000,442674000,69.9,None,943.1,689.25
2025-12-28,EQIX,10.92,9076000000.0,69.9,None,1.037,144.18,,None,327660000,327660000,,,,,,,,,31000,29702000,None,158354000,158354000,3233000,None,None,27773000,None,None,74964000,,18.33,0.0242,,,,0.229,0.2859,-2959000,72005000,3.6,2007-03-31,46.95,17109000,4570000000.0,62703000,-42069000,543000,17550000,17550000,None,8880000,None,None,None,None,495162000,None,None,-42612000,None,None,None,0.218,,99476000,-36773000,9567000,76123000,None,None,None,,,,,2.668,5.26,8.26,,,,,,,,0.118,,593555000,2025-10-29,quarterly,3.8859,USD,post-market,None,-557900000,0.032,0.077,0.066,93.04,65662000,499490000,4328000,53758000,807.26,783.28,7.9417,1073682000,418758000,93275000,648559000,654924000,555284000,221057000,425123000,69.9,None,943.1,689.25
2025-12-28,EQIX,10.92,9076000000.0,69.9,None,1.037,144.18,,None,82563000,82563000,,,,,,,,,29000,28743000,None,158354000,158354000,27269000,None,None,26869000,None,None,74964000,,18.33,0.0242,,,,0.229,0.2859,-2959000,72005000,3.6,2006-12-31,46.95,16919000,4570000000.0,62703000,-42069000,543000,522000,522000,None,8880000,None,None,None,None,275718000,None,None,-42612000,None,None,None,0.218,,99476000,-36773000,7998000,46957000,None,None,None,,,,,2.668,5.26,8.26,,,,,,,,0.118,,546395000,2025-10-29,quarterly,3.8859,USD,post-market,None,-553444000,0.032,0.077,0.066,93.04,65662000,279845000,4127000,48831000,807.26,783.28,7.9417,771832000,166261000,78353000,416804000,605571000,338451000,221057000,355028000,69.9,None,943.1,689.25
2025-12-28,EQIX,10.92,9076000000.0,69.9,None,1.037,144.18,,None,84639000,84639000,,,,,,,,,29000,28743000,None,158354000,158354000,2420000,None,None,24129000,None,None,74964000,,18.33,0.0242,,,,0.229,0.2859,-2959000,72005000,3.6,2006-09-30,46.95,22710000,4570000000.0,62703000,-42069000,543000,23375000,23375000,None,8880000,None,None,None,None,237298000,None,None,-42612000,None,None,None,0.218,,99476000,-36773000,5990000,61549000,None,None,None,,,,,2.668,5.26,8.26,,,,,,,,0.118,,499917000,2025-10-29,quarterly,3.8859,USD,post-market,None,-562555000,0.032,0.077,0.066,93.04,65662000,280490000,43192000,61322000,807.26,783.28,7.9417,730620000,176080000,107161000,403036000,554540000,295875000,221057000,327584000,69.9,None,943.1,689.25
2025-12-28,EQIX,10.92,9076000000.0,69.9,None,1.037,144.18,,None,77300000,77300000,,,,,,,,,29000,28468000,None,158354000,158354000,23582000,None,None,23347000,None,None,74964000,,18.33,0.0242,,,,0.229,0.2859,-2959000,72005000,3.6,2006-06-30,46.95,22660000,4570000000.0,62703000,-42069000,543000,23485000,23485000,None,8880000,None,None,None,None,238138000,None,None,-42612000,None,None,None,0.218,,99476000,-36773000,5566000,42736000,None,None,None,,,,,2.668,5.26,8.26,,,,,,,,0.118,,471765000,2025-10-29,quarterly,3.8859,USD,post-market,None,-557387000,0.032,0.077,0.066,93.04,65662000,241200000,3062000,53524000,807.26,783.28,7.9417,683173000,159737000,69380000,366046000,523436000,296666000,221057000,317127000,69.9,None,943.1,689.25
2025-12-28,EQIX,10.92,9076000000.0,69.9,None,1.037,144.18,,None,81125000,81125000,,,,,,,,,29000,27848000,None,158354000,158354000,21185000,None,None,18470000,None,None,74964000,,18.33,0.0242,,,,0.229,0.2859,-2959000,72005000,3.6,2006-03-31,46.95,22277000,4570000000.0,62703000,-42069000,543000,21654000,21654000,None,8880000,None,None,None,None,238951000,None,None,-42612000,None,None,None,0.218,,99476000,-36773000,4675000,39754000,None,None,None,,,,,2.668,5.26,8.26,,,,,,,,0.118,,449236000,2025-10-29,quarterly,3.8859,USD,post-market,None,-552117000,0.032,0.077,0.066,93.04,65662000,240601000,1650000,62651000,807.26,783.28,7.9417,669416000,166921000,62589000,362516000,502495000,299927000,221057000,306900000,69.9,None,943.1,689.25
2025-12-28,EQIX,10.92,9076000000.0,69.9,None,1.037,144.18,,None,119267000,119267000,,,,,,,,,27000,24076000,None,158354000,158354000,22557000,None,None,17237000,None,None,74964000,,18.33,0.0242,,,,0.229,0.2859,-2959000,72005000,3.6,2005-12-31,46.95,21654000,4570000000.0,62703000,-42069000,543000,21654000,21654000,None,8880000,None,None,None,None,239744000,None,None,-42612000,None,None,None,0.218,,99476000,-36773000,3103000,38866000,None,None,None,,,,,2.668,5.26,8.26,,,,,,,,0.118,,438790000,2025-10-29,quarterly,3.8859,USD,post-market,None,-547047000,0.032,0.077,0.066,93.04,65662000,269744000,30000000,52105000,807.26,783.28,7.9417,680997000,191712000,91423000,392324000,489285000,300901000,221057000,288673000,69.9,None,943.1,689.25
2025-12-28,EQIX,10.92,9076000000.0,69.9,None,1.037,144.18,,None,42573000,42573000,,,,,,,,,24000,24076000,None,158354000,158354000,22567000,None,None,16199000,None,None,74964000,,18.33,0.0242,,,,0.229,0.2859,-2959000,72005000,3.6,2005-09-30,46.95,21344000,4570000000.0,62703000,-42069000,543000,21344000,21344000,None,8880000,None,None,None,None,136960000,None,None,-42612000,None,None,None,0.218,,99476000,-36773000,3289000,15700000,None,None,None,,,,,2.668,5.26,8.26,,,,,,,,0.118,,371005000,2025-10-29,quarterly,3.8859,USD,post-market,None,-514443000,0.032,0.077,0.066,93.04,65662000,137915000,955000,41248000,807.26,783.28,7.9417,533380000,103309000,39222000,218304000,430071000,179082000,221057000,315076000,69.9,None,943.1,689.25
2025-12-28,EQIX,10.92,9076000000.0,69.9,None,1.037,144.18,,3750000000,3081000000,3081000000,,,,,,,,,None,97287000,None,158354000,158354000,133000000,None,1204000000,949000000,None,None,74964000,,18.33,0.0242,,,,0.229,0.2859,-2959000,72005000,3.6,2024-12-31,46.95,5504000000,4570000000.0,62703000,-42069000,543000,1417000000,1417000000,None,8880000,None,None,None,None,14007000000,None,519000000,-42612000,None,None,None,0.218,,99476000,-36773000,890000000,2682000000,None,62000000,None,,,,,2.668,5.26,8.26,,,,,,,,0.118,,None,2025-10-29,annual,3.8859,USD,post-market,None,4749000000,0.032,0.077,0.066,93.04,65662000,17118000000,338000000,527000000,807.26,783.28,7.9417,35085000000,5447000000,3349000000,21533000000,29638000000,18184000000,221057000,13528000000,69.9,None,943.1,689.25
2025-12-28,EQIX,10.92,9076000000.0,69.9,None,1.037,144.18,,3723219000,2096212000,2096212000,,,,,,,,,95000,94009000,None,158354000,158354000,162356000,None,1006285000,1251281000,None,None,74964000,,18.33,0.0242,,,,0.229,0.2859,-2959000,72005000,3.6,2023-12-31,46.95,5737122000,4570000000.0,62703000,-42069000,543000,1704870000,1704870000,None,8880000,None,0,None,None,12725609000,None,468231000,-42612000,None,None,None,0.218,,99476000,-36773000,468193000,1599262000,None,61315000,None,,,,,2.668,5.26,8.26,,,,,,,,0.118,,18600833000,2025-10-29,annual,3.8859,USD,post-market,None,-4760631000,0.032,0.077,0.066,93.04,65662000,17455113000,1275687000,43995000,807.26,783.28,7.9417,32650724000,3567697000,3162250000,20137225000,29083027000,16974975000,221057000,12488894000,69.9,None,943.1,689.25
2025-12-28,EQIX,10.92,9076000000.0,69.9,None,1.037,144.18,,3707460000,1906421000,1906421000,,,,,,,,,93000,91828000,None,158354000,158354000,1004800000,None,9847000,855380000,None,None,74964000,,18.33,0.0242,,,,0.229,0.2859,-2959000,72005000,3.6,2022-12-31,46.95,5654217000,4570000000.0,62703000,-42069000,543000,1897649000,1897649000,None,8880000,None,84316000,None,None,12752247000,None,348145000,-42612000,None,None,None,0.218,,99476000,-36773000,459138000,384707000,None,797863000,None,,,,,2.668,5.26,8.26,,,,,,,,0.118,,16649534000,2025-10-29,annual,3.8859,USD,post-market,None,-4352732000,0.032,0.077,0.066,93.04,65662000,16469554000,300805000,105693000,807.26,783.28,7.9417,30310742000,3305255000,1838298000,18804910000,27005487000,16966612000,221057000,11505966000,69.9,None,943.1,689.25
2025-12-28,EQIX,10.92,9076000000.0,69.9,None,1.037,144.18,,3388718000,1536358000,1536358000,,,,,,,,,91000,90409000,None,158354000,158354000,879144000,None,33087000,681809000,None,None,74964000,,18.33,0.0242,,,,0.229,0.2859,-2959000,72005000,3.6,2021-12-31,46.95,5372071000,4570000000.0,62703000,-42069000,543000,1935267000,1935267000,None,8880000,None,276195000,None,None,11570721000,None,245049000,-42612000,None,None,None,0.218,,99476000,-36773000,462739000,275737000,None,3860259000,None,,,,,2.668,5.26,8.26,,,,,,,,0.118,,16728193000,2025-10-29,annual,3.8859,USD,post-market,None,-3904647000,0.032,0.077,0.066,93.04,65662000,14992526000,324957000,117432000,807.26,783.28,7.9417,27918698000,2957101000,1605954000,17036934000,24961597000,15430980000,221057000,10882082000,69.9,-112208000,943.1,689.25
2025-12-28,EQIX,10.92,9076000000.0,69.9,None,1.037,144.18,,3385333000,1604869000,1604869000,,,,,,,,,89000,88410000,None,158354000,158354000,876862000,None,232475000,676738000,None,None,74964000,,18.33,0.0242,,,,0.229,0.2859,-2959000,72005000,3.6,2020-12-31,46.95,5472553000,4570000000.0,62703000,-42069000,543000,2170945000,2170945000,None,8880000,None,None,None,None,10305531000,None,163071000,-42612000,None,None,None,0.218,,99476000,-36773000,355016000,537150000,None,4042442000,None,,,,,2.668,5.26,8.26,,,,,,,,0.118,,14503084000,2025-10-29,annual,3.8859,USD,post-market,None,-3358972000,0.032,0.077,0.066,93.04,65662000,13923339000,524365000,4532000,807.26,783.28,7.9417,27038841000,2641155000,2056750000,16404723000,24397686000,14347973000,221057000,10633988000,69.9,-122118000,943.1,689.25
2025-12-28,EQIX,10.92,9076000000.0,69.9,None,1.037,144.18,,2967383000,1869577000,1869577000,,,,,,,,,86000,84679000,None,158354000,158354000,760718000,None,720827000,689134000,None,None,74964000,,18.33,0.0242,,,,0.229,0.2859,-2959000,72005000,3.6,2019-12-31,46.95,4781858000,4570000000.0,62703000,-42069000,543000,2102389000,2102389000,None,8880000,None,1,None,None,9599107000,None,59737000,-42612000,None,None,None,0.218,,99476000,-36773000,303543000,362573000,None,3368263000,None,,,,,2.668,5.26,8.26,,,,,,,,0.118,,12152597000,2025-10-29,annual,3.8859,USD,post-market,None,-2777044000,0.032,0.077,0.066,93.04,65662000,13287317000,941672000,10362000,807.26,783.28,7.9417,23965615000,2872616000,2157863000,15125233000,21092999000,12967370000,221057000,8840606000,69.9,-144256000,943.1,689.25
2025-12-28,EQIX,10.92,9076000000.0,69.9,None,1.037,144.18,,1441077000,606166000,606166000,,,,,,,,,81000,80197000,None,158354000,158354000,756692000,None,374128000,630119000,None,None,74964000,,18.33,0.0242,,,,0.229,0.2859,-2959000,72005000,3.6,2018-12-31,46.95,4836388000,4570000000.0,62703000,-42069000,543000,2333296000,2333296000,None,8880000,None,1,None,None,9439448000,None,0,-42612000,None,None,None,0.218,,99476000,-36773000,274857000,212834000,None,629763000,None,,,,,2.668,5.26,8.26,,,,,,,,0.118,,11026020000,2025-10-29,annual,3.8859,USD,post-market,None,-2441252000,0.032,0.077,0.066,93.04,65662000,11332497000,451972000,4540000,807.26,783.28,7.9417,20244638000,1515682000,1515071000,13025359000,18728956000,11510288000,221057000,7219279000,69.9,-145161000,943.1,689.25
2025-12-28,EQIX,10.92,9076000000.0,69.9,None,1.037,144.18,,1620256000,1412517000,1412517000,,,,,,,,,79000,77535000,None,158354000,158354000,719257000,None,64491000,576313000,None,None,74964000,,18.33,0.0242,,,,0.229,0.2859,-2959000,72005000,3.6,2017-12-31,46.95,4411762000,4570000000.0,62703000,-42069000,543000,2384972000,2384972000,None,8880000,None,1,None,None,8316967000,None,9243000,-42612000,None,None,None,0.218,,99476000,-36773000,232027000,280984000,None,661710000,None,,,,,2.668,5.26,8.26,,,,,,,,0.118,,9394602000,2025-10-29,annual,3.8859,USD,post-market,None,-2340103000,0.032,0.077,0.066,93.04,65662000,10080419000,143196000,28271000,807.26,783.28,7.9417,18696058000,2249128000,1247335000,11846268000,16446930000,10598933000,221057000,6849790000,69.9,-146320000,943.1,689.25
2025-12-28,EQIX,10.92,9076000000.0,69.9,None,1.037,144.18,,1410742000,748476000,748476000,,,,,,,,,72000,70816000,None,158354000,158354000,60211000,None,67928000,545056000,None,None,74964000,,18.33,0.0242,,,,0.229,0.2859,-2959000,72005000,3.6,2016-12-31,46.95,2986064000,4570000000.0,62703000,-42069000,543000,719231000,719231000,None,8880000,None,148395000,None,None,5179857000,None,10042000,-42612000,None,None,None,0.218,,99476000,-36773000,22190000,705513000,None,623248000,None,,,,,2.668,5.26,8.26,,,,,,,,0.118,,7199210000,2025-10-29,annual,3.8859,USD,post-market,None,-1951061000,0.032,0.077,0.066,93.04,65662000,6759573000,168974000,3409000,807.26,783.28,7.9417,12608371000,1467526000,1028695000,8242542000,11140845000,7213847000,221057000,4365829000,69.9,-147559000,943.1,689.25
2025-12-28,EQIX,10.92,9076000000.0,69.9,None,1.037,144.18,,1287139000,2228838000,2228838000,,,,,,,,,62000,58483000,None,158354000,158354000,402776000,None,916357000,291964000,None,None,74964000,,18.33,0.0242,,,,0.229,0.2859,-2959000,72005000,3.6,2015-12-31,46.95,1063200000,4570000000.0,62703000,-42069000,543000,224565000,224565000,None,8880000,None,512674000,None,None,4277403000,None,4584000,-42612000,None,None,None,0.218,,99476000,-36773000,212929000,206682000,None,390413000,None,,,,,2.668,5.26,8.26,,,,,,,,0.118,,5606436000,2025-10-29,annual,3.8859,USD,post-market,None,-1576688000,0.032,0.077,0.066,93.04,65662000,6519192000,954650000,12875000,807.26,783.28,7.9417,10356695000,3259280000,1656354000,7611309000,7097415000,5954955000,221057000,2745386000,69.9,-7373000,943.1,689.25
2025-12-28,EQIX,10.92,9076000000.0,69.9,None,1.037,144.18,,1168042000,610917000,610917000,,,,,,,,,57000,52359000,None,158354000,158354000,285796000,None,59466000,262570000,None,None,74964000,,18.33,0.0242,,,,0.229,0.2859,-2959000,72005000,3.6,2014-12-31,46.95,1002129000,4570000000.0,62703000,-42069000,543000,147527000,147527000,None,8880000,None,1,None,None,3430539000,None,439000,-42612000,None,None,None,0.218,,99476000,-36773000,88061000,208055000,None,304964000,None,,,,,2.668,5.26,8.26,,,,,,,,0.118,,4998270000,2025-10-29,annual,3.8859,USD,post-market,None,-720377000,0.032,0.077,0.066,93.04,65662000,4679409000,80828000,529395000,807.26,783.28,7.9417,7817433000,1490943000,643757000,5547302000,6326490000,4903545000,221057000,2270131000,69.9,-11411000,943.1,689.25
2025-12-28,EQIX,10.92,9076000000.0,69.9,None,1.037,144.18,,914032000,261894000,261894000,,,,,,,,,50000,50116000,None,158354000,158354000,263223000,None,None,184840000,None,None,74964000,,18.33,0.0242,,,,0.229,0.2859,-2959000,72005000,3.6,2013-12-31,46.95,1042153000,4570000000.0,62703000,-42069000,543000,184182000,184182000,None,8880000,None,1,None,None,3173902000,None,398390000,-42612000,None,None,None,0.218,,99476000,-36773000,72118000,149233000,None,274955000,None,,,,,2.668,5.26,8.26,,,,,,,,0.118,,4591650000,2025-10-29,annual,3.8859,USD,post-market,None,-36443000,0.032,0.077,0.066,93.04,65662000,4158656000,70722000,369808000,807.26,783.28,7.9417,7492359000,888660000,546504000,4909393000,6603699000,4362889000,221057000,2459064000,69.9,-84663000,943.1,689.25
2025-12-28,EQIX,10.92,9076000000.0,69.9,None,1.037,144.18,,545853000,252213000,252213000,,,,,,,,,49000,51816000,None,158354000,158354000,268853000,None,None,163840000,None,None,74964000,,18.33,0.0242,,,,0.229,0.2859,-2959000,72005000,3.6,2012-12-31,46.95,1042564000,4570000000.0,62703000,-42069000,543000,201562000,201562000,None,8880000,None,0,None,None,2397528000,None,127819000,-42612000,None,None,None,0.218,,99476000,-36773000,57206000,143046000,None,230843000,None,,,,,2.668,5.26,8.26,,,,,,,,0.118,,3918999000,2025-10-29,annual,3.8859,USD,post-market,None,-110429000,0.032,0.077,0.066,93.04,65662000,3010747000,67366000,166492000,807.26,783.28,7.9417,6132964000,639751000,539289000,3713513000,5493213000,3174224000,221057000,2335273000,69.9,-36676000,943.1,689.25
2025-12-28,EQIX,10.92,9076000000.0,69.9,None,1.037,144.18,,None,278823000,278823000,,,,,,,,,48000,47898000,None,158354000,158354000,23268000,None,None,139057000,None,None,74964000,,18.33,0.0242,,,,0.229,0.2859,-2959000,72005000,3.6,2011-12-31,46.95,866495000,4570000000.0,62703000,-42069000,543000,148635000,148635000,None,8880000,None,0,None,None,2363564000,None,161801000,-42612000,None,None,None,0.218,,99476000,-36773000,182156000,57690000,None,676693000,None,,,,,2.668,5.26,8.26,,,,,,,,0.118,,3225912000,2025-10-29,annual,3.8859,USD,post-market,None,-255095000,0.032,0.077,0.066,93.04,65662000,3099130000,345297000,635721000,807.26,783.28,7.9417,5785324000,1235757000,725254000,3765511000,4549567000,3040257000,221057000,1952212000,69.9,-86666000,943.1,689.25
2025-12-28,EQIX,10.92,9076000000.0,69.9,None,1.037,144.18,,None,442841000,442841000,,,,,,,,,46000,44810000,None,158354000,158354000,237521000,None,None,116358000,None,None,74964000,,18.33,0.0242,,,,0.229,0.2859,-2959000,72005000,3.6,2010-12-31,46.95,774365000,4570000000.0,62703000,-42069000,543000,150945000,150945000,None,8880000,None,0,None,None,2020619000,None,2806000,-42612000,None,None,None,0.218,,99476000,-36773000,71657000,290149000,None,125043000,None,,,,,2.668,5.26,8.26,,,,,,,,0.118,,2650953000,2025-10-29,annual,3.8859,USD,post-market,None,-349099000,0.032,0.077,0.066,93.04,65662000,2048585000,27966000,147192000,807.26,783.28,7.9417,4448009000,778048000,318115000,2567494000,3669961000,2249379000,221057000,1880515000,69.9,0,943.1,689.25
2025-12-28,EQIX,10.92,9076000000.0,69.9,None,1.037,144.18,,None,346056000,346056000,,,,,,,,,39000,39676000,None,158354000,158354000,14874000,None,None,64767000,None,None,74964000,,18.33,0.0242,,,,0.229,0.2859,-2959000,72005000,3.6,2009-12-31,46.95,381050000,4570000000.0,62703000,-42069000,543000,51015000,51015000,None,8880000,None,46822000,None,None,1419605000,None,None,-42612000,None,None,None,0.218,,99476000,-36773000,21734000,205810000,None,None,None,,,,,2.668,5.26,8.26,,,,,,,,0.118,,1808115000,2025-10-29,annual,3.8859,USD,post-market,None,-385980000,0.032,0.077,0.066,93.04,65662000,1484969000,65364000,248508000,807.26,783.28,7.9417,3038150000,727887000,315459000,1855667000,2310263000,1540208000,221057000,1182483000,69.9,None,943.1,689.25
2025-12-28,EQIX,10.92,9076000000.0,69.9,None,1.037,144.18,,None,220207000,220207000,,,,,,,,,38000,41582000,None,158354000,158354000,18325000,None,None,69463000,None,None,74964000,,18.33,0.0242,,,,0.229,0.2859,-2959000,72005000,3.6,2008-12-31,46.95,342829000,4570000000.0,62703000,-42069000,543000,50918000,50918000,None,8880000,None,45863000,None,None,1165463000,None,None,-42612000,None,None,None,0.218,,99476000,-36773000,1866000,168267000,None,None,None,,,,,2.668,5.26,8.26,,,,,,,,0.118,,1488402000,2025-10-29,annual,3.8859,USD,post-market,None,-427094000,0.032,0.077,0.066,93.04,65662000,1241166000,75703000,42112000,807.26,783.28,7.9417,2448266000,379511000,289993000,1555551000,2068755000,1265558000,221057000,892715000,69.9,None,943.1,689.25
2025-12-28,EQIX,10.92,9076000000.0,69.9,None,1.037,144.18,,None,290633000,290633000,,,,,,,,,37000,32136000,None,158354000,158354000,14816000,None,None,60089000,None,None,74964000,,18.33,0.0242,,,,0.229,0.2859,-2959000,72005000,3.6,2007-12-31,46.95,442926000,4570000000.0,62703000,-42069000,543000,67207000,67207000,None,8880000,None,None,None,None,1085755000,None,None,-42612000,None,None,None,0.218,,99476000,-36773000,12738000,136151000,None,None,None,,,,,2.668,5.26,8.26,,,,,,,,0.118,,1162720000,2025-10-29,annual,3.8859,USD,post-market,None,-558632000,0.032,0.077,0.066,93.04,65662000,1106144000,20389000,63301000,807.26,783.28,7.9417,2181868000,426761000,191462000,1367436000,1755107000,1175974000,221057000,814432000,69.9,None,943.1,689.25
2025-12-28,EQIX,10.92,9076000000.0,69.9,None,1.037,144.18,,None,82563000,82563000,,,,,,,,,29000,28551000,None,158354000,158354000,27269000,None,None,26864000,None,None,74964000,,18.33,0.0242,,,,0.229,0.2859,-2959000,72005000,3.6,2006-12-31,46.95,16919000,4570000000.0,62703000,-42069000,543000,17441000,17441000,None,8880000,None,None,None,None,275718000,None,None,-42612000,None,None,None,0.218,,99476000,-36773000,8003000,23620000,None,None,None,,,,,2.668,5.26,8.26,,,,,,,,0.118,,546395000,2025-10-29,annual,3.8859,USD,post-market,None,-553444000,0.032,0.077,0.066,93.04,65662000,279845000,4127000,48831000,807.26,783.28,7.9417,771832000,166261000,78353000,416804000,605571000,338451000,221057000,355028000,69.9,None,943.1,689.25
2025-12-28,EQIX,10.92,9076000000.0,69.9,None,1.037,144.18,,None,119267000,119267000,,,,,,,,,27000,23956000,None,158354000,158354000,22557000,None,None,17237000,None,None,74964000,,18.33,0.0242,,,,0.229,0.2859,-2959000,72005000,3.6,2005-12-31,46.95,21654000,4570000000.0,62703000,-42069000,543000,21654000,21654000,None,8880000,None,None,None,None,239744000,None,None,-42612000,None,None,None,0.218,,99476000,-36773000,3103000,38866000,None,None,None,,,,,2.668,5.26,8.26,,,,,,,,0.118,,438790000,2025-10-29,annual,3.8859,USD,post-market,None,-547047000,0.032,0.077,0.066,93.04,65662000,269744000,30000000,52105000,807.26,783.28,7.9417,680997000,191712000,91423000,392324000,489285000,300901000,221057000,288673000,69.9,None,943.1,689.25
2025-12-28,EQIX,10.92,9076000000.0,69.9,None,1.037,144.18,750000000,None,119267000,119267000,-1159000000,-1370000000,None,None,None,None,None,None,27000,23956000,None,158354000,158354000,22557000,None,None,17237000,None,None,74964000,537000000,18.33,0.0242,467000000,467000000,None,0.229,0.2859,-2959000,72005000,3.6,2025-09-30,46.95,21654000,4570000000.0,62703000,-42069000,543000,21654000,21654000,None,8880000,None,None,None,None,239744000,None,None,374000000,None,None,None,0.218,1014000000,99476000,-36773000,3103000,38866000,None,None,None,None,None,None,None,2.668,5.26,8.26,None,None,None,None,None,None,None,0.118,None,438790000,2025-10-29,quarterly,3.8859,USD,post-market,None,-547047000,0.032,0.077,0.066,93.04,65662000,269744000,30000000,52105000,807.26,783.28,7.9417,680997000,191712000,91423000,392324000,489285000,300901000,221057000,288673000,69.9,None,943.1,689.25
2025-12-28,EQIX,10.92,9076000000.0,69.9,None,1.037,144.18,989000000,None,119267000,119267000,1191000000,-1440000000,None,None,None,None,None,None,27000,23956000,None,158354000,158354000,22557000,None,None,17237000,None,None,74964000,499000000,18.33,0.0242,460000000,460000000,None,0.229,0.2859,-2959000,72005000,3.6,2025-06-30,46.95,21654000,4570000000.0,62703000,-42069000,543000,21654000,21654000,None,8880000,None,None,None,None,239744000,None,None,367000000,None,None,None,0.218,944000000,99476000,-36773000,3103000,38866000,None,None,None,None,None,None,None,2.668,5.26,8.26,None,None,None,None,None,None,None,0.118,None,438790000,2025-10-29,quarterly,3.8859,USD,post-market,None,-547047000,0.032,0.077,0.066,93.04,65662000,269744000,30000000,52105000,807.26,783.28,7.9417,680997000,191712000,91423000,392324000,489285000,300901000,221057000,288673000,69.9,None,943.1,689.25
2025-12-28,EQIX,10.92,9076000000.0,69.9,None,1.037,144.18,750000000,None,119267000,119267000,15000000,-964000000,None,None,None,None,None,None,27000,23956000,None,158354000,158354000,22557000,None,None,17237000,None,None,74964000,479000000,18.33,0.0242,468000000,468000000,None,0.229,0.2859,-2959000,72005000,3.6,2025-03-31,46.95,21654000,4570000000.0,62703000,-42069000,543000,21654000,21654000,None,8880000,None,None,None,None,239744000,None,None,343000000,None,None,None,0.218,809000000,99476000,-36773000,3103000,38866000,None,None,None,None,None,None,None,2.668,5.26,8.26,None,None,None,None,None,None,None,0.118,None,438790000,2025-10-29,quarterly,3.8859,USD,post-market,None,-547047000,0.032,0.077,0.066,93.04,65662000,269744000,30000000,52105000,807.26,783.28,7.9417,680997000,191712000,91423000,392324000,489285000,300901000,221057000,288673000,69.9,None,943.1,689.25
2025-12-28,EQIX,10.92,9076000000.0,69.9,None,1.037,144.18,987000000,None,119267000,119267000,478000000,-1111000000,None,None,None,None,None,None,27000,23956000,None,158354000,158354000,22557000,None,None,17237000,None,None,74964000,498000000,18.33,0.0242,413000000,413000000,None,0.229,0.2859,-2959000,72005000,3.6,2024-12-31,46.95,21654000,4570000000.0,62703000,-42069000,543000,21654000,21654000,None,8880000,None,None,None,None,239744000,None,None,-14000000,None,None,None,0.218,981000000,99476000,-36773000,3103000,38866000,None,None,None,None,None,None,None,2.668,5.26,8.26,None,None,None,None,None,None,None,0.118,None,438790000,2025-10-29,quarterly,3.8859,USD,post-market,None,-547047000,0.032,0.077,0.066,93.04,65662000,269744000,30000000,52105000,807.26,783.28,7.9417,680997000,191712000,91423000,392324000,489285000,300901000,221057000,288673000,69.9,None,943.1,689.25
2025-12-28,EQIX,10.92,9076000000.0,69.9,None,1.037,144.18,724000000,None,119267000,119267000,1348000000,-1365000000,None,None,None,None,None,None,27000,23956000,None,158354000,158354000,22557000,None,None,17237000,None,None,74964000,496000000,18.33,0.0242,413000000,413000000,None,0.229,0.2859,-2959000,72005000,3.6,2024-09-30,46.95,21654000,4570000000.0,62703000,-42069000,543000,21654000,21654000,None,8880000,None,None,None,None,239744000,None,None,296000000,None,None,None,0.218,758000000,99476000,-36773000,3103000,38866000,None,None,None,None,None,None,None,2.668,5.26,8.26,None,None,None,None,None,None,None,0.118,None,438790000,2025-10-29,quarterly,3.8859,USD,post-market,None,-547047000,0.032,0.077,0.066,93.04,65662000,269744000,30000000,52105000,807.26,783.28,7.9417,680997000,191712000,91423000,392324000,489285000,300901000,221057000,288673000,69.9,None,943.1,689.25
2025-12-28,EQIX,10.92,9076000000.0,69.9,None,1.037,144.18,648000000,None,119267000,119267000,294000000,-734000000,None,None,None,None,None,None,27000,23956000,None,158354000,158354000,22557000,None,None,17237000,None,None,74964000,490000000,18.33,0.0242,405000000,405000000,None,0.229,0.2859,-2959000,72005000,3.6,2024-06-30,46.95,21654000,4570000000.0,62703000,-42069000,543000,21654000,21654000,None,8880000,None,None,None,None,239744000,None,None,301000000,None,None,None,0.218,912000000,99476000,-36773000,3103000,38866000,None,None,None,None,None,None,None,2.668,5.26,8.26,None,None,None,None,None,None,None,0.118,None,438790000,2025-10-29,quarterly,3.8859,USD,post-market,None,-547047000,0.032,0.077,0.066,93.04,65662000,269744000,30000000,52105000,807.26,783.28,7.9417,680997000,191712000,91423000,392324000,489285000,300901000,221057000,288673000,69.9,None,943.1,689.25
2025-12-28,EQIX,10.92,9076000000.0,69.9,None,1.037,144.18,707000000,None,119267000,119267000,-397000000,-727000000,None,None,None,None,None,None,27000,23956000,None,158354000,158354000,22557000,None,None,17237000,None,None,74964000,525000000,18.33,0.0242,412000000,412000000,None,0.229,0.2859,-2959000,72005000,3.6,2024-03-31,46.95,21654000,4570000000.0,62703000,-42069000,543000,21654000,21654000,None,8880000,None,None,None,None,239744000,None,None,231000000,None,None,None,0.218,598000000,99476000,-36773000,3103000,38866000,None,None,None,None,None,None,None,2.668,5.26,8.26,None,None,None,None,None,None,None,0.118,None,438790000,2025-10-29,quarterly,3.8859,USD,post-market,None,-547047000,0.032,0.077,0.066,93.04,65662000,269744000,30000000,52105000,807.26,783.28,7.9417,680997000,191712000,91423000,392324000,489285000,300901000,221057000,288673000,69.9,None,943.1,689.25
2025-12-28,EQIX,10.92,9076000000.0,69.9,None,1.037,144.18,995720000,None,119267000,119267000,-49081000,-1281362000,None,None,-6323000,None,None,None,27000,23956000,None,158354000,158354000,22557000,None,None,17237000,None,None,74964000,462367000,18.33,0.0242,403176000,403176000,None,0.229,0.2859,-2959000,72005000,3.6,2023-12-31,46.95,21654000,4570000000.0,62703000,-42069000,543000,21654000,21654000,None,8880000,None,None,None,None,239744000,None,None,227568000,None,None,None,0.218,1026289000,99476000,-36773000,3103000,38866000,None,None,None,None,None,None,None,2.668,5.26,8.26,None,None,None,None,None,-784654000,None,0.118,None,438790000,2025-10-29,quarterly,3.8859,USD,post-market,None,-547047000,0.032,0.077,0.066,93.04,65662000,269744000,30000000,52105000,807.26,783.28,7.9417,680997000,191712000,91423000,392324000,489285000,300901000,221057000,288673000,69.9,None,943.1,689.25
2025-12-28,EQIX,10.92,9076000000.0,69.9,None,1.037,144.18,617539000,None,119267000,119267000,17942000,-752417000,None,None,6323000,None,None,None,27000,23956000,None,158354000,158354000,22557000,None,None,17237000,None,None,74964000,466613000,18.33,0.0242,324587000,324587000,None,0.229,0.2859,-2959000,72005000,3.6,2023-09-30,46.95,21654000,4570000000.0,62703000,-42069000,543000,21654000,21654000,None,8880000,None,None,None,None,239744000,None,None,275760000,None,None,None,0.218,785175000,99476000,-36773000,3103000,38866000,None,None,None,None,None,None,None,2.668,5.26,8.26,None,None,None,None,None,-42420000,None,0.118,None,438790000,2025-10-29,quarterly,3.8859,USD,post-market,None,-547047000,0.032,0.077,0.066,93.04,65662000,269744000,30000000,52105000,807.26,783.28,7.9417,680997000,191712000,91423000,392324000,489285000,300901000,221057000,288673000,69.9,None,943.1,689.25
2025-12-28,EQIX,10.92,9076000000.0,69.9,None,1.037,144.18,638159000,None,119267000,119267000,-327227000,-668449000,-254378000,None,-88632000,None,None,-99164000,27000,23956000,None,158354000,158354000,22557000,None,None,17237000,None,None,74964000,459746000,18.33,0.0242,320243000,320243000,None,0.229,0.2859,-2959000,72005000,3.6,2023-06-30,46.95,21654000,4570000000.0,62703000,-42069000,543000,21654000,21654000,None,8880000,None,None,None,None,239744000,None,None,207013000,None,None,None,0.218,741298000,99476000,-36773000,3103000,38866000,None,None,None,None,None,None,None,2.668,5.26,8.26,None,None,None,None,None,25000000,None,0.118,None,438790000,2025-10-29,quarterly,3.8859,USD,post-market,None,-547047000,0.032,0.077,0.066,93.04,65662000,269744000,30000000,52105000,807.26,783.28,7.9417,680997000,191712000,91423000,392324000,489285000,300901000,221057000,288673000,69.9,None,943.1,689.25
2025-12-28,EQIX,10.92,9076000000.0,69.9,None,1.037,144.18,529600000,None,119267000,119267000,542237000,-522136000,711509000,None,None,None,None,-53392000,27000,23956000,None,158354000,158354000,22557000,None,None,17237000,None,None,74964000,454939000,18.33,0.0242,326162000,326162000,None,0.229,0.2859,-2959000,72005000,3.6,2023-03-31,46.95,21654000,4570000000.0,62703000,-42069000,543000,21654000,21654000,None,8880000,None,None,None,None,239744000,None,None,258730000,None,None,None,0.218,675842000,99476000,-36773000,3103000,38866000,None,None,None,None,None,None,None,2.668,5.26,8.26,None,None,None,None,None,345318000,None,0.118,None,438790000,2025-10-29,quarterly,3.8859,USD,post-market,None,-547047000,0.032,0.077,0.066,93.04,65662000,269744000,30000000,52105000,807.26,783.28,7.9417,680997000,191712000,91423000,392324000,489285000,300901000,221057000,288673000,69.9,None,943.1,689.25
2025-12-28,EQIX,10.92,9076000000.0,69.9,None,1.037,144.18,827927000,None,119267000,119267000,-325681000,-1071526000,-637018000,None,None,None,None,-56209000,27000,23956000,None,158354000,158354000,22557000,None,None,17237000,None,None,74964000,438492000,18.33,0.0242,287573000,287573000,None,0.229,0.2859,-2959000,72005000,3.6,2022-12-31,46.95,21654000,4570000000.0,62703000,-42069000,543000,21654000,21654000,None,8880000,None,None,None,None,239744000,None,None,128903000,None,None,None,0.218,760189000,99476000,-36773000,3103000,38866000,None,None,None,None,None,None,None,2.668,5.26,8.26,None,None,None,None,None,None,None,0.118,None,438790000,2025-10-29,quarterly,3.8859,USD,post-market,None,-547047000,0.032,0.077,0.066,93.04,65662000,269744000,30000000,52105000,807.26,783.28,7.9417,680997000,191712000,91423000,392324000,489285000,300901000,221057000,288673000,69.9,None,943.1,689.25
2025-12-28,EQIX,10.92,9076000000.0,69.9,None,1.037,144.18,552729000,None,119267000,119267000,489069000,-663546000,645812000,None,None,None,None,29823000,27000,23956000,None,158354000,158354000,22557000,None,None,17237000,None,None,74964000,431668000,18.33,0.0242,291169000,291169000,None,0.229,0.2859,-2959000,72005000,3.6,2022-09-30,46.95,21654000,4570000000.0,62703000,-42069000,543000,21654000,21654000,None,8880000,None,None,None,None,239744000,None,None,211739000,None,None,None,0.218,820289000,99476000,-36773000,3103000,38866000,None,None,None,None,None,None,None,2.668,5.26,8.26,None,None,None,None,None,833685000,None,0.118,None,438790000,2025-10-29,quarterly,3.8859,USD,post-market,None,-547047000,0.032,0.077,0.066,93.04,65662000,269744000,30000000,52105000,807.26,783.28,7.9417,680997000,191712000,91423000,392324000,489285000,300901000,221057000,288673000,69.9,None,943.1,689.25
2025-12-28,EQIX,10.92,9076000000.0,69.9,None,1.037,144.18,484830000,None,119267000,119267000,862293000,-1369122000,294752000,None,None,None,None,-26302000,27000,23956000,None,158354000,158354000,22557000,None,None,17237000,None,None,74964000,432828000,18.33,0.0242,283048000,283048000,None,0.229,0.2859,-2959000,72005000,3.6,2022-06-30,46.95,21654000,4570000000.0,62703000,-42069000,543000,21654000,21654000,None,8880000,None,None,None,None,239744000,None,None,216242000,None,None,None,0.218,801581000,99476000,-36773000,3103000,38866000,None,None,None,None,None,None,None,2.668,5.26,8.26,None,None,None,None,None,None,None,0.118,None,438790000,2025-10-29,quarterly,3.8859,USD,post-market,None,-547047000,0.032,0.077,0.066,93.04,65662000,269744000,30000000,52105000,807.26,783.28,7.9417,680997000,191712000,91423000,392324000,489285000,300901000,221057000,288673000,69.9,None,943.1,689.25
2025-12-28,EQIX,10.92,9076000000.0,69.9,None,1.037,144.18,412518000,None,119267000,119267000,-168915000,-258759000,153449000,None,None,None,None,-100727000,27000,23956000,None,158354000,158354000,22557000,None,None,17237000,None,None,74964000,436386000,18.33,0.0242,289669000,289669000,None,0.229,0.2859,-2959000,72005000,3.6,2022-03-31,46.95,21654000,4570000000.0,62703000,-42069000,543000,21654000,21654000,None,8880000,None,None,None,None,239744000,None,None,147693000,None,None,None,0.218,581123000,99476000,-36773000,3103000,38866000,None,None,None,None,None,None,None,2.668,5.26,8.26,None,None,None,None,None,43876000,None,0.118,None,438790000,2025-10-29,quarterly,3.8859,USD,post-market,None,-547047000,0.032,0.077,0.066,93.04,65662000,269744000,30000000,52105000,807.26,783.28,7.9417,680997000,191712000,91423000,392324000,489285000,300901000,221057000,288673000,69.9,None,943.1,689.25
2025-12-28,EQIX,10.92,9076000000.0,69.9,None,1.037,144.18,817405000,None,119267000,119267000,92822000,-820696000,164231000,None,-1920000,None,None,109440000,27000,23956000,None,158354000,158354000,22557000,None,None,17237000,None,None,74964000,428764000,18.33,0.0242,259455000,259455000,None,0.229,0.2859,-2959000,72005000,3.6,2021-12-31,46.95,21654000,4570000000.0,62703000,-42069000,543000,21654000,21654000,None,8880000,None,None,None,None,239744000,None,None,123141000,None,None,None,0.218,892105000,99476000,-36773000,3103000,38866000,None,None,None,None,None,None,None,2.668,5.26,8.26,None,None,None,None,None,-1898662000,None,0.118,None,438790000,2025-10-29,quarterly,3.8859,USD,post-market,None,-547047000,0.032,0.077,0.066,93.04,65662000,269744000,30000000,52105000,807.26,783.28,7.9417,680997000,191712000,91423000,392324000,489285000,300901000,221057000,288673000,69.9,None,943.1,689.25
2025-12-28,EQIX,10.92,9076000000.0,69.9,None,1.037,144.18,678277000,None,119267000,119267000,-266387000,-821631000,-423272000,None,None,None,None,-53984000,27000,23956000,None,158354000,158354000,22557000,None,None,17237000,None,None,74964000,419684000,18.33,0.0242,262362000,262362000,None,0.229,0.2859,-2959000,72005000,3.6,2021-09-30,46.95,21654000,4570000000.0,62703000,-42069000,543000,21654000,21654000,None,8880000,None,None,None,None,239744000,None,None,152026000,None,None,None,0.218,664746000,99476000,-36773000,3103000,38866000,None,None,None,None,None,None,None,2.668,5.26,8.26,None,None,None,None,None,37594000,None,0.118,None,438790000,2025-10-29,quarterly,3.8859,USD,post-market,None,-547047000,0.032,0.077,0.066,93.04,65662000,269744000,30000000,52105000,807.26,783.28,7.9417,680997000,191712000,91423000,392324000,489285000,300901000,221057000,288673000,69.9,None,943.1,689.25
2025-12-28,EQIX,10.92,9076000000.0,69.9,None,1.037,144.18,692232000,None,119267000,119267000,174676000,-728727000,45146000,None,-42914000,None,None,-39709000,27000,23956000,None,158354000,158354000,22557000,None,None,17237000,None,None,74964000,417758000,18.33,0.0242,258053000,258053000,None,0.229,0.2859,-2959000,72005000,3.6,2021-06-30,46.95,21654000,4570000000.0,62703000,-42069000,543000,21654000,21654000,None,8880000,None,None,None,None,239744000,None,None,68487000,None,None,None,0.218,599197000,99476000,-36773000,3103000,38866000,None,None,None,None,None,None,None,2.668,5.26,8.26,None,None,None,None,None,2587910000,None,0.118,None,438790000,2025-10-29,quarterly,3.8859,USD,post-market,None,-547047000,0.032,0.077,0.066,93.04,65662000,269744000,30000000,52105000,807.26,783.28,7.9417,680997000,191712000,91423000,392324000,489285000,300901000,221057000,288673000,69.9,None,943.1,689.25
2025-12-28,EQIX,10.92,9076000000.0,69.9,None,1.037,144.18,563598000,None,119267000,119267000,412654000,-635684000,168128000,None,4361000,None,None,-17620000,27000,23956000,None,158354000,158354000,22557000,None,None,17237000,None,None,74964000,394318000,18.33,0.0242,263039000,263039000,None,0.229,0.2859,-2959000,72005000,3.6,2021-03-31,46.95,21654000,4570000000.0,62703000,-42069000,543000,21654000,21654000,None,8880000,None,None,None,None,239744000,None,None,156074000,None,None,None,0.218,391158000,99476000,-36773000,3103000,38866000,None,None,None,None,None,None,None,2.668,5.26,8.26,None,None,None,None,None,40034000,None,0.118,None,438790000,2025-10-29,quarterly,3.8859,USD,post-market,None,-547047000,0.032,0.077,0.066,93.04,65662000,269744000,30000000,52105000,807.26,783.28,7.9417,680997000,191712000,91423000,392324000,489285000,300901000,221057000,288673000,69.9,None,943.1,689.25
2025-12-28,EQIX,10.92,9076000000.0,69.9,None,1.037,144.18,834330000,None,119267000,119267000,-421830000,-1339776000,-1075458000,None,-279000,None,None,63516000,27000,23956000,None,158354000,158354000,22557000,None,None,17237000,None,None,74964000,378859000,18.33,0.0242,237756000,237756000,None,0.229,0.2859,-2959000,72005000,3.6,2020-12-31,46.95,21654000,4570000000.0,62703000,-42069000,543000,21654000,21654000,None,8880000,None,None,None,None,239744000,None,None,50936000,None,None,None,0.218,686148000,99476000,-36773000,3103000,38866000,None,None,None,None,None,None,None,2.668,5.26,8.26,None,None,None,None,None,None,None,0.118,None,438790000,2025-10-29,quarterly,3.8859,USD,post-market,None,-547047000,0.032,0.077,0.066,93.04,65662000,269744000,30000000,52105000,807.26,783.28,7.9417,680997000,191712000,91423000,392324000,489285000,300901000,221057000,288673000,69.9,None,943.1,689.25
2025-12-28,EQIX,10.92,9076000000.0,69.9,None,1.037,144.18,565285000,None,119267000,119267000,-2088517000,-603211000,-2159566000,None,None,None,None,-23871000,27000,23956000,None,158354000,158354000,22557000,None,None,17237000,None,None,74964000,362286000,18.33,0.0242,240690000,240690000,None,0.229,0.2859,-2959000,72005000,3.6,2020-09-30,46.95,21654000,4570000000.0,62703000,-42069000,543000,21654000,21654000,None,8880000,None,None,None,None,239744000,None,None,66831000,None,None,None,0.218,532162000,99476000,-36773000,3103000,38866000,None,None,None,None,None,None,None,2.668,5.26,8.26,None,None,None,None,None,31727000,None,0.118,None,438790000,2025-10-29,quarterly,3.8859,USD,post-market,None,-547047000,0.032,0.077,0.066,93.04,65662000,269744000,30000000,52105000,807.26,783.28,7.9417,680997000,191712000,91423000,392324000,489285000,300901000,221057000,288673000,69.9,None,943.1,689.25
2025-12-28,EQIX,10.92,9076000000.0,69.9,None,1.037,144.18,481948000,None,119267000,119267000,3562977000,-529444000,3608219000,None,None,None,None,-29539000,27000,23956000,None,158354000,158354000,22557000,None,None,17237000,None,None,74964000,348434000,18.33,0.0242,236008000,236008000,None,0.229,0.2859,-2959000,72005000,3.6,2020-06-30,46.95,21654000,4570000000.0,62703000,-42069000,543000,21654000,21654000,None,8880000,None,None,None,None,239744000,None,None,133350000,None,None,None,0.218,574686000,99476000,-36773000,3103000,38866000,None,None,None,None,None,None,None,2.668,5.26,8.26,None,None,None,None,None,3086526000,None,0.118,None,438790000,2025-10-29,quarterly,3.8859,USD,post-market,None,-547047000,0.032,0.077,0.066,93.04,65662000,269744000,30000000,52105000,807.26,783.28,7.9417,680997000,191712000,91423000,392324000,489285000,300901000,221057000,288673000,69.9,None,943.1,689.25
2025-12-28,EQIX,10.92,9076000000.0,69.9,None,1.037,144.18,400941000,None,119267000,119267000,-237104000,-954541000,-674815000,None,3604000,None,None,15306000,27000,23956000,None,158354000,158354000,22557000,None,None,17237000,None,None,74964000,337431000,18.33,0.0242,233479000,233479000,None,0.229,0.2859,-2959000,72005000,3.6,2020-03-31,46.95,21654000,4570000000.0,62703000,-42069000,543000,21654000,21654000,None,8880000,None,None,None,None,239744000,None,None,118957000,None,None,None,0.218,516830000,99476000,-36773000,3103000,38866000,None,None,None,None,None,None,None,2.668,5.26,8.26,None,None,None,None,None,280391000,None,0.118,None,438790000,2025-10-29,quarterly,3.8859,USD,post-market,None,-547047000,0.032,0.077,0.066,93.04,65662000,269744000,30000000,52105000,807.26,783.28,7.9417,680997000,191712000,91423000,392324000,489285000,300901000,221057000,288673000,69.9,None,943.1,689.25
2025-12-28,EQIX,10.92,9076000000.0,69.9,None,1.037,144.18,714561000,None,119267000,119267000,381473000,-466546000,444597000,None,773000,None,None,96480000,27000,23956000,None,158354000,158354000,22557000,None,None,17237000,None,None,74964000,328295000,18.33,0.0242,210360000,210360000,None,0.229,0.2859,-2959000,72005000,3.6,2019-12-31,46.95,21654000,4570000000.0,62703000,-42069000,543000,21654000,21654000,None,8880000,None,None,None,None,239744000,None,None,124835000,None,None,None,0.218,529670000,99476000,-36773000,3103000,38866000,None,None,None,None,None,None,None,2.668,5.26,8.26,None,None,None,None,None,1660976000,None,0.118,None,438790000,2025-10-29,quarterly,3.8859,USD,post-market,None,-547047000,0.032,0.077,0.066,93.04,65662000,269744000,30000000,52105000,807.26,783.28,7.9417,680997000,191712000,91423000,392324000,489285000,300901000,221057000,288673000,69.9,None,943.1,689.25
2025-12-28,EQIX,10.92,9076000000.0,69.9,None,1.037,144.18,556822000,None,119267000,119267000,-126163000,-576462000,-203631000,None,-8511000,None,None,3331000,27000,23956000,None,158354000,158354000,22557000,None,None,17237000,None,None,74964000,321746000,18.33,0.0242,212752000,212752000,None,0.229,0.2859,-2959000,72005000,3.6,2019-09-30,46.95,21654000,4570000000.0,62703000,-42069000,543000,21654000,21654000,None,8880000,None,None,None,None,239744000,None,None,120811000,None,None,None,0.218,498994000,99476000,-36773000,3103000,38866000,None,None,None,None,None,None,None,2.668,5.26,8.26,None,None,None,None,None,123846000,None,0.118,None,438790000,2025-10-29,quarterly,3.8859,USD,post-market,None,-547047000,0.032,0.077,0.066,93.04,65662000,269744000,30000000,52105000,807.26,783.28,7.9417,680997000,191712000,91423000,392324000,489285000,300901000,221057000,288673000,69.9,None,943.1,689.25
2025-12-28,EQIX,10.92,9076000000.0,69.9,None,1.037,144.18,444171000,None,119267000,119267000,-40160000,-523092000,-20329000,None,2300000,None,None,-42370000,27000,23956000,None,158354000,158354000,22557000,None,None,17237000,None,None,74964000,320550000,18.33,0.0242,208449000,208449000,None,0.229,0.2859,-2959000,72005000,3.6,2019-06-30,46.95,21654000,4570000000.0,62703000,-42069000,543000,21654000,21654000,None,8880000,None,None,None,None,239744000,None,None,143852000,None,None,None,0.218,542923000,99476000,-36773000,3103000,38866000,None,None,None,None,None,None,None,2.668,5.26,8.26,None,None,None,None,None,348121000,None,0.118,None,438790000,2025-10-29,quarterly,3.8859,USD,post-market,None,-547047000,0.032,0.077,0.066,93.04,65662000,269744000,30000000,52105000,807.26,783.28,7.9417,680997000,191712000,91423000,392324000,489285000,300901000,221057000,288673000,69.9,None,943.1,689.25
2025-12-28,EQIX,10.92,9076000000.0,69.9,None,1.037,144.18,363967000,None,119267000,119267000,986932000,-378467000,1029606000,None,2378000,None,None,-84350000,27000,23956000,None,158354000,158354000,22557000,None,None,17237000,None,None,74964000,314705000,18.33,0.0242,204603000,204603000,None,0.229,0.2859,-2959000,72005000,3.6,2019-03-31,46.95,21654000,4570000000.0,62703000,-42069000,543000,21654000,21654000,None,8880000,None,None,None,None,239744000,None,None,117747000,None,None,None,0.218,421141000,99476000,-36773000,3103000,38866000,None,None,None,None,None,None,None,2.668,5.26,8.26,None,None,None,None,None,1241027000,None,0.118,None,438790000,2025-10-29,quarterly,3.8859,USD,post-market,None,-547047000,0.032,0.077,0.066,93.04,65662000,269744000,30000000,52105000,807.26,783.28,7.9417,680997000,191712000,91423000,392324000,489285000,300901000,221057000,288673000,69.9,None,943.1,689.25
2025-12-28,EQIX,10.92,9076000000.0,69.9,None,1.037,144.18,680665000,None,119267000,119267000,-100895000,-725571000,-267837000,None,None,None,None,32195000,27000,23956000,None,158354000,158354000,22557000,None,None,17237000,None,None,74964000,305130000,18.33,0.0242,183858000,183858000,None,0.229,0.2859,-2959000,72005000,3.6,2018-12-31,46.95,21654000,4570000000.0,62703000,-42069000,543000,21654000,21654000,None,8880000,None,None,None,None,239744000,None,None,110022000,None,None,None,0.218,558629000,99476000,-36773000,3103000,38866000,None,None,None,None,None,None,None,2.668,5.26,8.26,None,None,None,None,None,33000,None,0.118,None,438790000,2025-10-29,quarterly,3.8859,USD,post-market,None,-547047000,0.032,0.077,0.066,93.04,65662000,269744000,30000000,52105000,807.26,783.28,7.9417,680997000,191712000,91423000,392324000,489285000,300901000,221057000,288673000,69.9,None,943.1,689.25
2025-12-28,EQIX,10.92,9076000000.0,69.9,None,1.037,144.18,545541000,None,119267000,119267000,104064000,-619957000,-98731000,None,0,None,None,-46685000,27000,23956000,None,158354000,158354000,22557000,None,None,17237000,None,None,74964000,306318000,18.33,0.0242,185983000,185983000,None,0.229,0.2859,-2959000,72005000,3.6,2018-09-30,46.95,21654000,4570000000.0,62703000,-42069000,543000,21654000,21654000,None,8880000,None,None,None,None,239744000,None,None,124825000,None,None,None,0.218,417162000,99476000,-36773000,3103000,38866000,None,None,None,None,None,None,None,2.668,5.26,8.26,None,None,None,None,None,448893000,None,0.118,None,438790000,2025-10-29,quarterly,3.8859,USD,post-market,None,-547047000,0.032,0.077,0.066,93.04,65662000,269744000,30000000,52105000,807.26,783.28,7.9417,680997000,191712000,91423000,392324000,489285000,300901000,221057000,288673000,69.9,None,943.1,689.25
2025-12-28,EQIX,10.92,9076000000.0,69.9,None,1.037,144.18,520239000,None,119267000,119267000,-206282000,-1365074000,-1032628000,None,51491000,None,None,32834000,27000,23956000,None,158354000,158354000,22557000,None,None,17237000,None,None,74964000,307331000,18.33,0.0242,181760000,181760000,None,0.229,0.2859,-2959000,72005000,3.6,2018-06-30,46.95,21654000,4570000000.0,62703000,-42069000,543000,21654000,21654000,None,8880000,None,None,None,None,239744000,None,None,67618000,None,None,None,0.218,538728000,99476000,-36773000,3103000,38866000,None,None,None,None,None,None,None,2.668,5.26,8.26,None,None,None,None,None,13000,None,0.118,None,438790000,2025-10-29,quarterly,3.8859,USD,post-market,None,-547047000,0.032,0.077,0.066,93.04,65662000,269744000,30000000,52105000,807.26,783.28,7.9417,680997000,191712000,91423000,392324000,489285000,300901000,221057000,288673000,69.9,None,943.1,689.25
2025-12-28,EQIX,10.92,9076000000.0,69.9,None,1.037,144.18,349729000,None,119267000,119267000,674025000,-364926000,610006000,None,0,None,None,-71275000,27000,23956000,None,158354000,158354000,22557000,None,None,17237000,None,None,74964000,306465000,18.33,0.0242,186999000,186999000,None,0.229,0.2859,-2959000,72005000,3.6,2018-03-31,46.95,21654000,4570000000.0,62703000,-42069000,543000,21654000,21654000,None,8880000,None,None,None,None,239744000,None,None,62894000,None,None,None,0.218,300907000,99476000,-36773000,3103000,38866000,None,None,None,None,None,None,None,2.668,5.26,8.26,None,None,None,None,None,25847000,None,0.118,None,438790000,2025-10-29,quarterly,3.8859,USD,post-market,None,-547047000,0.032,0.077,0.066,93.04,65662000,269744000,30000000,52105000,807.26,783.28,7.9417,680997000,191712000,91423000,392324000,489285000,300901000,221057000,288673000,69.9,None,943.1,689.25
2025-12-28,EQIX,10.92,9076000000.0,69.9,None,1.037,144.18,432677000,None,119267000,119267000,98886000,-783996000,-190231000,None,0,None,None,40656000,27000,23956000,None,158354000,158354000,22557000,None,None,17237000,None,None,74964000,279774000,18.33,0.0242,157583000,157583000,None,0.229,0.2859,-2959000,72005000,3.6,2017-12-31,46.95,21654000,4570000000.0,62703000,-42069000,543000,21654000,21654000,None,8880000,None,None,None,None,239744000,None,None,65215000,None,None,None,0.218,494879000,99476000,-36773000,3103000,38866000,None,None,None,None,None,None,None,2.668,5.26,8.26,None,None,None,None,None,2176148000,None,0.118,None,438790000,2025-10-29,quarterly,3.8859,USD,post-market,None,-547047000,0.032,0.077,0.066,93.04,65662000,269744000,30000000,52105000,807.26,783.28,7.9417,680997000,191712000,91423000,392324000,489285000,300901000,221057000,288673000,69.9,None,943.1,689.25
2025-12-28,EQIX,10.92,9076000000.0,69.9,None,1.037,144.18,320234000,None,119267000,119267000,496625000,-363748000,523387000,None,0,None,None,-50530000,27000,23956000,None,158354000,158354000,22557000,None,None,17237000,None,None,74964000,277719000,18.33,0.0242,159541000,159541000,None,0.229,0.2859,-2959000,72005000,3.6,2017-09-30,46.95,21654000,4570000000.0,62703000,-42069000,543000,21654000,21654000,None,8880000,None,None,None,None,239744000,None,None,79900000,None,None,None,0.218,390510000,99476000,-36773000,3103000,38866000,None,None,None,None,None,None,None,2.668,5.26,8.26,None,None,None,None,None,21506000,None,0.118,None,438790000,2025-10-29,quarterly,3.8859,USD,post-market,None,-547047000,0.032,0.077,0.066,93.04,65662000,269744000,30000000,52105000,807.26,783.28,7.9417,680997000,191712000,91423000,392324000,489285000,300901000,221057000,288673000,69.9,None,943.1,689.25
2025-12-28,EQIX,10.92,9076000000.0,69.9,None,1.037,144.18,348572000,None,119267000,119267000,-212897000,-3938723000,-3845147000,None,0,None,None,-112236000,27000,23956000,None,158354000,158354000,22557000,None,None,17237000,None,None,74964000,252386000,18.33,0.0242,156290000,156290000,None,0.229,0.2859,-2959000,72005000,3.6,2017-06-30,46.95,21654000,4570000000.0,62703000,-42069000,543000,21654000,21654000,None,8880000,None,None,None,None,239744000,None,None,45805000,None,None,None,0.218,306473000,99476000,-36773000,3103000,38866000,None,None,None,None,None,None,None,2.668,5.26,8.26,None,None,None,None,None,45000,None,0.118,None,438790000,2025-10-29,quarterly,3.8859,USD,post-market,None,-547047000,0.032,0.077,0.066,93.04,65662000,269744000,30000000,52105000,807.26,783.28,7.9417,680997000,191712000,91423000,392324000,489285000,300901000,221057000,288673000,69.9,None,943.1,689.25
2025-12-28,EQIX,10.92,9076000000.0,69.9,None,1.037,144.18,277242000,None,119267000,119267000,4225246000,-314359000,4158258000,None,0,None,None,-39664000,27000,23956000,None,158354000,158354000,22557000,None,None,17237000,None,None,74964000,219013000,18.33,0.0242,148083000,148083000,None,0.229,0.2859,-2959000,72005000,3.6,2017-03-31,46.95,21654000,4570000000.0,62703000,-42069000,543000,21654000,21654000,None,8880000,None,None,None,None,239744000,None,None,42062000,None,None,None,0.218,247371000,99476000,-36773000,3103000,38866000,None,None,None,None,None,None,None,2.668,5.26,8.26,None,None,None,None,None,2329874000,None,0.118,None,438790000,2025-10-29,quarterly,3.8859,USD,post-market,None,-547047000,0.032,0.077,0.066,93.04,65662000,269744000,30000000,52105000,807.26,783.28,7.9417,680997000,191712000,91423000,392324000,489285000,300901000,221057000,288673000,69.9,None,943.1,689.25
2025-12-28,EQIX,10.92,9076000000.0,69.9,None,1.037,144.18,386321000,None,119267000,119267000,-156893000,-352458000,-239439000,-33153000,0,None,None,-27423000,27000,23956000,None,158354000,158354000,22557000,None,None,17237000,None,None,74964000,212268000,18.33,0.0242,125312000,125312000,None,0.229,0.2859,-2959000,72005000,3.6,2016-12-31,46.95,21654000,4570000000.0,62703000,-42069000,543000,21654000,21654000,None,8880000,None,None,None,None,239744000,None,None,61750000,None,None,None,0.218,299310000,99476000,-36773000,3103000,38866000,None,None,None,None,None,None,None,2.668,5.26,8.26,None,None,None,None,None,36000,None,0.118,None,438790000,2025-10-29,quarterly,3.8859,USD,post-market,None,-547047000,0.032,0.077,0.066,93.04,65662000,269744000,30000000,52105000,807.26,783.28,7.9417,680997000,191712000,91423000,392324000,489285000,300901000,221057000,288673000,69.9,None,943.1,689.25
2025-12-28,EQIX,10.92,9076000000.0,69.9,None,1.037,144.18,279477000,None,119267000,119267000,-191106000,336020000,504755000,4313000,0,None,None,-30440000,27000,23956000,None,158354000,158354000,22557000,None,None,17237000,None,None,74964000,215370000,18.33,0.0242,127457000,127457000,None,0.229,0.2859,-2959000,72005000,3.6,2016-09-30,46.95,21654000,4570000000.0,62703000,-42069000,543000,21654000,21654000,None,8880000,None,None,None,None,239744000,None,None,51450000,None,None,None,0.218,334172000,99476000,-36773000,3103000,38866000,None,None,None,None,None,None,None,2.668,5.26,8.26,None,None,None,None,None,16504000,None,0.118,None,438790000,2025-10-29,quarterly,3.8859,USD,post-market,None,-547047000,0.032,0.077,0.066,93.04,65662000,269744000,30000000,52105000,807.26,783.28,7.9417,680997000,191712000,91423000,392324000,489285000,300901000,221057000,288673000,69.9,None,943.1,689.25
2025-12-28,EQIX,10.92,9076000000.0,69.9,None,1.037,144.18,249867000,None,119267000,119267000,-169925000,-252930000,-150598000,18540000,0,None,None,-31055000,27000,23956000,None,158354000,158354000,22557000,None,None,17237000,None,None,74964000,213719000,18.33,0.0242,121858000,121858000,None,0.229,0.2859,-2959000,72005000,3.6,2016-06-30,46.95,21654000,4570000000.0,62703000,-42069000,543000,21654000,21654000,None,8880000,None,None,None,None,239744000,None,None,44711000,None,None,None,0.218,278828000,99476000,-36773000,3103000,38866000,None,None,None,None,None,None,None,2.668,5.26,8.26,None,None,None,None,None,1335000,None,0.118,None,438790000,2025-10-29,quarterly,3.8859,USD,post-market,None,-547047000,0.032,0.077,0.066,93.04,65662000,269744000,30000000,52105000,807.26,783.28,7.9417,680997000,191712000,91423000,392324000,489285000,300901000,221057000,288673000,69.9,None,943.1,689.25
2025-12-28,EQIX,10.92,9076000000.0,69.9,None,1.037,144.18,197700000,None,119267000,119267000,-376368000,-1322787000,-1595080000,-195000,0,None,None,-11312000,27000,23956000,None,158354000,158354000,22557000,None,None,17237000,None,None,74964000,202153000,18.33,0.0242,124836000,124836000,None,0.229,0.2859,-2959000,72005000,3.6,2016-03-31,46.95,21654000,4570000000.0,62703000,-42069000,543000,21654000,21654000,None,8880000,None,None,None,None,239744000,None,None,-31111000,None,None,None,0.218,104270000,99476000,-36773000,3103000,38866000,None,None,None,None,None,None,None,2.668,5.26,8.26,None,None,None,None,None,16304000,None,0.118,None,438790000,2025-10-29,quarterly,3.8859,USD,post-market,None,-547047000,0.032,0.077,0.066,93.04,65662000,269744000,30000000,52105000,807.26,783.28,7.9417,680997000,191712000,91423000,392324000,489285000,300901000,221057000,288673000,69.9,None,943.1,689.25
2025-12-28,EQIX,10.92,9076000000.0,69.9,None,1.037,144.18,280612000,None,119267000,119267000,2192950000,-528996000,1893369000,-5703000,0,None,None,-2581000,27000,23956000,None,158354000,158354000,22557000,None,None,17237000,None,None,74964000,144861000,18.33,0.0242,230452000,230452000,None,0.229,0.2859,-2959000,72005000,3.6,2015-12-31,46.95,21654000,4570000000.0,62703000,-42069000,543000,21654000,21654000,None,8880000,None,None,None,None,239744000,None,None,10731000,None,None,None,0.218,235118000,99476000,-36773000,3103000,38866000,None,None,None,None,None,None,None,2.668,5.26,8.26,None,None,None,None,None,1807293000,None,0.118,None,438790000,2025-10-29,quarterly,3.8859,USD,post-market,None,-547047000,0.032,0.077,0.066,93.04,65662000,269744000,30000000,52105000,807.26,783.28,7.9417,680997000,191712000,91423000,392324000,489285000,300901000,221057000,288673000,69.9,None,943.1,689.25
2025-12-28,EQIX,10.92,9076000000.0,69.9,None,1.037,144.18,216046000,None,119267000,119267000,-101413000,-107555000,-664000,-6098000,0,None,None,-220000,27000,23956000,None,158354000,158354000,22557000,None,None,17237000,None,None,74964000,133268000,18.33,0.0242,98041000,98041000,None,0.229,0.2859,-2959000,72005000,3.6,2015-09-30,46.95,21654000,4570000000.0,62703000,-42069000,543000,21654000,21654000,None,8880000,None,None,None,None,239744000,None,None,41132000,None,None,None,0.218,214402000,99476000,-36773000,3103000,38866000,None,None,None,None,None,None,None,2.668,5.26,8.26,None,None,None,None,None,13290000,None,0.118,None,438790000,2025-10-29,quarterly,3.8859,USD,post-market,None,-547047000,0.032,0.077,0.066,93.04,65662000,269744000,30000000,52105000,807.26,783.28,7.9417,680997000,191712000,91423000,392324000,489285000,300901000,221057000,288673000,69.9,None,943.1,689.25
2025-12-28,EQIX,10.92,9076000000.0,69.9,None,1.037,144.18,221342000,None,119267000,119267000,-119562000,-298542000,-200576000,5065000,0,None,None,-10991000,27000,23956000,None,158354000,158354000,22557000,None,None,17237000,None,None,74964000,128270000,18.33,0.0242,96349000,96349000,None,0.229,0.2859,-2959000,72005000,3.6,2015-06-30,46.95,21654000,4570000000.0,62703000,-42069000,543000,21654000,21654000,None,8880000,None,None,None,None,239744000,None,None,59459000,None,None,None,0.218,212463000,99476000,-36773000,3103000,38866000,None,None,None,None,None,None,None,2.668,5.26,8.26,None,None,None,None,None,181000,None,0.118,None,438790000,2025-10-29,quarterly,3.8859,USD,post-market,None,-547047000,0.032,0.077,0.066,93.04,65662000,269744000,30000000,52105000,807.26,783.28,7.9417,680997000,191712000,91423000,392324000,489285000,300901000,221057000,288673000,69.9,None,943.1,689.25
2025-12-28,EQIX,10.92,9076000000.0,69.9,None,1.037,144.18,150120000,None,119267000,119267000,-98794000,-199834000,-74208000,-8391000,0,None,None,-30791000,27000,23956000,None,158354000,158354000,22557000,None,None,17237000,None,None,74964000,122530000,18.33,0.0242,96619000,96619000,None,0.229,0.2859,-2959000,72005000,3.6,2015-03-31,46.95,21654000,4570000000.0,62703000,-42069000,543000,21654000,21654000,None,8880000,None,None,None,None,239744000,None,None,76452000,None,None,None,0.218,232811000,99476000,-36773000,3103000,38866000,None,None,None,None,None,None,None,2.668,5.26,8.26,None,None,None,None,None,16384000,None,0.118,None,438790000,2025-10-29,quarterly,3.8859,USD,post-market,None,-547047000,0.032,0.077,0.066,93.04,65662000,269744000,30000000,52105000,807.26,783.28,7.9417,680997000,191712000,91423000,392324000,489285000,300901000,221057000,288673000,69.9,None,943.1,689.25
2025-12-28,EQIX,10.92,9076000000.0,69.9,None,1.037,144.18,238477000,None,119267000,119267000,679850000,-619911000,256736000,-5500000,0,None,None,2428000,27000,23956000,None,158354000,158354000,22557000,None,None,17237000,None,None,74964000,133096000,18.33,0.0242,83266000,83266000,None,0.229,0.2859,-2959000,72005000,3.6,2014-12-31,46.95,21654000,4570000000.0,62703000,-42069000,543000,21654000,21654000,None,8880000,None,None,None,None,239744000,None,None,-355103000,None,None,None,0.218,202297000,99476000,-36773000,3103000,38866000,None,None,None,None,None,None,None,2.668,5.26,8.26,None,None,None,None,None,297958000,None,0.118,None,438790000,2025-10-29,quarterly,3.8859,USD,post-market,None,-547047000,0.032,0.077,0.066,93.04,65662000,269744000,30000000,52105000,807.26,783.28,7.9417,680997000,191712000,91423000,392324000,489285000,300901000,221057000,288673000,69.9,None,943.1,689.25
2025-12-28,EQIX,10.92,9076000000.0,69.9,None,1.037,144.18,156003000,None,119267000,119267000,-256239000,-6316000,-54153000,-8039000,0,None,None,-50889000,27000,23956000,None,158354000,158354000,22557000,None,None,17237000,None,None,74964000,121349000,18.33,0.0242,0,0,None,0.229,0.2859,-2959000,72005000,3.6,2014-09-30,46.95,21654000,4570000000.0,62703000,-42069000,543000,21654000,21654000,None,8880000,None,None,None,None,239744000,None,None,42961000,None,None,None,0.218,216441000,99476000,-36773000,3103000,38866000,None,None,None,None,None,None,None,2.668,5.26,8.26,None,None,None,None,None,-42575000,None,0.118,None,438790000,2025-10-29,quarterly,3.8859,USD,post-market,None,-547047000,0.032,0.077,0.066,93.04,65662000,269744000,30000000,52105000,807.26,783.28,7.9417,680997000,191712000,91423000,392324000,489285000,300901000,221057000,288673000,69.9,None,943.1,689.25
2025-12-28,EQIX,10.92,9076000000.0,69.9,None,1.037,144.18,159816000,None,119267000,119267000,-278928000,91503000,-86840000,1621000,0,None,None,-24510000,27000,23956000,None,158354000,158354000,22557000,None,None,17237000,None,None,74964000,116074000,18.33,0.0242,0,0,None,0.229,0.2859,-2959000,72005000,3.6,2014-06-30,46.95,21654000,4570000000.0,62703000,-42069000,543000,21654000,21654000,None,8880000,None,None,None,None,239744000,None,None,10079000,None,None,None,0.218,98964000,99476000,-36773000,3103000,38866000,None,None,None,None,None,None,None,2.668,5.26,8.26,None,None,None,None,None,-208263000,None,0.118,None,438790000,2025-10-29,quarterly,3.8859,USD,post-market,None,-547047000,0.032,0.077,0.066,93.04,65662000,269744000,30000000,52105000,807.26,783.28,7.9417,680997000,191712000,91423000,392324000,489285000,300901000,221057000,288673000,69.9,None,943.1,689.25
2025-12-28,EQIX,10.92,9076000000.0,69.9,None,1.037,144.18,105907000,None,119267000,119267000,-37282000,98885000,233280000,-41000,0,None,None,-28995000,27000,23956000,None,158354000,158354000,22557000,None,None,17237000,None,None,74964000,113610000,18.33,0.0242,0,0,None,0.229,0.2859,-2959000,72005000,3.6,2014-03-31,46.95,21654000,4570000000.0,62703000,-42069000,543000,21654000,21654000,None,8880000,None,None,None,None,239744000,None,None,41337000,None,None,None,0.218,171718000,99476000,-36773000,3103000,38866000,None,None,None,None,None,None,None,2.668,5.26,8.26,None,None,None,None,None,-47120000,None,0.118,None,438790000,2025-10-29,quarterly,3.8859,USD,post-market,None,-547047000,0.032,0.077,0.066,93.04,65662000,269744000,30000000,52105000,807.26,783.28,7.9417,680997000,191712000,91423000,392324000,489285000,300901000,221057000,288673000,69.9,None,943.1,689.25
2025-12-28,EQIX,10.92,9076000000.0,69.9,None,1.037,144.18,202841000,None,119267000,119267000,-70641000,-233362000,-137848000,-551000,0,None,None,12336000,27000,23956000,None,158354000,158354000,22557000,None,None,17237000,None,None,74964000,106682000,18.33,0.0242,0,0,None,0.229,0.2859,-2959000,72005000,3.6,2013-12-31,46.95,21654000,4570000000.0,62703000,-42069000,543000,21654000,21654000,None,8880000,None,None,None,None,239744000,None,None,45373000,None,None,None,0.218,166706000,99476000,-36773000,3103000,38866000,None,None,None,None,None,None,None,2.668,5.26,8.26,None,None,None,None,None,-48799000,None,0.118,None,438790000,2025-10-29,quarterly,3.8859,USD,post-market,None,-547047000,0.032,0.077,0.066,93.04,65662000,269744000,30000000,52105000,807.26,783.28,7.9417,680997000,191712000,91423000,392324000,489285000,300901000,221057000,288673000,69.9,None,943.1,689.25
2025-12-28,EQIX,10.92,9076000000.0,69.9,None,1.037,144.18,171035000,None,119267000,119267000,-1178000,-330958000,-117754000,7820000,0,None,None,3469000,27000,23956000,None,158354000,158354000,22557000,None,None,17237000,None,None,74964000,108940000,18.33,0.0242,0,0,None,0.229,0.2859,-2959000,72005000,3.6,2013-09-30,46.95,21654000,4570000000.0,62703000,-42069000,543000,21654000,21654000,None,8880000,None,None,None,None,239744000,None,None,36857000,None,None,None,0.218,206562000,99476000,-36773000,3103000,38866000,None,None,None,None,None,None,None,2.668,5.26,8.26,None,None,None,None,None,12202000,None,0.118,None,438790000,2025-10-29,quarterly,3.8859,USD,post-market,None,-547047000,0.032,0.077,0.066,93.04,65662000,269744000,30000000,52105000,807.26,783.28,7.9417,680997000,191712000,91423000,392324000,489285000,300901000,221057000,288673000,69.9,None,943.1,689.25
2025-12-28,EQIX,10.92,9076000000.0,69.9,None,1.037,144.18,122863000,None,119267000,119267000,-850034000,537547000,-167523000,-2195000,0,None,None,-19098000,27000,23956000,None,158354000,158354000,22557000,None,None,17237000,None,None,74964000,110117000,18.33,0.0242,0,0,None,0.229,0.2859,-2959000,72005000,3.6,2013-06-30,46.95,21654000,4570000000.0,62703000,-42069000,543000,21654000,21654000,None,8880000,None,None,None,None,239744000,None,None,-28129000,None,None,None,0.218,147159000,99476000,-36773000,3103000,38866000,None,None,None,None,None,None,None,2.668,5.26,8.26,None,None,None,None,None,1512000,None,0.118,None,438790000,2025-10-29,quarterly,3.8859,USD,post-market,None,-547047000,0.032,0.077,0.066,93.04,65662000,269744000,30000000,52105000,807.26,783.28,7.9417,680997000,191712000,91423000,392324000,489285000,300901000,221057000,288673000,69.9,None,943.1,689.25
2025-12-28,EQIX,10.92,9076000000.0,69.9,None,1.037,144.18,75667000,None,119267000,119267000,1496760000,-1142540000,432806000,-5595000,0,None,None,-24663000,27000,23956000,None,158354000,158354000,22557000,None,None,17237000,None,None,74964000,108531000,18.33,0.0242,0,0,None,0.229,0.2859,-2959000,72005000,3.6,2013-03-31,46.95,21654000,4570000000.0,62703000,-42069000,543000,21654000,21654000,None,8880000,None,None,None,None,239744000,None,None,36323000,None,None,None,0.218,84181000,99476000,-36773000,3103000,38866000,None,None,None,None,None,None,None,2.668,5.26,8.26,None,None,None,None,None,14368000,None,0.118,None,438790000,2025-10-29,quarterly,3.8859,USD,post-market,None,-547047000,0.032,0.077,0.066,93.04,65662000,269744000,30000000,52105000,807.26,783.28,7.9417,680997000,191712000,91423000,392324000,489285000,300901000,221057000,288673000,69.9,None,943.1,689.25
2025-12-28,EQIX,10.92,9076000000.0,69.9,None,1.037,144.18,210408000,None,119267000,119267000,12248000,-209327000,12526000,506000,0,None,None,20299000,27000,23956000,None,158354000,158354000,22557000,None,None,17237000,None,None,74964000,103457000,18.33,0.0242,46822000,46822000,None,0.229,0.2859,-2959000,72005000,3.6,2012-12-31,46.95,21654000,4570000000.0,62703000,-42069000,543000,21654000,21654000,None,8880000,None,None,None,None,239744000,None,None,46131000,None,None,None,0.218,209099000,99476000,-36773000,3103000,38866000,None,None,None,None,None,None,None,2.668,5.26,8.26,None,None,None,None,None,13364000,None,0.118,None,438790000,2025-10-29,quarterly,3.8859,USD,post-market,None,-547047000,0.032,0.077,0.066,93.04,65662000,269744000,30000000,52105000,807.26,783.28,7.9417,680997000,191712000,91423000,392324000,489285000,300901000,221057000,288673000,69.9,None,943.1,689.25
2025-12-28,EQIX,10.92,9076000000.0,69.9,None,1.037,144.18,212118000,None,119267000,119267000,73697000,-596859000,-414409000,6601000,0,None,None,-12359000,27000,23956000,None,158354000,158354000,22557000,None,None,17237000,None,None,74964000,107623000,18.33,0.0242,0,0,None,0.229,0.2859,-2959000,72005000,3.6,2012-09-30,46.95,21654000,4570000000.0,62703000,-42069000,543000,21654000,21654000,None,8880000,None,None,None,None,239744000,None,None,29200000,None,None,None,0.218,102152000,99476000,-36773000,3103000,38866000,None,None,None,None,None,None,None,2.668,5.26,8.26,None,None,None,None,None,13666000,None,0.118,None,438790000,2025-10-29,quarterly,3.8859,USD,post-market,None,-547047000,0.032,0.077,0.066,93.04,65662000,269744000,30000000,52105000,807.26,783.28,7.9417,680997000,191712000,91423000,392324000,489285000,300901000,221057000,288673000,69.9,None,943.1,689.25
2025-12-28,EQIX,10.92,9076000000.0,69.9,None,1.037,144.18,196484000,None,119267000,119267000,-264716000,93880000,21152000,-2794000,0,None,None,-14864000,27000,23956000,None,158354000,158354000,22557000,None,None,17237000,None,None,74964000,96944000,18.33,0.0242,0,0,None,0.229,0.2859,-2959000,72005000,3.6,2012-06-30,46.95,21654000,4570000000.0,62703000,-42069000,543000,21654000,21654000,None,8880000,None,None,None,None,239744000,None,None,37640000,None,None,None,0.218,194782000,99476000,-36773000,3103000,38866000,None,None,None,None,None,None,None,2.668,5.26,8.26,None,None,None,None,None,6013000,None,0.118,None,438790000,2025-10-29,quarterly,3.8859,USD,post-market,None,-547047000,0.032,0.077,0.066,93.04,65662000,269744000,30000000,52105000,807.26,783.28,7.9417,680997000,191712000,91423000,392324000,489285000,300901000,221057000,288673000,69.9,None,943.1,689.25
2025-12-28,EQIX,10.92,9076000000.0,69.9,None,1.037,144.18,145490000,None,119267000,119267000,-43950000,269433000,354121000,2645000,5370000,None,None,-19677000,27000,23956000,None,158354000,158354000,22557000,None,None,17237000,None,None,74964000,93922000,18.33,0.0242,21551000,21551000,None,0.229,0.2859,-2959000,72005000,3.6,2012-03-31,46.95,21654000,4570000000.0,62703000,-42069000,543000,21654000,21654000,None,8880000,None,None,None,None,239744000,None,None,34811000,None,None,None,0.218,125993000,99476000,-36773000,3103000,38866000,None,None,None,None,None,None,None,2.668,5.26,8.26,None,None,None,None,None,-13364000,None,0.118,None,438790000,2025-10-29,quarterly,3.8859,USD,post-market,None,-547047000,0.032,0.077,0.066,93.04,65662000,269744000,30000000,52105000,807.26,783.28,7.9417,680997000,191712000,91423000,392324000,489285000,300901000,221057000,288673000,69.9,None,943.1,689.25
2025-12-28,EQIX,10.92,9076000000.0,69.9,None,1.037,144.18,194233000,None,119267000,119267000,-83383000,-194625000,-91700000,-1313000,15938000,None,None,3238000,27000,23956000,None,158354000,158354000,22557000,None,None,17237000,None,None,74964000,93371000,18.33,0.0242,0,0,None,0.229,0.2859,-2959000,72005000,3.6,2011-12-31,46.95,21654000,4570000000.0,62703000,-42069000,543000,21654000,21654000,None,8880000,None,None,None,None,239744000,None,None,16093000,None,None,None,0.218,187621000,99476000,-36773000,3103000,38866000,None,None,None,None,None,None,None,2.668,5.26,8.26,None,None,None,None,None,-83477000,None,0.118,None,438790000,2025-10-29,quarterly,3.8859,USD,post-market,None,-547047000,0.032,0.077,0.066,93.04,65662000,269744000,30000000,52105000,807.26,783.28,7.9417,680997000,191712000,91423000,392324000,489285000,300901000,221057000,288673000,69.9,None,943.1,689.25
2025-12-28,EQIX,10.92,9076000000.0,69.9,None,1.037,144.18,131525000,None,119267000,119267000,744147000,-808693000,72651000,-4673000,0,None,None,-9989000,27000,23956000,None,158354000,158354000,22557000,None,None,17237000,None,None,74964000,92019000,18.33,0.0242,0,0,None,0.229,0.2859,-2959000,72005000,3.6,2011-09-30,46.95,21654000,4570000000.0,62703000,-42069000,543000,21654000,21654000,None,8880000,None,None,None,None,239744000,None,None,20639000,None,None,None,0.218,141870000,99476000,-36773000,3103000,38866000,None,None,None,None,None,None,None,2.668,5.26,8.26,None,None,None,None,None,11107000,None,0.118,None,438790000,2025-10-29,quarterly,3.8859,USD,post-market,None,-547047000,0.032,0.077,0.066,93.04,65662000,269744000,30000000,52105000,807.26,783.28,7.9417,680997000,191712000,91423000,392324000,489285000,300901000,221057000,288673000,69.9,None,943.1,689.25
2025-12-28,EQIX,10.92,9076000000.0,69.9,None,1.037,144.18,200516000,None,119267000,119267000,61838000,-212336000,-6594000,957000,0,None,None,-19409000,27000,23956000,None,158354000,158354000,22557000,None,None,17237000,None,None,74964000,86426000,18.33,0.0242,0,0,None,0.229,0.2859,-2959000,72005000,3.6,2011-06-30,46.95,21654000,4570000000.0,62703000,-42069000,543000,21654000,21654000,None,8880000,None,None,None,None,239744000,None,None,30733000,None,None,None,0.218,142947000,99476000,-36773000,3103000,38866000,None,None,None,None,None,None,None,2.668,5.26,8.26,None,None,None,None,None,8929000,None,0.118,None,438790000,2025-10-29,quarterly,3.8859,USD,post-market,None,-547047000,0.032,0.077,0.066,93.04,65662000,269744000,30000000,52105000,807.26,783.28,7.9417,680997000,191712000,91423000,392324000,489285000,300901000,221057000,288673000,69.9,None,943.1,689.25
2025-12-28,EQIX,10.92,9076000000.0,69.9,None,1.037,144.18,187467000,None,119267000,119267000,26126000,-283790000,-138375000,4118000,5640000,None,None,3099000,27000,23956000,None,158354000,158354000,22557000,None,None,17237000,None,None,74964000,79525000,18.33,0.0242,0,0,None,0.229,0.2859,-2959000,72005000,3.6,2011-03-31,46.95,21654000,4570000000.0,62703000,-42069000,543000,21654000,21654000,None,8880000,None,None,None,None,239744000,None,None,25145000,None,None,None,0.218,115171000,99476000,-36773000,3103000,38866000,None,None,None,None,None,None,None,2.668,5.26,8.26,None,None,None,None,None,15668000,None,0.118,None,438790000,2025-10-29,quarterly,3.8859,USD,post-market,None,-547047000,0.032,0.077,0.066,93.04,65662000,269744000,30000000,52105000,807.26,783.28,7.9417,680997000,191712000,91423000,392324000,489285000,300901000,221057000,288673000,69.9,None,943.1,689.25
2025-12-28,EQIX,10.92,9076000000.0,69.9,None,1.037,144.18,158212000,None,119267000,119267000,-85989000,17538000,None,None,-14363000,None,None,None,27000,23956000,None,158354000,158354000,22557000,None,None,17237000,None,None,74964000,75439000,18.33,0.0242,0,0,None,0.229,0.2859,-2959000,72005000,3.6,2010-12-31,46.95,21654000,4570000000.0,62703000,-42069000,543000,21654000,21654000,None,8880000,None,None,None,None,239744000,None,None,13760000,None,None,None,0.218,122891000,99476000,-36773000,3103000,38866000,None,None,None,None,None,None,None,2.668,5.26,8.26,None,None,None,None,None,0,None,0.118,None,438790000,2025-10-29,quarterly,3.8859,USD,post-market,None,-547047000,0.032,0.077,0.066,93.04,65662000,269744000,30000000,52105000,807.26,783.28,7.9417,680997000,191712000,91423000,392324000,489285000,300901000,221057000,288673000,69.9,None,943.1,689.25
2025-12-28,EQIX,10.92,9076000000.0,69.9,None,1.037,144.18,143952000,None,119267000,119267000,18112000,-259506000,None,None,0,None,None,None,27000,23956000,None,158354000,158354000,22557000,None,None,17237000,None,None,74964000,73298000,18.33,0.0242,0,0,None,0.229,0.2859,-2959000,72005000,3.6,2010-09-30,46.95,21654000,4570000000.0,62703000,-42069000,543000,21654000,21654000,None,8880000,None,None,None,None,239744000,None,None,11196000,None,None,None,0.218,113274000,99476000,-36773000,3103000,38866000,None,None,None,None,None,None,None,2.668,5.26,8.26,None,None,None,None,None,0,None,0.118,None,438790000,2025-10-29,quarterly,3.8859,USD,post-market,None,-547047000,0.032,0.077,0.066,93.04,65662000,269744000,30000000,52105000,807.26,783.28,7.9417,680997000,191712000,91423000,392324000,489285000,300901000,221057000,288673000,69.9,None,943.1,689.25
2025-12-28,EQIX,10.92,9076000000.0,69.9,None,1.037,144.18,148694000,None,119267000,119267000,-252233000,-327444000,None,None,0,None,None,None,27000,23956000,None,158354000,158354000,22557000,None,None,17237000,None,None,74964000,62750000,18.33,0.0242,0,0,None,0.229,0.2859,-2959000,72005000,3.6,2010-06-30,46.95,21654000,4570000000.0,62703000,-42069000,543000,21654000,21654000,None,8880000,None,None,None,None,239744000,None,None,-2274000,None,None,None,0.218,56895000,99476000,-36773000,3103000,38866000,None,None,None,None,None,None,None,2.668,5.26,8.26,None,None,None,None,None,0,None,0.118,None,438790000,2025-10-29,quarterly,3.8859,USD,post-market,None,-547047000,0.032,0.077,0.066,93.04,65662000,269744000,30000000,52105000,807.26,783.28,7.9417,680997000,191712000,91423000,392324000,489285000,300901000,221057000,288673000,69.9,None,943.1,689.25
2025-12-28,EQIX,10.92,9076000000.0,69.9,None,1.037,144.18,143400000,None,119267000,119267000,629796000,-31557000,None,None,5002000,None,None,None,27000,23956000,None,158354000,158354000,22557000,None,None,17237000,None,None,74964000,48689000,18.33,0.0242,None,None,None,0.229,0.2859,-2959000,72005000,3.6,2010-03-31,46.95,21654000,4570000000.0,62703000,-42069000,543000,21654000,21654000,None,8880000,None,None,None,None,239744000,None,None,14199000,None,None,None,0.218,99812000,99476000,-36773000,3103000,38866000,None,None,None,None,None,None,None,2.668,5.26,8.26,None,None,None,None,None,None,None,0.118,None,438790000,2025-10-29,quarterly,3.8859,USD,post-market,None,-547047000,0.032,0.077,0.066,93.04,65662000,269744000,30000000,52105000,807.26,783.28,7.9417,680997000,191712000,91423000,392324000,489285000,300901000,221057000,288673000,69.9,None,943.1,689.25
2025-12-28,EQIX,10.92,9076000000.0,69.9,None,1.037,144.18,129102000,None,119267000,119267000,-2922000,-15684000,None,None,-22178000,None,None,None,27000,23956000,None,158354000,158354000,22557000,None,None,17237000,None,None,74964000,42472000,18.33,0.0242,None,None,None,0.229,0.2859,-2959000,72005000,3.6,2009-12-31,46.95,21654000,4570000000.0,62703000,-42069000,543000,21654000,21654000,None,8880000,None,None,None,None,239744000,None,None,17722000,None,None,None,0.218,82510000,99476000,-36773000,3103000,38866000,None,None,None,None,None,None,None,2.668,5.26,8.26,None,None,None,None,None,None,None,0.118,None,438790000,2025-10-29,quarterly,3.8859,USD,post-market,None,-547047000,0.032,0.077,0.066,93.04,65662000,269744000,30000000,52105000,807.26,783.28,7.9417,680997000,191712000,91423000,392324000,489285000,300901000,221057000,288673000,69.9,None,943.1,689.25
2025-12-28,EQIX,10.92,9076000000.0,69.9,None,1.037,144.18,88655000,None,119267000,119267000,28804000,-260549000,None,None,None,None,None,None,27000,23956000,None,158354000,158354000,22557000,None,None,17237000,None,None,74964000,44491000,18.33,0.0242,None,None,None,0.229,0.2859,-2959000,72005000,3.6,2009-09-30,46.95,21654000,4570000000.0,62703000,-42069000,543000,21654000,21654000,None,8880000,None,None,None,None,239744000,None,None,18812000,None,None,None,0.218,107539000,99476000,-36773000,3103000,38866000,None,None,None,None,None,None,None,2.668,5.26,8.26,None,None,None,None,None,None,None,0.118,None,438790000,2025-10-29,quarterly,3.8859,USD,post-market,None,-547047000,0.032,0.077,0.066,93.04,65662000,269744000,30000000,52105000,807.26,783.28,7.9417,680997000,191712000,91423000,392324000,489285000,300901000,221057000,288673000,69.9,None,943.1,689.25
2025-12-28,EQIX,10.92,9076000000.0,69.9,None,1.037,144.18,76816000,None,119267000,119267000,301341000,-204060000,None,None,None,None,None,None,27000,23956000,None,158354000,158354000,22557000,None,None,17237000,None,None,74964000,44891000,18.33,0.0242,None,None,None,0.229,0.2859,-2959000,72005000,3.6,2009-06-30,46.95,21654000,4570000000.0,62703000,-42069000,543000,21654000,21654000,None,8880000,None,None,None,None,239744000,None,None,17440000,None,None,None,0.218,78739000,99476000,-36773000,3103000,38866000,None,None,None,None,None,None,None,2.668,5.26,8.26,None,None,None,None,None,None,None,0.118,None,438790000,2025-10-29,quarterly,3.8859,USD,post-market,None,-547047000,0.032,0.077,0.066,93.04,65662000,269744000,30000000,52105000,807.26,783.28,7.9417,680997000,191712000,91423000,392324000,489285000,300901000,221057000,288673000,69.9,None,943.1,689.25
2025-12-28,EQIX,10.92,9076000000.0,69.9,None,1.037,144.18,74969000,None,119267000,119267000,-3625000,-77885000,None,None,8350000,None,None,None,27000,23956000,None,158354000,158354000,22557000,None,None,17237000,None,None,74964000,41676000,18.33,0.0242,None,None,None,0.229,0.2859,-2959000,72005000,3.6,2009-03-31,46.95,21654000,4570000000.0,62703000,-42069000,543000,21654000,21654000,None,8880000,None,None,None,None,239744000,None,None,15457000,None,None,None,0.218,86704000,99476000,-36773000,3103000,38866000,None,None,None,None,None,None,None,2.668,5.26,8.26,None,None,None,None,None,None,None,0.118,None,438790000,2025-10-29,quarterly,3.8859,USD,post-market,None,-547047000,0.032,0.077,0.066,93.04,65662000,269744000,30000000,52105000,807.26,783.28,7.9417,680997000,191712000,91423000,392324000,489285000,300901000,221057000,288673000,69.9,None,943.1,689.25
2025-12-28,EQIX,10.92,9076000000.0,69.9,None,1.037,144.18,149567000,None,119267000,119267000,32156000,-43190000,None,None,-111010000,None,None,None,27000,23956000,None,158354000,158354000,22557000,None,None,17237000,None,None,74964000,39808000,18.33,0.0242,None,None,None,0.229,0.2859,-2959000,72005000,3.6,2008-12-31,46.95,21654000,4570000000.0,62703000,-42069000,543000,21654000,21654000,None,8880000,None,None,None,None,239744000,None,None,116499000,None,None,None,0.218,76295000,99476000,-36773000,3103000,38866000,None,None,None,None,None,None,None,2.668,5.26,8.26,None,None,None,None,None,None,None,0.118,None,438790000,2025-10-29,quarterly,3.8859,USD,post-market,None,-547047000,0.032,0.077,0.066,93.04,65662000,269744000,30000000,52105000,807.26,783.28,7.9417,680997000,191712000,91423000,392324000,489285000,300901000,221057000,288673000,69.9,None,943.1,689.25
2025-12-28,EQIX,10.92,9076000000.0,69.9,None,1.037,144.18,85219000,None,119267000,119267000,26428000,-82435000,None,None,None,None,None,None,27000,23956000,None,158354000,158354000,22557000,None,None,17237000,None,None,74964000,42765000,18.33,0.0242,None,None,None,0.229,0.2859,-2959000,72005000,3.6,2008-09-30,46.95,21654000,4570000000.0,62703000,-42069000,543000,21654000,21654000,None,8880000,None,None,None,None,239744000,None,None,7389000,None,None,None,0.218,63321000,99476000,-36773000,3103000,38866000,None,None,None,None,None,None,None,2.668,5.26,8.26,None,None,None,None,None,None,None,0.118,None,438790000,2025-10-29,quarterly,3.8859,USD,post-market,None,-547047000,0.032,0.077,0.066,93.04,65662000,269744000,30000000,52105000,807.26,783.28,7.9417,680997000,191712000,91423000,392324000,489285000,300901000,221057000,288673000,69.9,None,943.1,689.25
2025-12-28,EQIX,10.92,9076000000.0,69.9,None,1.037,144.18,107634000,None,119267000,119267000,41924000,-216215000,None,None,None,None,None,None,27000,23956000,None,158354000,158354000,22557000,None,None,17237000,None,None,74964000,39472000,18.33,0.0242,None,None,None,0.229,0.2859,-2959000,72005000,3.6,2008-06-30,46.95,21654000,4570000000.0,62703000,-42069000,543000,21654000,21654000,None,8880000,None,None,None,None,239744000,None,None,2229000,None,None,None,0.218,64958000,99476000,-36773000,3103000,38866000,None,None,None,None,None,None,None,2.668,5.26,8.26,None,None,None,None,None,None,None,0.118,None,438790000,2025-10-29,quarterly,3.8859,USD,post-market,None,-547047000,0.032,0.077,0.066,93.04,65662000,269744000,30000000,52105000,807.26,783.28,7.9417,680997000,191712000,91423000,392324000,489285000,300901000,221057000,288673000,69.9,None,943.1,689.25
2025-12-28,EQIX,10.92,9076000000.0,69.9,None,1.037,144.18,128708000,None,119267000,119267000,44598000,-136200000,None,None,-2843000,None,None,None,27000,23956000,None,158354000,158354000,22557000,None,None,17237000,None,None,74964000,36862000,18.33,0.0242,None,None,None,0.229,0.2859,-2959000,72005000,3.6,2008-03-31,46.95,21654000,4570000000.0,62703000,-42069000,543000,21654000,21654000,None,8880000,None,None,None,None,239744000,None,None,5421000,None,None,None,0.218,62984000,99476000,-36773000,3103000,38866000,None,None,None,None,None,None,None,2.668,5.26,8.26,None,None,None,None,None,None,None,0.118,None,438790000,2025-10-29,quarterly,3.8859,USD,post-market,None,-547047000,0.032,0.077,0.066,93.04,65662000,269744000,30000000,52105000,807.26,783.28,7.9417,680997000,191712000,91423000,392324000,489285000,300901000,221057000,288673000,69.9,None,943.1,689.25
2025-12-28,EQIX,10.92,9076000000.0,69.9,None,1.037,144.18,121002000,None,119267000,119267000,38001000,-103519000,None,None,-11290000,None,None,None,27000,23956000,None,158354000,158354000,22557000,None,None,17237000,None,None,74964000,36138000,18.33,0.0242,None,None,None,0.229,0.2859,-2959000,72005000,3.6,2007-12-31,46.95,21654000,4570000000.0,62703000,-42069000,543000,21654000,21654000,None,8880000,None,None,None,None,239744000,None,None,-6073000,None,None,None,0.218,13881000,99476000,-36773000,3103000,38866000,None,None,None,None,None,None,None,2.668,5.26,8.26,None,None,None,None,None,None,None,0.118,None,438790000,2025-10-29,quarterly,3.8859,USD,post-market,None,-547047000,0.032,0.077,0.066,93.04,65662000,269744000,30000000,52105000,807.26,783.28,7.9417,680997000,191712000,91423000,392324000,489285000,300901000,221057000,288673000,69.9,None,943.1,689.25
2025-12-28,EQIX,10.92,9076000000.0,69.9,None,1.037,144.18,153911000,None,119267000,119267000,783240000,-721257000,None,None,None,None,None,None,27000,23956000,None,158354000,158354000,22557000,None,None,17237000,None,None,74964000,24133000,18.33,0.0242,None,None,None,0.229,0.2859,-2959000,72005000,3.6,2007-09-30,46.95,21654000,4570000000.0,62703000,-42069000,543000,21654000,21654000,None,8880000,None,None,None,None,239744000,None,None,4124000,None,None,None,0.218,48427000,99476000,-36773000,3103000,38866000,None,None,None,None,None,None,None,2.668,5.26,8.26,None,None,None,None,None,None,None,0.118,None,438790000,2025-10-29,quarterly,3.8859,USD,post-market,None,-547047000,0.032,0.077,0.066,93.04,65662000,269744000,30000000,52105000,807.26,783.28,7.9417,680997000,191712000,91423000,392324000,489285000,300901000,221057000,288673000,69.9,None,943.1,689.25
2025-12-28,EQIX,10.92,9076000000.0,69.9,None,1.037,144.18,188872000,None,119267000,119267000,50519000,-181892000,None,None,None,None,None,None,27000,23956000,None,158354000,158354000,22557000,None,None,17237000,None,None,74964000,22405000,18.33,0.0242,None,None,None,0.229,0.2859,-2959000,72005000,3.6,2007-06-30,46.95,21654000,4570000000.0,62703000,-42069000,543000,21654000,21654000,None,8880000,None,None,None,None,239744000,None,None,1217000,None,None,None,0.218,37862000,99476000,-36773000,3103000,38866000,None,None,None,None,None,None,None,2.668,5.26,8.26,None,None,None,None,None,None,None,0.118,None,438790000,2025-10-29,quarterly,3.8859,USD,post-market,None,-547047000,0.032,0.077,0.066,93.04,65662000,269744000,30000000,52105000,807.26,783.28,7.9417,680997000,191712000,91423000,392324000,489285000,300901000,221057000,288673000,69.9,None,943.1,689.25
2025-12-28,EQIX,10.92,9076000000.0,69.9,None,1.037,144.18,73556000,None,119267000,119267000,273253000,-48057000,None,None,-1326000,None,None,None,27000,23956000,None,158354000,158354000,22557000,None,None,17237000,None,None,74964000,20631000,18.33,0.0242,None,None,None,0.229,0.2859,-2959000,72005000,3.6,2007-03-31,46.95,21654000,4570000000.0,62703000,-42069000,543000,21654000,21654000,None,8880000,None,None,None,None,239744000,None,None,-4456000,None,None,None,0.218,19850000,99476000,-36773000,3103000,38866000,None,None,None,None,None,None,None,2.668,5.26,8.26,None,None,None,None,None,None,None,0.118,None,438790000,2025-10-29,quarterly,3.8859,USD,post-market,None,-547047000,0.032,0.077,0.066,93.04,65662000,269744000,30000000,52105000,807.26,783.28,7.9417,680997000,191712000,91423000,392324000,489285000,300901000,221057000,288673000,69.9,None,943.1,689.25
2025-12-28,EQIX,10.92,9076000000.0,69.9,None,1.037,144.18,49621000,None,119267000,119267000,8755000,-36792000,None,None,1878000,None,None,None,27000,23956000,None,158354000,158354000,22557000,None,None,17237000,None,None,74964000,19745000,18.33,0.0242,None,None,None,0.229,0.2859,-2959000,72005000,3.6,2006-12-31,46.95,21654000,4570000000.0,62703000,-42069000,543000,21654000,21654000,None,8880000,None,None,None,None,239744000,None,None,9111000,None,None,None,0.218,25859000,99476000,-36773000,3103000,38866000,None,None,None,None,None,None,None,2.668,5.26,8.26,None,None,None,None,None,None,None,0.118,None,438790000,2025-10-29,quarterly,3.8859,USD,post-market,None,-547047000,0.032,0.077,0.066,93.04,65662000,269744000,30000000,52105000,807.26,783.28,7.9417,680997000,191712000,91423000,392324000,489285000,300901000,221057000,288673000,69.9,None,943.1,689.25
2025-12-28,EQIX,10.92,9076000000.0,69.9,None,1.037,144.18,46620000,None,119267000,119267000,47461000,-60757000,None,None,None,None,None,None,27000,23956000,None,158354000,158354000,22557000,None,None,17237000,None,None,74964000,2036000,18.33,0.0242,None,None,None,0.229,0.2859,-2959000,72005000,3.6,2006-09-30,46.95,21654000,4570000000.0,62703000,-42069000,543000,21654000,21654000,None,8880000,None,None,None,None,239744000,None,None,-5168000,None,None,None,0.218,20655000,99476000,-36773000,3103000,38866000,None,None,None,None,None,None,None,2.668,5.26,8.26,None,None,None,None,None,None,None,0.118,None,438790000,2025-10-29,quarterly,3.8859,USD,post-market,None,-547047000,0.032,0.077,0.066,93.04,65662000,269744000,30000000,52105000,807.26,783.28,7.9417,680997000,191712000,91423000,392324000,489285000,300901000,221057000,288673000,69.9,None,943.1,689.25
2025-12-28,EQIX,10.92,9076000000.0,69.9,None,1.037,144.18,39437000,None,119267000,119267000,5376000,-25348000,None,None,None,None,None,None,27000,23956000,None,158354000,158354000,22557000,None,None,17237000,None,None,74964000,34085000,18.33,0.0242,None,None,None,0.229,0.2859,-2959000,72005000,3.6,2006-06-30,46.95,21654000,4570000000.0,62703000,-42069000,543000,21654000,21654000,None,8880000,None,None,None,None,239744000,None,None,-5270000,None,None,None,0.218,16107000,99476000,-36773000,3103000,38866000,None,None,None,None,None,None,None,2.668,5.26,8.26,None,None,None,None,None,None,None,0.118,None,438790000,2025-10-29,quarterly,3.8859,USD,post-market,None,-547047000,0.032,0.077,0.066,93.04,65662000,269744000,30000000,52105000,807.26,783.28,7.9417,680997000,191712000,91423000,392324000,489285000,300901000,221057000,288673000,69.9,None,943.1,689.25
2025-12-28,EQIX,10.92,9076000000.0,69.9,None,1.037,144.18,26613000,None,119267000,119267000,-15485000,-35573000,None,None,-4153000,None,None,None,27000,23956000,None,158354000,158354000,22557000,None,None,17237000,None,None,74964000,16912000,18.33,0.0242,None,None,None,0.229,0.2859,-2959000,72005000,3.6,2006-03-31,46.95,21654000,4570000000.0,62703000,-42069000,543000,21654000,21654000,None,8880000,None,None,None,None,239744000,None,None,-5070000,None,None,None,0.218,12791000,99476000,-36773000,3103000,38866000,None,None,None,None,None,None,None,2.668,5.26,8.26,None,None,None,None,None,None,None,0.118,None,438790000,2025-10-29,quarterly,3.8859,USD,post-market,None,-547047000,0.032,0.077,0.066,93.04,65662000,269744000,30000000,52105000,807.26,783.28,7.9417,680997000,191712000,91423000,392324000,489285000,300901000,221057000,288673000,69.9,None,943.1,689.25
2025-12-28,EQIX,10.92,9076000000.0,69.9,None,1.037,144.18,57219000,None,119267000,119267000,127949000,-69759000,None,None,-100578000,None,None,None,27000,23956000,None,158354000,158354000,22557000,None,None,17237000,None,None,74964000,21929000,18.33,0.0242,None,None,None,0.229,0.2859,-2959000,72005000,3.6,2005-12-31,46.95,21654000,4570000000.0,62703000,-42069000,543000,21654000,21654000,None,8880000,None,None,None,None,239744000,None,None,-32604000,None,None,None,0.218,18559000,99476000,-36773000,3103000,38866000,None,None,None,None,None,None,None,2.668,5.26,8.26,None,None,None,None,None,None,None,0.118,None,438790000,2025-10-29,quarterly,3.8859,USD,post-market,None,-547047000,0.032,0.077,0.066,93.04,65662000,269744000,30000000,52105000,807.26,783.28,7.9417,680997000,191712000,91423000,392324000,489285000,300901000,221057000,288673000,69.9,None,943.1,689.25
2025-12-28,EQIX,10.92,9076000000.0,69.9,None,1.037,144.18,41806000,None,119267000,119267000,3042000,-43075000,None,None,None,None,None,None,27000,23956000,None,158354000,158354000,22557000,None,None,17237000,None,None,74964000,17334000,18.33,0.0242,None,None,None,0.229,0.2859,-2959000,72005000,3.6,2005-09-30,46.95,21654000,4570000000.0,62703000,-42069000,543000,21654000,21654000,None,8880000,None,None,None,None,239744000,None,None,-783000,None,None,None,0.218,15494000,99476000,-36773000,3103000,38866000,None,None,None,None,None,None,None,2.668,5.26,8.26,None,None,None,None,None,None,None,0.118,None,438790000,2025-10-29,quarterly,3.8859,USD,post-market,None,-547047000,0.032,0.077,0.066,93.04,65662000,269744000,30000000,52105000,807.26,783.28,7.9417,680997000,191712000,91423000,392324000,489285000,300901000,221057000,288673000,69.9,None,943.1,689.25
2025-12-28,EQIX,10.92,9076000000.0,69.9,None,1.037,144.18,3066000000,None,119267000,119267000,1723000000,-3937000000,None,None,None,None,None,None,27000,23956000,None,158354000,158354000,22557000,None,None,17237000,None,None,74964000,2009000000,18.33,0.0242,1643000000,1643000000,None,0.229,0.2859,-2959000,72005000,3.6,2024-12-31,46.95,21654000,4570000000.0,62703000,-42069000,543000,21654000,21654000,None,8880000,None,None,None,None,239744000,None,None,814000000,None,None,None,0.218,3249000000,99476000,-36773000,3103000,38866000,None,None,None,None,None,None,None,2.668,5.26,8.26,None,None,None,None,None,None,None,0.118,None,438790000,2025-10-29,annual,3.8859,USD,post-market,None,-547047000,0.032,0.077,0.066,93.04,65662000,269744000,30000000,52105000,807.26,783.28,7.9417,680997000,191712000,91423000,392324000,489285000,300901000,221057000,288673000,69.9,None,943.1,689.25
2025-12-28,EQIX,10.92,9076000000.0,69.9,None,1.037,144.18,2781018000,None,119267000,119267000,59907000,-3224364000,None,None,None,None,None,None,27000,23956000,None,158354000,158354000,22557000,None,None,17237000,None,None,74964000,1843665000,18.33,0.0242,1374168000,1374168000,None,0.229,0.2859,-2959000,72005000,3.6,2023-12-31,46.95,21654000,4570000000.0,62703000,-42069000,543000,21654000,21654000,None,8880000,None,None,None,None,239744000,None,None,969178000,None,None,None,0.218,3343134000,99476000,-36773000,3103000,38866000,None,None,None,None,None,None,None,2.668,5.26,8.26,None,None,None,None,None,-1952774000,None,0.118,None,438790000,2025-10-29,annual,3.8859,USD,post-market,None,-547047000,0.032,0.077,0.066,93.04,65662000,269744000,30000000,52105000,807.26,783.28,7.9417,680997000,191712000,91423000,392324000,489285000,300901000,221057000,288673000,69.9,None,943.1,689.25
2025-12-28,EQIX,10.92,9076000000.0,69.9,None,1.037,144.18,2278004000,None,119267000,119267000,856766000,-3362953000,456995000,None,None,None,None,-153415000,27000,23956000,None,158354000,158354000,22557000,None,None,17237000,None,None,74964000,1739374000,18.33,0.0242,1151459000,1151459000,None,0.229,0.2859,-2959000,72005000,3.6,2022-12-31,46.95,21654000,4570000000.0,62703000,-42069000,543000,21654000,21654000,None,8880000,None,None,None,None,239744000,None,None,704577000,None,None,None,0.218,2963182000,99476000,-36773000,3103000,38866000,None,None,None,None,None,None,None,2.668,5.26,8.26,None,None,None,None,None,877561000,None,0.118,None,438790000,2025-10-29,annual,3.8859,USD,post-market,None,-547047000,0.032,0.077,0.066,93.04,65662000,269744000,30000000,52105000,807.26,783.28,7.9417,680997000,191712000,91423000,392324000,489285000,300901000,221057000,288673000,69.9,None,943.1,689.25
2025-12-28,EQIX,10.92,9076000000.0,69.9,None,1.037,144.18,2751512000,None,119267000,119267000,413765000,-3006738000,-45767000,None,-64596000,None,None,-1873000,27000,23956000,None,158354000,158354000,22557000,None,None,17237000,None,None,74964000,1660524000,18.33,0.0242,1042909000,1042909000,None,0.229,0.2859,-2959000,72005000,3.6,2021-12-31,46.95,21654000,4570000000.0,62703000,-42069000,543000,21654000,21654000,None,8880000,None,None,None,None,239744000,None,None,499728000,None,None,None,0.218,2547206000,99476000,-36773000,3103000,38866000,None,None,None,None,None,None,None,2.668,5.26,8.26,None,None,None,None,None,3956290000,None,0.118,None,438790000,2025-10-29,annual,3.8859,USD,post-market,None,-547047000,0.032,0.077,0.066,93.04,65662000,269744000,30000000,52105000,807.26,783.28,7.9417,680997000,191712000,91423000,392324000,489285000,300901000,221057000,288673000,69.9,None,943.1,689.25
2025-12-28,EQIX,10.92,9076000000.0,69.9,None,1.037,144.18,2282504000,None,119267000,119267000,815526000,-3426972000,-301620000,None,10787000,None,None,25412000,27000,23956000,None,158354000,158354000,22557000,None,None,17237000,None,None,74964000,1427010000,18.33,0.0242,947933000,947933000,None,0.229,0.2859,-2959000,72005000,3.6,2020-12-31,46.95,21654000,4570000000.0,62703000,-42069000,543000,21654000,21654000,None,8880000,None,None,None,None,239744000,None,None,370074000,None,None,None,0.218,2309826000,99476000,-36773000,3103000,38866000,None,None,None,None,None,None,None,2.668,5.26,8.26,None,None,None,None,None,5244535000,None,0.118,None,438790000,2025-10-29,annual,3.8859,USD,post-market,None,-547047000,0.032,0.077,0.066,93.04,65662000,269744000,30000000,52105000,807.26,783.28,7.9417,680997000,191712000,91423000,392324000,489285000,300901000,221057000,288673000,69.9,None,943.1,689.25
2025-12-28,EQIX,10.92,9076000000.0,69.9,None,1.037,144.18,2079521000,None,119267000,119267000,1202082000,-1944567000,1250243000,None,-3060000,None,None,-26909000,27000,23956000,None,158354000,158354000,22557000,None,None,17237000,None,None,74964000,1285296000,18.33,0.0242,836164000,836164000,None,0.229,0.2859,-2959000,72005000,3.6,2019-12-31,46.95,21654000,4570000000.0,62703000,-42069000,543000,21654000,21654000,None,8880000,None,None,None,None,239744000,None,None,507245000,None,None,None,0.218,1992728000,99476000,-36773000,3103000,38866000,None,None,None,None,None,None,None,2.668,5.26,8.26,None,None,None,None,None,2849924000,None,0.118,None,438790000,2025-10-29,annual,3.8859,USD,post-market,None,-547047000,0.032,0.077,0.066,93.04,65662000,269744000,30000000,52105000,807.26,783.28,7.9417,680997000,191712000,91423000,392324000,489285000,300901000,221057000,288673000,69.9,None,943.1,689.25
2025-12-28,EQIX,10.92,9076000000.0,69.9,None,1.037,144.18,2096174000,None,119267000,119267000,470912000,-3075528000,-789190000,None,-15910000,None,None,-52931000,27000,23956000,None,158354000,158354000,22557000,None,None,17237000,None,None,74964000,1226741000,18.33,0.0242,738600000,738600000,None,0.229,0.2859,-2959000,72005000,3.6,2018-12-31,46.95,21654000,4570000000.0,62703000,-42069000,543000,21654000,21654000,None,8880000,None,None,None,None,239744000,None,None,365359000,None,None,None,0.218,1815426000,99476000,-36773000,3103000,38866000,None,None,None,None,None,None,None,2.668,5.26,8.26,None,None,None,None,None,1404636000,None,0.118,None,438790000,2025-10-29,annual,3.8859,USD,post-market,None,-547047000,0.032,0.077,0.066,93.04,65662000,269744000,30000000,52105000,807.26,783.28,7.9417,680997000,191712000,91423000,392324000,489285000,300901000,221057000,288673000,69.9,None,943.1,689.25
2025-12-28,EQIX,10.92,9076000000.0,69.9,None,1.037,144.18,1378725000,None,119267000,119267000,4607860000,-5400826000,646267000,None,0,None,None,-161774000,27000,23956000,None,158354000,158354000,22557000,None,None,17237000,None,None,74964000,1028892000,18.33,0.0242,621497000,621497000,None,0.229,0.2859,-2959000,72005000,3.6,2017-12-31,46.95,21654000,4570000000.0,62703000,-42069000,543000,21654000,21654000,None,8880000,None,None,None,None,239744000,None,None,232982000,None,None,None,0.218,1439233000,99476000,-36773000,3103000,38866000,None,None,None,None,None,None,None,2.668,5.26,8.26,None,None,None,None,None,5727273000,None,0.118,None,438790000,2025-10-29,annual,3.8859,USD,post-market,None,-547047000,0.032,0.077,0.066,93.04,65662000,269744000,30000000,52105000,807.26,783.28,7.9417,680997000,191712000,91423000,392324000,489285000,300901000,221057000,288673000,69.9,None,943.1,689.25
2025-12-28,EQIX,10.92,9076000000.0,69.9,None,1.037,144.18,1113365000,None,119267000,119267000,-897065000,-2045668000,-1480362000,-10495000,-123389000,None,None,-100230000,27000,23956000,None,158354000,158354000,22557000,None,None,17237000,None,None,74964000,837207000,18.33,0.0242,499463000,499463000,None,0.229,0.2859,-2959000,72005000,3.6,2016-12-31,46.95,21654000,4570000000.0,62703000,-42069000,543000,21654000,21654000,None,8880000,None,None,None,None,239744000,None,None,126800000,None,None,None,0.218,1019353000,99476000,-36773000,3103000,38866000,None,None,None,None,None,None,None,2.668,5.26,8.26,None,None,None,None,None,34179000,None,0.118,None,438790000,2025-10-29,annual,3.8859,USD,post-market,None,-547047000,0.032,0.077,0.066,93.04,65662000,269744000,30000000,52105000,807.26,783.28,7.9417,680997000,191712000,91423000,392324000,489285000,300901000,221057000,288673000,69.9,None,943.1,689.25
2025-12-28,EQIX,10.92,9076000000.0,69.9,None,1.037,144.18,868120000,None,119267000,119267000,1873182000,-1134927000,1617921000,-15127000,0,None,None,-44583000,27000,23956000,None,158354000,158354000,22557000,None,None,17237000,None,None,74964000,528929000,18.33,0.0242,521461000,521461000,None,0.229,0.2859,-2959000,72005000,3.6,2015-12-31,46.95,21654000,4570000000.0,62703000,-42069000,543000,21654000,21654000,None,8880000,None,None,None,None,239744000,None,None,187774000,None,None,None,0.218,894793000,99476000,-36773000,3103000,38866000,None,None,None,None,None,None,None,2.668,5.26,8.26,None,None,None,None,None,2327148000,None,0.118,None,438790000,2025-10-29,annual,3.8859,USD,post-market,None,-547047000,0.032,0.077,0.066,93.04,65662000,269744000,30000000,52105000,807.26,783.28,7.9417,680997000,191712000,91423000,392324000,489285000,300901000,221057000,288673000,69.9,None,943.1,689.25
2025-12-28,EQIX,10.92,9076000000.0,69.9,None,1.037,144.18,660203000,None,119267000,119267000,107401000,-435839000,349023000,-11959000,0,None,None,-101966000,27000,23956000,None,158354000,158354000,22557000,None,None,17237000,None,None,74964000,484129000,18.33,0.0242,83266000,83266000,None,0.229,0.2859,-2959000,72005000,3.6,2014-12-31,46.95,21654000,4570000000.0,62703000,-42069000,543000,21654000,21654000,None,8880000,None,None,None,None,239744000,None,None,-260726000,None,None,None,0.218,689420000,99476000,-36773000,3103000,38866000,None,None,None,None,None,None,None,2.668,5.26,8.26,None,None,None,None,None,-297958000,None,0.118,None,438790000,2025-10-29,annual,3.8859,USD,post-market,None,-547047000,0.032,0.077,0.066,93.04,65662000,269744000,30000000,52105000,807.26,783.28,7.9417,680997000,191712000,91423000,392324000,489285000,300901000,221057000,288673000,69.9,None,943.1,689.25
2025-12-28,EQIX,10.92,9076000000.0,69.9,None,1.037,144.18,572406000,None,119267000,119267000,574907000,-1169313000,9681000,-521000,0,None,None,-27956000,27000,23956000,None,158354000,158354000,22557000,None,None,17237000,None,None,74964000,431008000,18.33,0.0242,0,0,None,0.229,0.2859,-2959000,72005000,3.6,2013-12-31,46.95,21654000,4570000000.0,62703000,-42069000,543000,21654000,21654000,None,8880000,None,None,None,None,239744000,None,None,96123000,None,None,None,0.218,604608000,99476000,-36773000,3103000,38866000,None,None,None,None,None,None,None,2.668,5.26,8.26,None,None,None,None,None,-48799000,None,0.118,None,438790000,2025-10-29,annual,3.8859,USD,post-market,None,-547047000,0.032,0.077,0.066,93.04,65662000,269744000,30000000,52105000,807.26,783.28,7.9417,680997000,191712000,91423000,392324000,489285000,300901000,221057000,288673000,69.9,None,943.1,689.25
2025-12-28,EQIX,10.92,9076000000.0,69.9,None,1.037,144.18,764500000,None,119267000,119267000,-222721000,-442873000,-26610000,6958000,0,None,None,-26601000,27000,23956000,None,158354000,158354000,22557000,None,None,17237000,None,None,74964000,401946000,18.33,0.0242,0,0,None,0.229,0.2859,-2959000,72005000,3.6,2012-12-31,46.95,21654000,4570000000.0,62703000,-42069000,543000,21654000,21654000,None,8880000,None,None,None,None,239744000,None,None,147782000,None,None,None,0.218,632026000,99476000,-36773000,3103000,38866000,None,None,None,None,None,None,None,2.668,5.26,8.26,None,None,None,None,None,-13364000,None,0.118,None,438790000,2025-10-29,annual,3.8859,USD,post-market,None,-547047000,0.032,0.077,0.066,93.04,65662000,269744000,30000000,52105000,807.26,783.28,7.9417,680997000,191712000,91423000,392324000,489285000,300901000,221057000,288673000,69.9,None,943.1,689.25
2025-12-28,EQIX,10.92,9076000000.0,69.9,None,1.037,144.18,713398000,None,119267000,119267000,748728000,-1499101000,-164018000,-911000,7409000,None,None,-23061000,27000,23956000,None,158354000,158354000,22557000,None,None,17237000,None,None,74964000,352653000,18.33,0.0242,806443000,806443000,None,0.229,0.2859,-2959000,72005000,3.6,2011-12-31,46.95,21654000,4570000000.0,62703000,-42069000,543000,21654000,21654000,None,8880000,None,None,None,None,239744000,None,None,92610000,None,None,None,0.218,587266000,99476000,-36773000,3103000,38866000,None,None,None,None,None,None,None,2.668,5.26,8.26,None,None,None,None,None,-86666000,None,0.118,None,438790000,2025-10-29,annual,3.8859,USD,post-market,None,-547047000,0.032,0.077,0.066,93.04,65662000,269744000,30000000,52105000,807.26,783.28,7.9417,680997000,191712000,91423000,392324000,489285000,300901000,221057000,288673000,69.9,None,943.1,689.25
2025-12-28,EQIX,10.92,9076000000.0,69.9,None,1.037,144.18,594258000,None,119267000,119267000,309686000,-600969000,96785000,-4804000,0,None,None,-39886000,27000,23956000,None,158354000,158354000,22557000,None,None,17237000,None,None,74964000,260176000,18.33,0.0242,0,0,None,0.229,0.2859,-2959000,72005000,3.6,2010-12-31,46.95,21654000,4570000000.0,62703000,-42069000,543000,21654000,21654000,None,8880000,None,None,None,None,239744000,None,None,36881000,None,None,None,0.218,392872000,99476000,-36773000,3103000,38866000,None,None,None,None,None,None,None,2.668,5.26,8.26,None,None,None,None,None,39817000,None,0.118,None,438790000,2025-10-29,annual,3.8859,USD,post-market,None,-547047000,0.032,0.077,0.066,93.04,65662000,269744000,30000000,52105000,807.26,783.28,7.9417,680997000,191712000,91423000,392324000,489285000,300901000,221057000,288673000,69.9,None,943.1,689.25
2025-12-28,EQIX,10.92,9076000000.0,69.9,None,1.037,144.18,369542000,None,119267000,119267000,323598000,-558178000,None,None,27981000,None,None,None,27000,23956000,None,158354000,158354000,22557000,None,None,17237000,None,None,74964000,173530000,18.33,0.0242,None,None,None,0.229,0.2859,-2959000,72005000,3.6,2009-12-31,46.95,21654000,4570000000.0,62703000,-42069000,543000,21654000,21654000,None,8880000,None,None,None,None,239744000,None,None,69431000,None,None,None,0.218,355492000,99476000,-36773000,3103000,38866000,None,None,None,None,None,None,None,2.668,5.26,8.26,None,None,None,None,None,None,None,0.118,None,438790000,2025-10-29,annual,3.8859,USD,post-market,None,-547047000,0.032,0.077,0.066,93.04,65662000,269744000,30000000,52105000,807.26,783.28,7.9417,680997000,191712000,91423000,392324000,489285000,300901000,221057000,288673000,69.9,None,943.1,689.25
2025-12-28,EQIX,10.92,9076000000.0,69.9,None,1.037,144.18,471128000,None,119267000,119267000,143690000,-486724000,None,None,-113830000,None,None,None,27000,23956000,None,158354000,158354000,22557000,None,None,17237000,None,None,74964000,158907000,18.33,0.0242,None,None,None,0.229,0.2859,-2959000,72005000,3.6,2008-12-31,46.95,21654000,4570000000.0,62703000,-42069000,543000,21654000,21654000,None,8880000,None,None,None,None,239744000,None,None,131538000,None,None,None,0.218,267558000,99476000,-36773000,3103000,38866000,None,None,None,None,None,None,None,2.668,5.26,8.26,None,None,None,None,None,None,None,0.118,None,438790000,2025-10-29,annual,3.8859,USD,post-market,None,-547047000,0.032,0.077,0.066,93.04,65662000,269744000,30000000,52105000,807.26,783.28,7.9417,680997000,191712000,91423000,392324000,489285000,300901000,221057000,288673000,69.9,None,943.1,689.25
2025-12-28,EQIX,10.92,9076000000.0,69.9,None,1.037,144.18,537341000,None,119267000,119267000,1145013000,-1054725000,None,None,-7204000,None,None,None,27000,23956000,None,158354000,158354000,22557000,None,None,17237000,None,None,74964000,103307000,18.33,0.0242,None,None,None,0.229,0.2859,-2959000,72005000,3.6,2007-12-31,46.95,21654000,4570000000.0,62703000,-42069000,543000,21654000,21654000,None,8880000,None,None,None,None,239744000,None,None,-5188000,None,None,None,0.218,120020000,99476000,-36773000,3103000,38866000,None,None,None,None,None,None,None,2.668,5.26,8.26,None,None,None,None,None,None,None,0.118,None,438790000,2025-10-29,annual,3.8859,USD,post-market,None,-547047000,0.032,0.077,0.066,93.04,65662000,269744000,30000000,52105000,807.26,783.28,7.9417,680997000,191712000,91423000,392324000,489285000,300901000,221057000,288673000,69.9,None,943.1,689.25
2025-12-28,EQIX,10.92,9076000000.0,69.9,None,1.037,144.18,162291000,None,119267000,119267000,46107000,-158470000,None,None,-16078000,None,None,None,27000,23956000,None,158354000,158354000,22557000,None,None,17237000,None,None,74964000,72778000,18.33,0.0242,None,None,None,0.229,0.2859,-2959000,72005000,3.6,2006-12-31,46.95,21654000,4570000000.0,62703000,-42069000,543000,21654000,21654000,None,8880000,None,None,None,None,239744000,None,None,-6397000,None,None,None,0.218,75412000,99476000,-36773000,3103000,38866000,None,None,None,None,None,None,None,2.668,5.26,8.26,None,None,None,None,None,None,None,0.118,None,438790000,2025-10-29,annual,3.8859,USD,post-market,None,-547047000,0.032,0.077,0.066,93.04,65662000,269744000,30000000,52105000,807.26,783.28,7.9417,680997000,191712000,91423000,392324000,489285000,300901000,221057000,288673000,69.9,None,943.1,689.25
2025-12-28,EQIX,10.92,9076000000.0,69.9,None,1.037,144.18,45412000,None,119267000,119267000,134611000,-108722000,None,None,-98213000,None,None,None,27000,23956000,None,158354000,158354000,22557000,None,None,17237000,None,None,74964000,74964000,18.33,0.0242,None,None,None,0.229,0.2859,-2959000,72005000,3.6,2005-12-31,46.95,21654000,4570000000.0,62703000,-42069000,543000,21654000,21654000,None,8880000,None,None,None,None,239744000,None,None,-42612000,None,None,None,0.218,67595000,99476000,-36773000,3103000,38866000,None,None,None,None,None,None,None,2.668,5.26,8.26,None,None,None,None,None,None,None,0.118,None,438790000,2025-10-29,annual,3.8859,USD,post-market,None,-547047000,0.032,0.077,0.066,93.04,65662000,269744000,30000000,52105000,807.26,783.28,7.9417,680997000,191712000,91423000,392324000,489285000,300901000,221057000,288673000,69.9,None,943.1,689.25
