date,symbol,eps,revenue_ttm,pe_ratio,accumulateddepreciationamortizationppe,beta,book_value,capitalexpenditures,capitalleaseobligations,cashandcashequivalentsatcarryingvalue,cashandshortterminvestments,cashflowfromfinancing,cashflowfrominvestment,changeincashandcashequivalents,changeinexchangerate,changeininventory,changeinoperatingassets,changeinoperatingliabilities,changeinreceivables,commonstock,commonstocksharesoutstanding,comprehensiveincomenetoftax,costofgoodsandservicessold,costofrevenue,currentaccountspayable,currentdebt,currentlongtermdebt,currentnetreceivables,deferredrevenue,depreciation,depreciationandamortization,depreciationdepletionandamortization,dividend_per_share,dividend_yield,dividendpayout,dividendpayoutcommonstock,dividendpayoutpreferredstock,earnings_growth_yoy,earnings_surprise,ebit,ebitda,estimated_eps,fiscaldateending,forward_pe,goodwill,gross_profit_ttm,grossprofit,incomebeforetax,incometaxexpense,intangibleassets,intangibleassetsexcludinggoodwill,interestanddebtexpense,interestexpense,interestincome,inventory,investmentincomenet,investments,longtermdebt,longtermdebtnoncurrent,longterminvestments,netincome,netincomefromcontinuingoperations,netinterestincome,noninterestincome,operating_margin_ttm,operatingcashflow,operatingexpenses,operatingincome,othercurrentassets,othercurrentliabilities,othernoncurrentassets,othernoncurrentliabilities,othernonoperatingincome,paymentsforoperatingactivities,paymentsforrepurchaseofcommonstock,paymentsforrepurchaseofequity,paymentsforrepurchaseofpreferredstock,peg_ratio,price_to_book,price_to_sales_ttm,proceedsfromissuanceofcommonstock,proceedsfromissuanceoflongtermdebtandcapitalsecuritiesnet,proceedsfromissuanceofpreferredstock,proceedsfromoperatingactivities,proceedsfromrepaymentsofshorttermdebt,proceedsfromrepurchaseofequity,proceedsfromsaleoftreasurystock,profit_margin,profitloss,propertyplantequipment,report_date,report_type,reported_eps,reportedcurrency,reporttime,researchanddevelopment,retainedearnings,return_on_assets_ttm,return_on_equity_ttm,revenue_growth_yoy,revenue_per_share_ttm,sellinggeneralandadministrative,shortlongtermdebttotal,shorttermdebt,shortterminvestments,sma_200,sma_50,surprise_pct,totalassets,totalcurrentassets,totalcurrentliabilities,totalliabilities,totalnoncurrentassets,totalnoncurrentliabilities,totalrevenue,totalshareholderequity,trailing_pe,treasurystock,week_52_high,week_52_low
1996-03-31,ETN,,,,,,,,,,,,,,,,,,,,,,,,,,,,,,,,,,,,,,0.0,,,0.32,,,,,,,,,,,,,,,,,,,,,,,,,,,,,,,,,,,,,,,,,,,,,,,,,1996-04-18,,0.32,,pre-market,,,,,,,,,,,,,0.0,,,,,,,,,,,,
1996-06-30,ETN,,,,,,,,,,,,,,,,,,,,,,,,,,,,,,,,,,,,,,0.01,,,0.32,,,,,,,,,,,,,,,,,,,,,,,,,,,,,,,,,,,,,,,,,,,,,,,,,1996-07-15,,0.33,,pre-market,,,,,,,,,,,,,3.125,,,,,,,,,,,,
1996-09-30,ETN,,,,,,,,,,,,,,,,,,,,,,,,,,,,,,,,,,,,,,0.0,,,0.28,,,,,,,,,,,,,,,,,,,,,,,,,,,,,,,,,,,,,,,,,,,,,,,,,1996-10-14,,0.28,,pre-market,,,,,,,,,,,,,0.0,,,,,,,,,,,,
1996-12-31,ETN,,,,,,,,,,,,,,,,,,,,,,,,,,,,,,,,,,,,,,0.05,,,0.24,,,,,,,,,,,,,,,,,,,,,,,,,,,,,,,,,,,,,,,,,,,,,,,,,1997-01-20,,0.29,,pre-market,,,,,,,,,,,,,20.8333,,,,,,,,,,,,
1997-03-31,ETN,,,,,,,,,,,,,,,,,,,,,,,,,,,,,,,,,,,,,,0.03,,,0.3,,,,,,,,,,,,,,,,,,,,,,,,,,,,,,,,,,,,,,,,,,,,,,,,,1997-04-14,,0.33,,pre-market,,,,,,,,,,,,,10.0,,,,,,,,,,,,
1997-06-30,ETN,,,,,,,,,,,,,,,,,,,,,,,,,,,,,,,,,,,,,,0.05,,,0.36,,,,,,,,,,,,,,,,,,,,,,,,,,,,,,,,,,,,,,,,,,,,,,,,,1997-07-14,,0.41,,pre-market,,,,,,,,,,,,,13.8889,,,,,,,,,,,,
1997-09-30,ETN,,,,,,,,,,,,,,,,,,,,,,,,,,,,,,,,,,,,,,0.1,,,0.35,,,,,,,,,,,,,,,,,,,,,,,,,,,,,,,,,,,,,,,,,,,,,,,,,1997-10-13,,0.45,,pre-market,,,,,,,,,,,,,28.5714,,,,,,,,,,,,
1997-12-31,ETN,,,,,,,,,,,,,,,,,,,,,,,,,,,,,,,,,,,,,,0.17,,,0.42,,,,,,,,,,,,,,,,,,,,,,,,,,,,,,,,,,,,,,,,,,,,,,,,,1998-01-20,,0.59,,pre-market,,,,,,,,,,,,,40.4762,,,,,,,,,,,,
1998-03-31,ETN,,,,,,,,,,,,,,,,,,,,,,,,,,,,,,,,,,,,,,-0.02,,,0.38,,,,,,,,,,,,,,,,,,,,,,,,,,,,,,,,,,,,,,,,,,,,,,,,,1998-04-15,,0.36,,pre-market,,,,,,,,,,,,,-5.2632,,,,,,,,,,,,
1998-06-30,ETN,,,,,,,,,,,,,,,,,,,,,,,,,,,,,,,,,,,,,,0.0,,,0.4,,,,,,,,,,,,,,,,,,,,,,,,,,,,,,,,,,,,,,,,,,,,,,,,,1998-07-14,,0.4,,pre-market,,,,,,,,,,,,,0.0,,,,,,,,,,,,
1998-09-30,ETN,,,,,,,,,,,,,,,,,,,,,,,,,,,,,,,,,,,,,,0.0,,,0.3,,,,,,,,,,,,,,,,,,,,,,,,,,,,,,,,,,,,,,,,,,,,,,,,,1998-10-13,,0.3,,pre-market,,,,,,,,,,,,,0.0,,,,,,,,,,,,
1998-12-31,ETN,,,,,,,,,,,,,,,,,,,,,,,,,,,,,,,,,,,,,,0.0,,,0.29,,,,,,,,,,,,,,,,,,,,,,,,,,,,,,,,,,,,,,,,,,,,,,,,,1999-01-20,,0.29,,pre-market,,,,,,,,,,,,,0.0,,,,,,,,,,,,
1999-03-31,ETN,,,,,,,,,,,,,,,,,,,,,,,,,,,,,,,,,,,,,,-0.02,,,0.32,,,,,,,,,,,,,,,,,,,,,,,,,,,,,,,,,,,,,,,,,,,,,,,,,1999-04-15,,0.3,,pre-market,,,,,,,,,,,,,-6.25,,,,,,,,,,,,
1999-06-30,ETN,,,,,,,,,,,,,,,,,,,,,,,,,,,,,,,,,,,,,,0.04,,,0.39,,,,,,,,,,,,,,,,,,,,,,,,,,,,,,,,,,,,,,,,,,,,,,,,,1999-07-19,,0.43,,pre-market,,,,,,,,,,,,,10.2564,,,,,,,,,,,,
1999-09-30,ETN,,,,,,,,,,,,,,,,,,,,,,,,,,,,,,,,,,,,,,-0.02,,,0.38,,,,,,,,,,,,,,,,,,,,,,,,,,,,,,,,,,,,,,,,,,,,,,,,,1999-10-19,,0.36,,pre-market,,,,,,,,,,,,,-5.2632,,,,,,,,,,,,
1999-12-31,ETN,,,,,,,,,,,,,,,,,,,,,,,,,,,,,,,,,,,,,,0.01,,,0.39,,,,,,,,,,,,,,,,,,,,,,,,,,,,,,,,,,,,,,,,,,,,,,,,,2000-01-24,,0.4,,pre-market,,,,,,,,,,,,,2.5641,,,,,,,,,,,,
2000-03-31,ETN,,,,,,,,,,,,,,,,,,,,,,,,,,,,,,,,,,,,,,0.02,,,0.42,,,,,,,,,,,,,,,,,,,,,,,,,,,,,,,,,,,,,,,,,,,,,,,,,2000-04-17,,0.44,,pre-market,,,,,,,,,,,,,4.7619,,,,,,,,,,,,
2000-06-30,ETN,,,,,,,,,,,,,,,,,,,,,,,,,,,,,,,,,,,,,,0.01,,,0.48,,,,,,,,,,,,,,,,,,,,,,,,,,,,,,,,,,,,,,,,,,,,,,,,,2000-07-17,,0.49,,pre-market,,,,,,,,,,,,,2.0833,,,,,,,,,,,,
2000-09-30,ETN,,,,,,,,,,,,,,,,,,,,,,,,,,,,,,,,,,,,,,0.02,,,0.33,,,,,,,,,,,,,,,,,,,,,,,,,,,,,,,,,,,,,,,,,,,,,,,,,2000-10-16,,0.35,,pre-market,,,,,,,,,,,,,6.0606,,,,,,,,,,,,
2000-12-31,ETN,,,,,,,,,,,,,,,,,,,,,,,,,,,,,,,,,,,,,,-0.01,,,0.36,,,,,,,,,,,,,,,,,,,,,,,,,,,,,,,,,,,,,,,,,,,,,,,,,2001-01-22,,0.35,,pre-market,,,,,,,,,,,,,-2.7778,,,,,,,,,,,,
2001-03-31,ETN,,,,,,,,,,,,,,,,,,,,,,,,,,,,,,,,,,,,,,0.02,,,0.24,,,,,,,,,,,,,,,,,,,,,,,,,,,,,,,,,,,,,,,,,,,,,,,,,2001-04-16,,0.26,,pre-market,,,,,,,,,,,,,8.3333,,,,,,,,,,,,
2001-06-30,ETN,,,,,,,,,,,,,,,,,,,,,,,,,,,,,,,,,,,,,,0.02,,,0.22,,,,,,,,,,,,,,,,,,,,,,,,,,,,,,,,,,,,,,,,,,,,,,,,,2001-07-16,,0.24,,pre-market,,,,,,,,,,,,,9.0909,,,,,,,,,,,,
2001-09-30,ETN,,,,,,,,,,,,,,,,,,,,,,,,,,,,,,,,,,,,,,0.01,,,0.16,,,,,,,,,,,,,,,,,,,,,,,,,,,,,,,,,,,,,,,,,,,,,,,,,2001-10-15,,0.17,,pre-market,,,,,,,,,,,,,6.25,,,,,,,,,,,,
2001-12-31,ETN,,,,,,,,,,,,,,,,,,,,,,,,,,,,,,,,,,,,,,0.01,,,0.15,,,,,,,,,,,,,,,,,,,,,,,,,,,,,,,,,,,,,,,,,,,,,,,,,2002-01-22,,0.16,,pre-market,,,,,,,,,,,,,6.6667,,,,,,,,,,,,
2002-03-31,ETN,,,,,,,,,,,,,,,,,,,,,,,,,,,,,,,,,,,,,,0.02,,,0.21,,,,,,,,,,,,,,,,,,,,,,,,,,,,,,,,,,,,,,,,,,,,,,,,,2002-04-15,,0.23,,pre-market,,,,,,,,,,,,,9.5238,,,,,,,,,,,,
2002-06-30,ETN,,,,,,,,,,,,,,,,,,,,,,,,,,,,,,,,,,,,,,0.01,,,0.3,,,,,,,,,,,,,,,,,,,,,,,,,,,,,,,,,,,,,,,,,,,,,,,,,2002-07-15,,0.31,,pre-market,,,,,,,,,,,,,3.3333,,,,,,,,,,,,
2002-09-30,ETN,,,,,,,,,,,,,,,,,,,,,,,,,,,,,,,,,,,,,,0.01,,,0.31,,,,,,,,,,,,,,,,,,,,,,,,,,,,,,,,,,,,,,,,,,,,,,,,,2002-10-14,,0.32,,pre-market,,,,,,,,,,,,,3.2258,,,,,,,,,,,,
2002-12-31,ETN,,,,,,,,,,,,,,,,,,,,,,,,,,,,,,,,,,,,,,0.02,,,0.23,,,,,,,,,,,,,,,,,,,,,,,,,,,,,,,,,,,,,,,,,,,,,,,,,2003-01-21,,0.25,,pre-market,,,,,,,,,,,,,8.6957,,,,,,,,,,,,
2003-03-31,ETN,,,,,,,,,,,,,,,,,,,,,,,,,,,,,,,,,,,,,,0.03,,,0.24,,,,,,,,,,,,,,,,,,,,,,,,,,,,,,,,,,,,,,,,,,,,,,,,,2003-04-14,,0.27,,pre-market,,,,,,,,,,,,,12.5,,,,,,,,,,,,
2003-06-30,ETN,,,,,,,,,,,,,,,,,,,,,,,,,,,,,,,,,,,,,,0.01,,,0.33,,,,,,,,,,,,,,,,,,,,,,,,,,,,,,,,,,,,,,,,,,,,,,,,,2003-07-15,,0.34,,pre-market,,,,,,,,,,,,,3.0303,,,,,,,,,,,,
2003-09-30,ETN,,,,,,,,,,,,,,,,,,,,,,,,,,,,,,,,,,,,,,0.03,,,0.33,,,,,,,,,,,,,,,,,,,,,,,,,,,,,,,,,,,,,,,,,,,,,,,,,2003-10-14,,0.36,,pre-market,,,,,,,,,,,,,9.0909,,,,,,,,,,,,
2003-12-31,ETN,,,,,,,,,,,,,,,,,,,,,,,,,,,,,,,,,,,,,,0.05,,,0.34,,,,,,,,,,,,,,,,,,,,,,,,,,,,,,,,,,,,,,,,,,,,,,,,,2004-01-21,,0.39,,pre-market,,,,,,,,,,,,,14.7059,,,,,,,,,,,,
2004-03-31,ETN,,,,,,,,,,,,,,,,,,,,,,,,,,,,,,,,,,,,,,0.04,,,0.4,,,,,,,,,,,,,,,,,,,,,,,,,,,,,,,,,,,,,,,,,,,,,,,,,2004-04-14,,0.44,,pre-market,,,,,,,,,,,,,10.0,,,,,,,,,,,,
2004-06-30,ETN,,,,,,,,,,,,,,,,,,,,,,,,,,,,,,,,,,,,,,0.02,,,0.51,,,,,,,,,,,,,,,,,,,,,,,,,,,,,,,,,,,,,,,,,,,,,,,,,2004-07-15,,0.53,,pre-market,,,,,,,,,,,,,3.9216,,,,,,,,,,,,
2004-09-30,ETN,,,,,,,,,,,,,,,,,,,,,,,,,,,,,,,,,,,,,,0.0,,,0.56,,,,,,,,,,,,,,,,,,,,,,,,,,,,,,,,,,,,,,,,,,,,,,,,,2004-10-14,,0.56,,pre-market,,,,,,,,,,,,,0.0,,,,,,,,,,,,
2004-12-31,ETN,,,,,,,,,,,,,,,,,,,,,,,,,,,,,,,,,,,,,,0.01,,,0.56,,,,,,,,,,,,,,,,,,,,,,,,,,,,,,,,,,,,,,,,,,,,,,,,,2005-01-24,,0.57,,pre-market,,,,,,,,,,,,,1.7857,,,,,,,,,,,,
2005-03-31,ETN,,,,,,,,,,,,,,,,,,,,,,,,,,,,,,,,,,,,,,0.0,,,0.62,,,,,,,,,,,,,,,,,,,,,,,,,,,,,,,,,,,,,,,,,,,,,,,,,2005-04-14,,0.62,,pre-market,,,,,,,,,,,,,0.0,,,,,,,,,,,,
2005-06-30,ETN,,,,,,,,,,,,,,,,,,,,,,,,,,,,,,,,,,,,,,0.04,,,0.66,,,,,,,,,,,,,,,,,,,,,,,,,,,,,,,,,,,,,,,,,,,,,,,,,2005-07-18,,0.7,,pre-market,,,,,,,,,,,,,6.0606,,,,,,,,,,,,
2005-09-30,ETN,,,,,,,,,,,,,,,,,,,,,,,,,,,,,,,,,,,,,,0.0,,,0.67,,,,,,,,,,,,,,,,,,,,,,,,,,,,,,,,,,,,,,,,,,,,,,,,,2005-10-17,,0.67,,pre-market,,,,,,,,,,,,,0.0,,,,,,,,,,,,
2005-12-31,ETN,,,,,,,,,,,,,,,,,,,,,,,,,,,,,,,,,,,,,,0.04,,,0.68,,,,,,,,,,,,,,,,,,,,,,,,,,,,,,,,,,,,,,,,,,,,,,,,,2006-01-23,,0.72,,pre-market,,,,,,,,,,,,,5.8824,,,,,,,,,,,,
2006-03-31,ETN,,,,,,,,,,,,,,,,,,,,,,,,,,,,,,,,,,,,,,0.03,,,0.67,,,,,,,,,,,,,,,,,,,,,,,,,,,,,,,,,,,,,,,,,,,,,,,,,2006-04-17,,0.7,,pre-market,,,,,,,,,,,,,4.4776,,,,,,,,,,,,
2006-06-30,ETN,,,,,,,,,,,,,,,,,,,,,,,,,,,,,,,,,,,,,,0.02,,,0.82,,,,,,,,,,,,,,,,,,,,,,,,,,,,,,,,,,,,,,,,,,,,,,,,,2006-07-17,,0.84,,pre-market,,,,,,,,,,,,,2.439,,,,,,,,,,,,
2006-09-30,ETN,,,,,,,,,,,,,,,,,,,,,,,,,,,,,,,,,,,,,,0.03,,,0.8,,,,,,,,,,,,,,,,,,,,,,,,,,,,,,,,,,,,,,,,,,,,,,,,,2006-10-16,,0.83,,pre-market,,,,,,,,,,,,,3.75,,,,,,,,,,,,
2006-12-31,ETN,,,,,,,,,,,,,,,,,,,,,,,,,,,,,,,,,,,,,,0.04,,,0.79,,,,,,,,,,,,,,,,,,,,,,,,,,,,,,,,,,,,,,,,,,,,,,,,,2007-01-22,,0.83,,pre-market,,,,,,,,,,,,,5.0633,,,,,,,,,,,,
2007-03-31,ETN,,,,,,,,,,,,,,,,,,,,,,,,,,,,,,,,,,,,,,0.1,,,0.71,,,,,,,,,,,,,,,,,,,,,,,,,,,,,,,,,,,,,,,,,,,,,,,,,2007-04-16,,0.81,,pre-market,,,,,,,,,,,,,14.0845,,,,,,,,,,,,
2007-06-30,ETN,,,,,,,,,,,,,,,,,,,,,,,,,,,,,,,,,,,,,,0.09,,,0.74,,,,,,,,,,,,,,,,,,,,,,,,,,,,,,,,,,,,,,,,,,,,,,,,,2007-07-16,,0.83,,pre-market,,,,,,,,,,,,,12.1622,,,,,,,,,,,,
2007-09-30,ETN,,,,,,,,,,,,,,,,,,,,,,,,,,,,,,,,,,,,,,0.0,,,0.84,,,,,,,,,,,,,,,,,,,,,,,,,,,,,,,,,,,,,,,,,,,,,,,,,2007-10-15,,0.84,,pre-market,,,,,,,,,,,,,0.0,,,,,,,,,,,,
2007-12-31,ETN,,,,,,,,,,,,,,,,,,,,,,,,,,,,,,,,,,,,,,0.02,,,0.86,,,,,,,,,,,,,,,,,,,,,,,,,,,,,,,,,,,,,,,,,,,,,,,,,2008-01-22,,0.88,,pre-market,,,,,,,,,,,,,2.3256,,,,,,,,,,,,
2008-03-31,ETN,,,,,,,,,,,,,,,,,,,,,,,,,,,,,,,,,,,,,,0.01,,,0.83,,,,,,,,,,,,,,,,,,,,,,,,,,,,,,,,,,,,,,,,,,,,,,,,,2008-04-14,,0.84,,post-market,,,,,,,,,,,,,1.2048,,,,,,,,,,,,
2008-06-30,ETN,,,,,,,,,,,,,,,,,,,,,,,,,,,,,,,,,,,,,,0.08,,,0.97,,,,,,,,,,,,,,,,,,,,,,,,,,,,,,,,,,,,,,,,,,,,,,,,,2008-07-15,,1.05,,pre-market,,,,,,,,,,,,,8.2474,,,,,,,,,,,,
2008-09-30,ETN,,,,,,,,,,,,,,,,,,,,,,,,,,,,,,,,,,,,,,0.03,,,0.95,,,,,,,,,,,,,,,,,,,,,,,,,,,,,,,,,,,,,,,,,,,,,,,,,2008-10-20,,0.98,,pre-market,,,,,,,,,,,,,3.1579,,,,,,,,,,,,
2008-12-31,ETN,,,,,,,,,,,,,,,,,,,,,,,,,,,,,,,,,,,,,,0.02,,,0.52,,,,,,,,,,,,,,,,,,,,,,,,,,,,,,,,,,,,,,,,,,,,,,,,,2009-01-26,,0.54,,pre-market,,,,,,,,,,,,,3.8462,,,,,,,,,,,,
2009-03-31,ETN,,,,,,,,,,,,,,,,,,,,,,,,,,,,,,,,,,,,,,0.02,,,-0.13,,,,,,,,,,,,,,,,,,,,,,,,,,,,,,,,,,,,,,,,,,,,,,,,,2009-04-20,,-0.11,,pre-market,,,,,,,,,,,,,15.3846,,,,,,,,,,,,
2009-06-30,ETN,,,,,,,,,,,,,,,,,,,,,,,,,,,,,,,,,,,,,,0.04,,,0.08,,,,,,,,,,,,,,,,,,,,,,,,,,,,,,,,,,,,,,,,,,,,,,,,,2009-07-20,,0.12,,pre-market,,,,,,,,,,,,,50.0,,,,,,,,,,,,
2009-09-30,ETN,,,,,,,,,,,,,,,,,,,,,,,,,,,,,,,,,,,,,,0.15,,,0.46,,,,,,,,,,,,,,,,,,,,,,,,,,,,,,,,,,,,,,,,,,,,,,,,,2009-10-19,,0.61,,pre-market,,,,,,,,,,,,,32.6087,,,,,,,,,,,,
2009-12-31,ETN,,,,,,,,,,,,,,,,,,,,,,,,,,,,,,,,,,,,,,0.06,,,0.62,,,,,,,,,,,,,,,,,,,,,,,,,,,,,,,,,,,,,,,,,,,,,,,,,2010-01-25,,0.68,,pre-market,,,,,,,,,,,,,9.6774,,,,,,,,,,,,
2010-03-31,ETN,,,,,,,,,,,,,,,,,,,,,,,,,,,,,,,,,,,,,,0.06,,,0.42,,,,,,,,,,,,,,,,,,,,,,,,,,,,,,,,,,,,,,,,,,,,,,,,,2010-04-20,,0.48,,pre-market,,,,,,,,,,,,,14.2857,,,,,,,,,,,,
2010-06-30,ETN,,,,,,,,,,,,,,,,,,,,,,,,,,,,,,,,,,,,,,0.1,,,0.58,,,,,,,,,,,,,,,,,,,,,,,,,,,,,,,,,,,,,,,,,,,,,,,,,2010-07-21,,0.68,,pre-market,,,,,,,,,,,,,17.2414,,,,,,,,,,,,
2010-09-30,ETN,,,,,,,,,,,,,,,,,,,,,,,,,,,,,,,,,,,,,,0.11,,,0.69,,,,,,,,,,,,,,,,,,,,,,,,,,,,,,,,,,,,,,,,,,,,,,,,,2010-10-20,,0.8,,pre-market,,,,,,,,,,,,,15.942,,,,,,,,,,,,
2010-12-31,ETN,,,,,,,,,,,,,,,,,,,,,,,,,,,,,,,,,,,,,,0.02,,,0.83,,,,,,,,,,,,,,,,,,,,,,,,,,,,,,,,,,,,,,,,,,,,,,,,,2011-01-27,,0.85,,pre-market,,,,,,,,,,,,,2.4096,,,,,,,,,,,,
2011-03-31,ETN,,,,,,,,,,,,,,,,,,,,,,,,,,,,,,,,,,,,,,0.04,,,0.8,,,,,,,,,,,,,,,,,,,,,,,,,,,,,,,,,,,,,,,,,,,,,,,,,2011-04-20,,0.84,,pre-market,,,,,,,,,,,,,5.0,,,,,,,,,,,,
2011-06-30,ETN,,,,,,,,,,,,,,,,,,,,,,,,,,,,,,,,,,,,,,0.02,,,0.95,,,,,,,,,,,,,,,,,,,,,,,,,,,,,,,,,,,,,,,,,,,,,,,,,2011-07-25,,0.97,,pre-market,,,,,,,,,,,,,2.1053,,,,,,,,,,,,
2011-09-30,ETN,,,,,,,,,,,,,,,,,,,,,,,,,,,,,,,,,,,,,,0.0,,,1.08,,,,,,,,,,,,,,,,,,,,,,,,,,,,,,,,,,,,,,,,,,,,,,,,,2011-10-24,,1.08,,pre-market,,,,,,,,,,,,,0.0,,,,,,,,,,,,
2011-12-31,ETN,,,,,,,,,,,,,,,,,,,,,,,,,,,,,,,,,,,,,,-0.03,,,1.11,,,,,,,,,,,,,,,,,,,,,,,,,,,,,,,,,,,,,,,,,,,,,,,,,2012-01-26,,1.08,,pre-market,,,,,,,,,,,,,-2.7027,,,,,,,,,,,,
2012-03-31,ETN,,,,,,,,,,,,,,,,,,,,,,,,,,,,,,,,,,,,,,0.02,,,0.9,,,,,,,,,,,,,,,,,,,,,,,,,,,,,,,,,,,,,,,,,,,,,,,,,2012-04-23,,0.92,,pre-market,,,,,,,,,,,,,2.2222,,,,,,,,,,,,
2012-06-30,ETN,,,,,,,,,,,,,,,,,,,,,,,,,,,,,,,,,,,,,,0.06,,,1.09,,,,,,,,,,,,,,,,,,,,,,,,,,,,,,,,,,,,,,,,,,,,,,,,,2012-07-23,,1.15,,pre-market,,,,,,,,,,,,,5.5046,,,,,,,,,,,,
2012-09-30,ETN,,,,,,,,,,,,,,,,,,,,,,,,,,,,,,,,,,,,,,-0.04,,,1.11,,,,,,,,,,,,,,,,,,,,,,,,,,,,,,,,,,,,,,,,,,,,,,,,,2012-10-31,,1.07,,pre-market,,,,,,,,,,,,,-3.6036,,,,,,,,,,,,
2012-12-31,ETN,,,,,,,,,,,,,,,,,,,,,,,,,,,,,,,,,,,,,,-0.13,,,0.95,,,,,,,,,,,,,,,,,,,,,,,,,,,,,,,,,,,,,,,,,,,,,,,,,2013-02-05,,0.82,,pre-market,,,,,,,,,,,,,-13.6842,,,,,,,,,,,,
2013-03-31,ETN,,,,,,,,,,,,,,,,,,,,,,,,,,,,,,,,,,,,,,0.05,,,0.79,,,,,,,,,,,,,,,,,,,,,,,,,,,,,,,,,,,,,,,,,,,,,,,,,2013-04-29,,0.84,,pre-market,,,,,,,,,,,,,6.3291,,,,,,,,,,,,
2013-06-30,ETN,,,,,,,,,,,,,,,,,,,,,,,,,,,,,,,,,,,,,,-0.02,,,1.11,,,,,,,,,,,,,,,,,,,,,,,,,,,,,,,,,,,,,,,,,,,,,,,,,2013-08-02,,1.09,,pre-market,,,,,,,,,,,,,-1.8018,,,,,,,,,,,,
2013-09-30,ETN,,,,,,,,,,,,,,,,,,,,,,,,,,,,,,,,,,,,,,0.0,,,1.12,,,,,,,,,,,,,,,,,,,,,,,,,,,,,,,,,,,,,,,,,,,,,,,,,2013-10-25,,1.12,,pre-market,,,,,,,,,,,,,0.0,,,,,,,,,,,,
2013-12-31,ETN,,,,,,,,,,,,,,,,,,,,,,,,,,,,,,,,,,,,,,0.02,,,1.06,,,,,,,,,,,,,,,,,,,,,,,,,,,,,,,,,,,,,,,,,,,,,,,,,2014-02-04,,1.08,,pre-market,,,,,,,,,,,,,1.8868,,,,,,,,,,,,
2014-03-31,ETN,,,,,,,,,,,,,,,,,,,,,,,,,,,,,,,,,,,,,,0.01,,,1.0,,,,,,,,,,,,,,,,,,,,,,,,,,,,,,,,,,,,,,,,,,,,,,,,,2014-04-29,,1.01,,pre-market,,,,,,,,,,,,,1.0,,,,,,,,,,,,
2014-06-30,ETN,,,,,,,,,,,,,,,,,,,,,,,,,,,,,,,,,,,,,,0.0,,,1.11,,,,,,,,,,,,,,,,,,,,,,,,,,,,,,,,,,,,,,,,,,,,,,,,,2014-07-29,,1.11,,pre-market,,,,,,,,,,,,,0.0,,,,,,,,,,,,
2014-09-30,ETN,,,,,,,,,,,,,,,,,,,,,,,,,,,,,,,,,,,,,,0.06,,,1.23,,,,,,,,,,,,,,,,,,,,,,,,,,,,,,,,,,,,,,,,,,,,,,,,,2014-10-29,,1.29,,pre-market,,,,,,,,,,,,,4.878,,,,,,,,,,,,
2014-12-31,ETN,,,,,,,,,,,,,,,,,,,,,,,,,,,,,,,,,,,,,,0.07,,,1.2,,,,,,,,,,,,,,,,,,,,,,,,,,,,,,,,,,,,,,,,,,,,,,,,,2015-02-03,,1.27,,pre-market,,,,,,,,,,,,,5.8333,,,,,,,,,,,,
2015-03-31,ETN,,,,,,,,,,,,,,,,,,,,,,,,,,,,,,,,,,,,,,0.03,,,0.98,,,,,,,,,,,,,,,,,,,,,,,,,,,,,,,,,,,,,,,,,,,,,,,,,2015-04-29,,1.01,,pre-market,,,,,,,,,,,,,3.0612,,,,,,,,,,,,
2015-06-30,ETN,,,,,,,,,,,,,,,,,,,,,,,,,,,,,,,,,,,,,,0.03,,,1.13,,,,,,,,,,,,,,,,,,,,,,,,,,,,,,,,,,,,,,,,,,,,,,,,,2015-07-29,,1.16,,pre-market,,,,,,,,,,,,,2.6549,,,,,,,,,,,,
2015-09-30,ETN,,,,,,,,,,,,,,,,,,,,,,,,,,,,,,,,,,,,,,-0.01,,,0.98,,,,,,,,,,,,,,,,,,,,,,,,,,,,,,,,,,,,,,,,,,,,,,,,,2015-10-30,,0.97,,pre-market,,,,,,,,,,,,,-1.0204,,,,,,,,,,,,
2015-12-31,ETN,,,,,,,,,,,,,,,,,,,,,,,,,,,,,,,,,,,,,,0.07,,,1.1,,,,,,,,,,,,,,,,,,,,,,,,,,,,,,,,,,,,,,,,,,,,,,,,,2016-02-03,,1.17,,pre-market,,,,,,,,,,,,,6.3636,,,,,,,,,,,,
2016-03-31,ETN,,,,,,,,,,,,,,,,,,,,,,,,,,,,,,,,,,,,,,0.03,,,0.85,,,,,,,,,,,,,,,,,,,,,,,,,,,,,,,,,,,,,,,,,,,,,,,,,2016-04-29,,0.88,,pre-market,,,,,,,,,,,,,3.5294,,,,,,,,,,,,
2016-06-30,ETN,,,,,,,,,,,,,,,,,,,,,,,,,,,,,,,,,,,,,,0.0,,,1.07,,,,,,,,,,,,,,,,,,,,,,,,,,,,,,,,,,,,,,,,,,,,,,,,,2016-08-02,,1.07,,pre-market,,,,,,,,,,,,,0.0,,,,,,,,,,,,
2016-09-30,ETN,,,,,,,,,,,,,,,,,,,,,,,,,,,,,,,,,,,,,,0.0,,,1.15,,,,,,,,,,,,,,,,,,,,,,,,,,,,,,,,,,,,,,,,,,,,,,,,,2016-11-01,,1.15,,pre-market,,,,,,,,,,,,,0.0,,,,,,,,,,,,
2016-12-31,ETN,,,,,,,,,,,,,,,,,,,,,,,,,,,,,,,,,,,,,,0.02,,,1.1,,,,,,,,,,,,,,,,,,,,,,,,,,,,,,,,,,,,,,,,,,,,,,,,,2017-02-02,,1.12,,pre-market,,,,,,,,,,,,,1.8182,,,,,,,,,,,,
2017-03-31,ETN,,,,,,,,,,,,,,,,,,,,,,,,,,,,,,,,,,,,,,0.08,,,0.88,,,,,,,,,,,,,,,,,,,,,,,,,,,,,,,,,,,,,,,,,,,,,,,,,2017-05-02,,0.96,,pre-market,,,,,,,,,,,,,9.0909,,,,,,,,,,,,
2017-06-30,ETN,,,,,,,,,,,,,,,,,,,,,,,,,,,,,,,,,,,,,,-0.01,,,1.16,,,,,,,,,,,,,,,,,,,,,,,,,,,,,,,,,,,,,,,,,,,,,,,,,2017-08-01,,1.15,,pre-market,,,,,,,,,,,,,-0.8621,,,,,,,,,,,,
2017-09-30,ETN,,,,,,,,,,,,,,,,,,,,,,,,,,,,,,,,,,,,,,0.0,,,1.25,,,,,,,,,,,,,,,,,,,,,,,,,,,,,,,,,,,,,,,,,,,,,,,,,2017-10-31,,1.25,,pre-market,,,,,,,,,,,,,0.0,,,,,,,,,,,,
2017-12-31,ETN,,,,,,,,,,,,,,,,,,,,,,,,,,,,,,,,,,,,,,0.05,,,1.24,,,,,,,,,,,,,,,,,,,,,,,,,,,,,,,,,,,,,,,,,,,,,,,,,2018-02-01,,1.29,,pre-market,,,,,,,,,,,,,4.0323,,,,,,,,,,,,
2018-03-31,ETN,,,,,,,,,,,,,,,,,,,,,,,,,,,,,,,,,,,,,,0.03,,,1.07,,,,,,,,,,,,,,,,,,,,,,,,,,,,,,,,,,,,,,,,,,,,,,,,,2018-05-01,,1.1,,pre-market,,,,,,,,,,,,,2.8037,,,,,,,,,,,,
2018-06-30,ETN,,,,,,,,,,,,,,,,,,,,,,,,,,,,,,,,,,,,,,0.07,,,1.32,,,,,,,,,,,,,,,,,,,,,,,,,,,,,,,,,,,,,,,,,,,,,,,,,2018-07-31,,1.39,,pre-market,,,,,,,,,,,,,5.303,,,,,,,,,,,,
2018-09-30,ETN,,,,,,,,,,,,,,,,,,,,,,,,,,,,,,,,,,,,,,0.0,,,1.43,,,,,,,,,,,,,,,,,,,,,,,,,,,,,,,,,,,,,,,,,,,,,,,,,2018-10-30,,1.43,,pre-market,,,,,,,,,,,,,0.0,,,,,,,,,,,,
2018-12-31,ETN,,,,,,,,,,,,,,,,,,,,,,,,,,,,,,,,,,,,,,0.03,,,1.43,,,,,,,,,,,,,,,,,,,,,,,,,,,,,,,,,,,,,,,,,,,,,,,,,2019-01-31,,1.46,,pre-market,,,,,,,,,,,,,2.0979,,,,,,,,,,,,
2019-03-31,ETN,,,,,,,,,,,,,,,,,,,,,,,,,,,,,,,,,,,,,,0.01,,,1.25,,,,,,,,,,,,,,,,,,,,,,,,,,,,,,,,,,,,,,,,,,,,,,,,,2019-04-30,,1.26,,pre-market,,,,,,,,,,,,,0.8,,,,,,,,,,,,
2019-06-30,ETN,,,,,,,,,,,,,,,,,,,,,,,,,,,,,,,,,,,,,,0.02,,,1.51,,,,,,,,,,,,,,,,,,,,,,,,,,,,,,,,,,,,,,,,,,,,,,,,,2019-07-30,,1.53,,pre-market,,,,,,,,,,,,,1.3245,,,,,,,,,,,,
2019-09-30,ETN,,,,,,,,,,,,,,,,,,,,,,,,,,,,,,,,,,,,,,0.01,,,1.51,,,,,,,,,,,,,,,,,,,,,,,,,,,,,,,,,,,,,,,,,,,,,,,,,2019-10-29,,1.52,,pre-market,,,,,,,,,,,,,0.6623,,,,,,,,,,,,
2019-12-31,ETN,,,,,,,,,,,,,,,,,,,,,,,,,,,,,,,,,,,,,,-0.03,,,1.4,,,,,,,,,,,,,,,,,,,,,,,,,,,,,,,,,,,,,,,,,,,,,,,,,2020-02-04,,1.37,,pre-market,,,,,,,,,,,,,-2.1429,,,,,,,,,,,,
2020-03-31,ETN,,,,,,,,,,,,,,,,,,,,,,,,,,,,,,,,,,,,,,0.02,,,1.07,,,,,,,,,,,,,,,,,,,,,,,,,,,,,,,,,,,,,,,,,,,,,,,,,2020-04-30,,1.09,,pre-market,,,,,,,,,,,,,1.8692,,,,,,,,,,,,
2020-06-30,ETN,,,,,,,,,,,,,,,,,,,,,,,,,,,,,,,,,,,,,,0.17,,,0.53,,,,,,,,,,,,,,,,,,,,,,,,,,,,,,,,,,,,,,,,,,,,,,,,,2020-07-29,,0.7,,pre-market,,,,,,,,,,,,,32.0755,,,,,,,,,,,,
2020-09-30,ETN,,,,,,,,,,,,,,,,,,,,,,,,,,,,,,,,,,,,,,0.13,,,1.05,,,,,,,,,,,,,,,,,,,,,,,,,,,,,,,,,,,,,,,,,,,,,,,,,2020-11-03,,1.18,,pre-market,,,,,,,,,,,,,12.381,,,,,,,,,,,,
2020-12-31,ETN,,,,,,,,,,,,,,,,,,,,,,,,,,,,,,,,,,,,,,0.04,,,1.24,,,,,,,,,,,,,,,,,,,,,,,,,,,,,,,,,,,,,,,,,,,,,,,,,2021-02-02,,1.28,,pre-market,,,,,,,,,,,,,3.2258,,,,,,,,,,,,
2021-03-31,ETN,,,,,,,,,,,,,,,,,,,,,,,,,,,,,,,,,,,,,,0.2,,,1.24,,,,,,,,,,,,,,,,,,,,,,,,,,,,,,,,,,,,,,,,,,,,,,,,,2021-05-04,,1.44,,pre-market,,,,,,,,,,,,,16.129,,,,,,,,,,,,
2021-06-30,ETN,,,,,,,,,,,,,,,,,,,,,,,,,,,,,,,,,,,,,,0.15,,,1.57,,,,,,,,,,,,,,,,,,,,,,,,,,,,,,,,,,,,,,,,,,,,,,,,,2021-08-03,,1.72,,pre-market,,,,,,,,,,,,,9.5541,,,,,,,,,,,,
2021-09-30,ETN,,,,,,,,,,,,,,,,,,,,,,,,,,,,,,,,,,,,,,0.02,,,1.73,,,,,,,,,,,,,,,,,,,,,,,,,,,,,,,,,,,,,,,,,,,,,,,,,2021-11-02,,1.75,,pre-market,,,,,,,,,,,,,1.1561,,,,,,,,,,,,
2021-12-31,ETN,,,,,,,,,,,,,,,,,,,,,,,,,,,,,,,,,,,,,,0.01,,,1.71,,,,,,,,,,,,,,,,,,,,,,,,,,,,,,,,,,,,,,,,,,,,,,,,,2022-02-04,,1.72,,pre-market,,,,,,,,,,,,,0.5848,,,,,,,,,,,,
2022-03-31,ETN,,,,,,,,,,,,,,,,,,,,,,,,,,,,,,,,,,,,,,0.02,,,1.6,,,,,,,,,,,,,,,,,,,,,,,,,,,,,,,,,,,,,,,,,,,,,,,,,2022-05-03,,1.62,,pre-market,,,,,,,,,,,,,1.25,,,,,,,,,,,,
2022-06-30,ETN,,,,,,,,,,,,,,,,,,,,,,,,,,,,,,,,,,,,,,0.05,,,1.82,,,,,,,,,,,,,,,,,,,,,,,,,,,,,,,,,,,,,,,,,,,,,,,,,2022-08-02,,1.87,,pre-market,,,,,,,,,,,,,2.7473,,,,,,,,,,,,
2022-09-30,ETN,,,,,,,,,,,,,,,,,,,,,,,,,,,,,,,,,,,,,,0.01,,,2.01,,,,,,,,,,,,,,,,,,,,,,,,,,,,,,,,,,,,,,,,,,,,,,,,,2022-11-01,,2.02,,pre-market,,,,,,,,,,,,,0.4975,,,,,,,,,,,,
2022-12-31,ETN,,,,,,,,,,,,,,,,,,,,,,,,,,,,,,,,,,,,,,0.01,,,2.05,,,,,,,,,,,,,,,,,,,,,,,,,,,,,,,,,,,,,,,,,,,,,,,,,2023-02-08,,2.06,,pre-market,,,,,,,,,,,,,0.4878,,,,,,,,,,,,
2023-03-31,ETN,,,,,,,,,,,,,,,,,,,,,,,,,,,,,,,,,,,,,,0.1,,,1.78,,,,,,,,,,,,,,,,,,,,,,,,,,,,,,,,,,,,,,,,,,,,,,,,,2023-05-02,,1.88,,pre-market,,,,,,,,,,,,,5.618,,,,,,,,,,,,
2023-06-30,ETN,,,,,,,,,,,,,,,,,,,,,,,,,,,,,,,,,,,,,,0.1,,,2.11,,,,,,,,,,,,,,,,,,,,,,,,,,,,,,,,,,,,,,,,,,,,,,,,,2023-08-01,,2.21,,pre-market,,,,,,,,,,,,,4.7393,,,,,,,,,,,,
2023-09-30,ETN,,,,,,,,,,,,,,,,,,,,,,,,,,,,,,,,,,,,,,0.13,,,2.34,,,,,,,,,,,,,,,,,,,,,,,,,,,,,,,,,,,,,,,,,,,,,,,,,2023-10-31,,2.47,,pre-market,,,,,,,,,,,,,5.5556,,,,,,,,,,,,
2023-12-31,ETN,,,,,,,,,,,,,,,,,,,,,,,,,,,,,,,,,,,,,,0.08,,,2.47,,,,,,,,,,,,,,,,,,,,,,,,,,,,,,,,,,,,,,,,,,,,,,,,,2024-02-01,,2.55,,pre-market,,,,,,,,,,,,,3.2389,,,,,,,,,,,,
2024-03-31,ETN,,,,,,,,,,,,,,,,,,,,,,,,,,,,,,,,,,,,,,0.11,,,2.29,,,,,,,,,,,,,,,,,,,,,,,,,,,,,,,,,,,,,,,,,,,,,,,,,2024-04-30,,2.4,,pre-market,,,,,,,,,,,,,4.8035,,,,,,,,,,,,
2024-06-30,ETN,,,,,,,,,,,,,,,,,,,,,,,,,,,,,,,,,,,,,,0.12,,,2.61,,,,,,,,,,,,,,,,,,,,,,,,,,,,,,,,,,,,,,,,,,,,,,,,,2024-08-01,,2.73,,pre-market,,,,,,,,,,,,,4.5977,,,,,,,,,,,,
2024-09-30,ETN,,,,,,,,,,,,,,,,,,,,,,,,,,,,,,,,,,,,,,0.03,,,2.81,,,,,,,,,,,,,,,,,,,,,,,,,,,,,,,,,,,,,,,,,,,,,,,,,2024-10-31,,2.84,,pre-market,,,,,,,,,,,,,1.0676,,,,,,,,,,,,
2024-12-31,ETN,,,,,,,,,,,,,,,,,,,,,,,,,,,,,,,,,,,,,,0.02,,,2.81,,,,,,,,,,,,,,,,,,,,,,,,,,,,,,,,,,,,,,,,,,,,,,,,,2025-01-31,,2.83,,pre-market,,,,,,,,,,,,,0.7117,,,,,,,,,,,,
2025-03-31,ETN,,,,,,,,,,,,,,,,,,,,,,,,,,,,,,,,,,,,,,0.01,,,2.71,,,,,,,,,,,,,,,,,,,,,,,,,,,,,,,,,,,,,,,,,,,,,,,,,2025-05-02,,2.72,,pre-market,,,,,,,,,,,,,0.369,,,,,,,,,,,,
2025-06-30,ETN,,,,,,,,,,,,,,,,,,,,,,,,,,,,,,,,,,,,,,0.03,,,2.92,,,,,,,,,,,,,,,,,,,,,,,,,,,,,,,,,,,,,,,,,,,,,,,,,2025-08-05,,2.95,,pre-market,,,,,,,,,,,,,1.0274,,,,,,,,,,,,
2025-09-30,ETN,,,,,,,,,,,,,,,,,,,,,,,,,,,,,,,,,,,,,,0.02,,,3.05,,,,,,,,,,,,,,,,,,,,,,,,,,,,,,,,,,,,,,,,,,,,,,,,,2025-11-04,,3.07,,pre-market,,,,,,,,,,,,,0.6557,,,,,,,,,,,,
2025-12-28,ETN,9.99,26633001000.0,32.25,,1.168,48.51,,,,,,,,,,,,,,,,,,,,,,,,,,4.06,0.0125,,,,0.024,0.02,,,3.05,,24.1,,10191000000.0,,,,,,,,,,,,,,,,,,,0.198,,,,,,,,,,,,,2.364,6.67,4.709,,,,,,,,0.147,,,2025-11-04,,3.07,,pre-market,,,0.0803,0.206,0.101,68.05,,,,,339.13,353.0,0.6557,,,,,,,,,32.25,,397.32,229.75
2025-12-28,ETN,9.99,26633001000.0,32.25,,1.168,48.51,,,,,,,,,,,,,,,None,4313000000,4313000000,,,,,,None,258000000,,4.06,0.0125,,,,0.024,0.02,1342000000,1600000000,3.05,2025-09-30,24.1,,10191000000.0,2675000000,1275000000,264000000,,,None,67000000,67000000,,None,,,,,1010000000,1011000000,-67000000,None,0.198,,1308000000,1367000000,,,,,None,,,,,2.364,6.67,4.709,,,,,,,,0.147,,,2025-11-04,quarterly,3.07,USD,pre-market,203000000,,0.0803,0.206,0.101,68.05,1105000000,,,,339.13,353.0,0.6557,,,,,,,6988000000,,32.25,,397.32,229.75
2025-12-28,ETN,9.99,26633001000.0,32.25,,1.168,48.51,,,,,,,,,,,,,,,None,4431000000,4431000000,,,,,,None,261000000,,4.06,0.0125,,,,0.024,0.02,1257000000,1518000000,3.05,2025-06-30,24.1,,10191000000.0,2597000000,1186000000,203000000,,,None,71000000,71000000,,None,,,,,982000000,983000000,-71000000,None,0.198,,1341000000,1256000000,,,,,None,,,,,2.364,6.67,4.709,,,,,,,,0.147,,,2025-11-04,quarterly,3.07,USD,pre-market,192000000,,0.0803,0.206,0.101,68.05,1149000000,,,,339.13,353.0,0.6557,,,,,,,7028000000,,32.25,,397.32,229.75
2025-12-28,ETN,9.99,26633001000.0,32.25,,1.168,48.51,,,,,,,,,,,,,,,None,3930000000,3930000000,,,,,,None,232000000,,4.06,0.0125,,,,0.024,0.02,1233000000,1465000000,3.05,2025-03-31,24.1,,10191000000.0,2447000000,1177000000,212000000,,,None,56000000,33000000,,None,,,,,964000000,965000000,-33000000,None,0.198,,1218000000,1229000000,,,,,None,,,,,2.364,6.67,4.709,,,,,,,,0.147,,,2025-11-04,quarterly,3.07,USD,pre-market,198000000,,0.0803,0.206,0.101,68.05,1048000000,,,,339.13,353.0,0.6557,,,,,,,6377000000,,32.25,,397.32,229.75
2025-12-28,ETN,9.99,26633001000.0,32.25,,1.168,48.51,,,,,,,,,,,,,,,None,3812000000,3812000000,,,,,,None,234000000,,4.06,0.0125,,,,0.024,0.02,1213000000,1447000000,3.05,2024-12-31,24.1,,10191000000.0,2428000000,1167000000,195000000,,,None,46000000,42000000,,None,,,,,971000000,972000000,-42000000,None,0.198,,1121000000,1307000000,,,,,None,,,,,2.364,6.67,4.709,,,,,,,,0.147,,,2025-11-04,quarterly,3.07,USD,pre-market,201000000,,0.0803,0.206,0.101,68.05,1003000000,,,,339.13,353.0,0.6557,,,,,,,6240000000,,32.25,,397.32,229.75
2025-12-28,ETN,9.99,26633001000.0,32.25,,1.168,48.51,,,,,,,,,,,,,,,None,3901000000,3901000000,,,,,,None,234000000,,4.06,0.0125,,,,0.024,0.02,1237000000,1471000000,3.05,2024-09-30,24.1,,10191000000.0,2444000000,1204000000,193000000,,,None,33000000,29000000,,None,,,,,1009000000,1011000000,-29000000,None,0.198,,1185000000,1259000000,,,,,None,,,,,2.364,6.67,4.709,,,,,,,,0.147,,,2025-11-04,quarterly,3.07,USD,pre-market,207000000,,0.0803,0.206,0.101,68.05,1028000000,,,,339.13,353.0,0.6557,,,,,,,6345000000,,32.25,,397.32,229.75
2025-12-28,ETN,9.99,26633001000.0,32.25,,1.168,48.51,,,,,,,,,,,,,,,None,3941000000,3941000000,,,,,,None,227000000,,4.06,0.0125,,,,0.024,0.02,1202000000,1429000000,3.05,2024-06-30,24.1,,10191000000.0,2409000000,1195000000,201000000,,,None,6000000,None,,None,,,,,993000000,994000000,-29000000,None,0.198,,1192000000,1217000000,,,,,None,,,,,2.364,6.67,4.709,,,,,,,,0.147,,,2025-11-04,quarterly,3.07,USD,pre-market,196000000,,0.0803,0.206,0.101,68.05,1021000000,,,,339.13,353.0,0.6557,,,,,,,6350000000,,32.25,,397.32,229.75
2025-12-28,ETN,9.99,26633001000.0,32.25,,1.168,48.51,,,,,,,,,,,,,,,None,3726000000,3726000000,,,,,,None,225000000,,4.06,0.0125,,,,0.024,0.02,1057000000,1282000000,3.05,2024-03-31,24.1,,10191000000.0,2217000000,1001000000,179000000,,,None,57000000,None,,None,,,,,821000000,822000000,-30000000,None,0.198,,1134000000,1083000000,,,,,None,,,,,2.364,6.67,4.709,,,,,,,,0.147,,,2025-11-04,quarterly,3.07,USD,pre-market,189000000,,0.0803,0.206,0.101,68.05,1025000000,,,,339.13,353.0,0.6557,,,,,,,5943000000,,32.25,,397.32,229.75
2025-12-28,ETN,9.99,26633001000.0,32.25,,1.168,48.51,,,,,,,,,,,,,,,None,3732000000,3732000000,,,,,,None,231000000,,4.06,0.0125,,,,0.024,0.02,1147000000,1378000000,3.05,2023-12-31,24.1,,10191000000.0,2235000000,1088000000,141000000,,,None,59000000,None,,None,,,,,945000000,947000000,-27000000,None,0.198,,1160000000,1078000000,,,,,None,,,,,2.364,6.67,4.709,,,,,,,,0.147,,,2025-11-04,quarterly,3.07,USD,pre-market,201000000,,0.0803,0.206,0.101,68.05,956000000,,,,339.13,353.0,0.6557,,,,,,,5967000000,,32.25,,397.32,229.75
2025-12-28,ETN,9.99,26633001000.0,32.25,,1.168,48.51,,,,,,,,,,,,,,,None,3684000000,3684000000,,,,,,None,229000000,,4.06,0.0125,,,,0.024,0.02,1131000000,1360000000,3.05,2023-09-30,24.1,,10191000000.0,2196000000,1079000000,187000000,,,None,52000000,33000000,,None,,,,,891000000,892000000,-33000000,None,0.198,,1111000000,1085000000,,,,,None,,,,,2.364,6.67,4.709,,,,,,,,0.147,,,2025-11-04,quarterly,3.07,USD,pre-market,187000000,,0.0803,0.206,0.101,68.05,949000000,,,,339.13,353.0,0.6557,,,,,,,5880000000,,32.25,,397.32,229.75
2025-12-28,ETN,9.99,26633001000.0,32.25,,1.168,48.51,,,,,,,,,,,,,,,None,3747000000,3747000000,,,,,,None,228000000,,4.06,0.0125,,,,0.024,0.02,949000000,1177000000,3.05,2023-06-30,24.1,,10191000000.0,2119000000,898000000,153000000,,,None,52000000,42000000,,None,,,,,744000000,745000000,-42000000,None,0.198,,1106000000,1013000000,,,,,-7000000,,,,,2.364,6.67,4.709,,,,,,,,0.147,,,2025-11-04,quarterly,3.07,USD,pre-market,187000000,,0.0803,0.206,0.101,68.05,986000000,,,,339.13,353.0,0.6557,,,,,,,5866000000,,32.25,,397.32,229.75
2025-12-28,ETN,9.99,26633001000.0,32.25,,1.168,48.51,,,,,,,,,,,,,,,None,3599000000,3599000000,,,,,,None,238000000,,4.06,0.0125,,,,0.024,0.02,824000000,1062000000,3.05,2023-03-31,24.1,,10191000000.0,1884000000,762000000,123000000,,,None,62000000,50000000,,None,,,,,638000000,639000000,-50000000,None,0.198,,1083000000,801000000,,,,,11000000,,,,,2.364,6.67,4.709,,,,,,,,0.147,,,2025-11-04,quarterly,3.07,USD,pre-market,179000000,,0.0803,0.206,0.101,68.05,904000000,,,,339.13,353.0,0.6557,,,,,,,5483000000,,32.25,,397.32,229.75
2025-12-28,ETN,9.99,26633001000.0,32.25,,1.168,48.51,,,,,,,,,,,,,,,None,3543000000,3543000000,,,,,,None,238000000,,4.06,0.0125,,,,0.024,0.02,923000000,1161000000,3.05,2022-12-31,24.1,,10191000000.0,1841000000,851000000,129000000,,,None,73000000,44000000,,None,,,,,721000000,722000000,-44000000,None,0.198,,967000000,874000000,,,,,21000000,,,,,2.364,6.67,4.709,,,,,,,,0.147,,,2025-11-04,quarterly,3.07,USD,pre-market,167000000,,0.0803,0.206,0.101,68.05,796000000,,,,339.13,353.0,0.6557,,,,,,,5384000000,,32.25,,397.32,229.75
2025-12-28,ETN,9.99,26633001000.0,32.25,,1.168,48.51,,,,,,,,,,,,,,,None,3542000000,3542000000,,,,,,None,237000000,,4.06,0.0125,,,,0.024,0.02,719000000,956000000,3.05,2022-09-30,24.1,,10191000000.0,1771000000,720000000,112000000,,,None,37000000,37000000,,None,,,,,607000000,608000000,-37000000,None,0.198,,853000000,918000000,,,,,-34000000,,,,,2.364,6.67,4.709,,,,,,,,0.147,,,2025-11-04,quarterly,3.07,USD,pre-market,165000000,,0.0803,0.206,0.101,68.05,813000000,,,,339.13,353.0,0.6557,,,,,,,5313000000,,32.25,,397.32,229.75
2025-12-28,ETN,9.99,26633001000.0,32.25,,1.168,48.51,,,,,,,,,,,,,,,None,3490000000,3490000000,,,,,,None,235000000,,4.06,0.0125,,,,0.024,0.02,727000000,962000000,3.05,2022-06-30,24.1,,10191000000.0,1722000000,720000000,119000000,,,None,6000000,31000000,,None,,,,,601000000,601000000,-31000000,None,0.198,,935000000,787000000,,,,,41000000,,,,,2.364,6.67,4.709,,,,,,,,0.147,,,2025-11-04,quarterly,3.07,USD,pre-market,168000000,,0.0803,0.206,0.101,68.05,828000000,,,,339.13,353.0,0.6557,,,,,,,5212000000,,32.25,,397.32,229.75
2025-12-28,ETN,9.99,26633001000.0,32.25,,1.168,48.51,,,,,,,,,,,,,,,None,3271000000,3271000000,,,,,,None,244000000,,4.06,0.0125,,,,0.024,0.02,643000000,887000000,3.05,2022-03-31,24.1,,10191000000.0,1572000000,619000000,86000000,,,None,24000000,32000000,,None,,,,,532000000,533000000,-32000000,None,0.198,,908000000,664000000,,,,,32000000,,,,,2.364,6.67,4.709,,,,,,,,0.147,,,2025-11-04,quarterly,3.07,USD,pre-market,165000000,,0.0803,0.206,0.101,68.05,790000000,,,,339.13,353.0,0.6557,,,,,,,4843000000,,32.25,,397.32,229.75
2025-12-28,ETN,9.99,26633001000.0,32.25,,1.168,48.51,,,,,,,,,,,,,,,None,3229000000,3229000000,,,,,,None,238000000,,4.06,0.0125,,,,0.024,0.02,666000000,904000000,3.05,2021-12-31,24.1,,10191000000.0,1569000000,625000000,74000000,,,None,41000000,32000000,,None,,,,,551000000,551000000,-32000000,None,0.198,,861000000,708000000,,,,,-2000000,,,,,2.364,6.67,4.709,,,,,,,,0.147,,,2025-11-04,quarterly,3.07,USD,pre-market,162000000,,0.0803,0.206,0.101,68.05,751000000,,,,339.13,353.0,0.6557,,,,,,,4798000000,,32.25,,397.32,229.75
2025-12-28,ETN,9.99,26633001000.0,32.25,,1.168,48.51,,,,,,,,,,,,,,,None,3341000000,3341000000,,,,,,None,247000000,,4.06,0.0125,,,,0.024,0.02,1118000000,1365000000,3.05,2021-09-30,24.1,,10191000000.0,1582000000,1113000000,483000000,,,None,5000000,37000000,,None,,,,,629000000,630000000,-37000000,None,0.198,,773000000,809000000,,,,,551000000,,,,,2.364,6.67,4.709,,,,,,,,0.147,,,2025-11-04,quarterly,3.07,USD,pre-market,152000000,,0.0803,0.206,0.101,68.05,834000000,,,,339.13,353.0,0.6557,,,,,,,4923000000,,32.25,,397.32,229.75
2025-12-28,ETN,9.99,26633001000.0,32.25,,1.168,48.51,,,,,,,,,,,,,,,None,3555000000,3555000000,,,,,,None,229000000,,4.06,0.0125,,,,0.024,0.02,743000000,972000000,3.05,2021-06-30,24.1,,10191000000.0,1660000000,620000000,114000000,,,None,123000000,36000000,,None,,,,,506000000,506000000,-37000000,None,0.198,,930000000,730000000,,,,,17000000,,,,,2.364,6.67,4.709,,,,,,,,0.147,,,2025-11-04,quarterly,3.07,USD,pre-market,154000000,,0.0803,0.206,0.101,68.05,876000000,,,,339.13,353.0,0.6557,,,,,,,5215000000,,32.25,,397.32,229.75
2025-12-28,ETN,9.99,26633001000.0,32.25,,1.168,48.51,,,,,,,,,,,,,,,None,3188000000,3188000000,,,,,,None,208000000,,4.06,0.0125,,,,0.024,0.02,538000000,746000000,3.05,2021-03-31,24.1,,10191000000.0,1504000000,538000000,79000000,,,None,38000000,39000000,,None,,,,,458000000,459000000,-38000000,None,0.198,,881000000,623000000,,,,,11000000,,,,,2.364,6.67,4.709,,,,,,,,0.147,,,2025-11-04,quarterly,3.07,USD,pre-market,148000000,,0.0803,0.206,0.101,68.05,795000000,,,,339.13,353.0,0.6557,,,,,,,4692000000,,32.25,,397.32,229.75
2025-12-28,ETN,9.99,26633001000.0,32.25,,1.168,48.51,,,,,,,,,,,,,,,None,3182000000,3182000000,,,,,,None,208000000,,4.06,0.0125,,,,0.024,0.02,715000000,923000000,3.05,2020-12-31,24.1,,10191000000.0,1505000000,553000000,77000000,,,None,162000000,36000000,,None,,,,,475000000,476000000,-36000000,None,0.198,,863000000,642000000,,,,,-15000000,,,,,2.364,6.67,4.709,,,,,,,,0.147,,,2025-11-04,quarterly,3.07,USD,pre-market,140000000,,0.0803,0.206,0.101,68.05,865000000,,,,339.13,353.0,0.6557,,,,,,,4687000000,,32.25,,397.32,229.75
2025-12-28,ETN,9.99,26633001000.0,32.25,,1.168,48.51,,,,,,,,,,,,,,,None,3051000000,3051000000,,,,,,None,206000000,,4.06,0.0125,,,,0.024,0.02,615000000,821000000,3.05,2020-09-30,24.1,,10191000000.0,1475000000,525000000,78000000,,,None,90000000,41000000,,None,,,,,446000000,447000000,-41000000,None,0.198,,848000000,627000000,,,,,-23000000,,,,,2.364,6.67,4.709,,,,,,,,0.147,,,2025-11-04,quarterly,3.07,USD,pre-market,132000000,,0.0803,0.206,0.101,68.05,754000000,,,,339.13,353.0,0.6557,,,,,,,4526000000,,32.25,,397.32,229.75
2025-12-28,ETN,9.99,26633001000.0,32.25,,1.168,48.51,,,,,,,,,,,,,,,None,2876000000,2876000000,,,,,,None,198000000,,4.06,0.0125,,,,0.024,0.02,131000000,329000000,3.05,2020-06-30,24.1,,10191000000.0,980000000,47000000,-7000000,,,None,84000000,38000000,,None,,,,,51000000,54000000,-38000000,None,0.198,,527000000,453000000,,,,,-77000000,,,,,2.364,6.67,4.709,,,,,,,,0.147,,,2025-11-04,quarterly,3.07,USD,pre-market,126000000,,0.0803,0.206,0.101,68.05,691000000,,,,339.13,353.0,0.6557,,,,,,,3856000000,,32.25,,397.32,229.75
2025-12-28,ETN,9.99,26633001000.0,32.25,,1.168,48.51,,,,,,,,,,,,,,,None,3302000000,3302000000,,,,,,None,199000000,,4.06,0.0125,,,,0.024,0.02,621000000,820000000,3.05,2020-03-31,24.1,,10191000000.0,1487000000,621000000,183000000,,,None,34000000,34000000,,None,,,,,438000000,438000000,-34000000,None,0.198,,886000000,601000000,,,,,186000000,,,,,2.364,6.67,4.709,,,,,,,,0.147,,,2025-11-04,quarterly,3.07,USD,pre-market,153000000,,0.0803,0.206,0.101,68.05,865000000,,,,339.13,353.0,0.6557,,,,,,,4789000000,,32.25,,397.32,229.75
2025-12-28,ETN,9.99,26633001000.0,32.25,,1.168,48.51,,,,,,,,,,,,,,,None,3555000000,3555000000,,,,,,None,216000000,,4.06,0.0125,,,,0.024,0.02,585000000,801000000,3.05,2019-12-31,24.1,,10191000000.0,1683000000,532000000,79000000,,,None,53000000,53000000,,None,,,,,452000000,843000000,-53000000,None,0.198,,893000000,790000000,,,,,-71000000,,,,,2.364,6.67,4.709,,,,,,,,0.147,,,2025-11-04,quarterly,3.07,USD,pre-market,152000000,,0.0803,0.206,0.101,68.05,874000000,,,,339.13,353.0,0.6557,,,,,,,5238000000,,32.25,,397.32,229.75
2025-12-28,ETN,9.99,26633001000.0,32.25,,1.168,48.51,,,,,,,,,,,,,,,None,3513000000,3513000000,,,,,,None,226000000,,4.06,0.0125,,,,0.024,0.02,772000000,998000000,3.05,2019-09-30,24.1,,10191000000.0,1801000000,718000000,116000000,,,None,54000000,54000000,,None,,,,,601000000,602000000,-54000000,None,0.198,,993000000,808000000,,,,,2000000,,,,,2.364,6.67,4.709,,,,,,,,0.147,,,2025-11-04,quarterly,3.07,USD,pre-market,147000000,,0.0803,0.206,0.101,68.05,885000000,,,,339.13,353.0,0.6557,,,,,,,5314000000,,32.25,,397.32,229.75
2025-12-28,ETN,9.99,26633001000.0,32.25,,1.168,48.51,,,,,,,,,,,,,,,None,3698000000,3698000000,,,,,,None,221000000,,4.06,0.0125,,,,0.024,0.02,801000000,1022000000,3.05,2019-06-30,24.1,,10191000000.0,1835000000,738000000,102000000,,,None,63000000,63000000,,None,,,,,636000000,636000000,-63000000,None,0.198,,1044000000,791000000,,,,,23000000,,,,,2.364,6.67,4.709,,,,,,,,0.147,,,2025-11-04,quarterly,3.07,USD,pre-market,151000000,,0.0803,0.206,0.101,68.05,907000000,,,,339.13,353.0,0.6557,,,,,,,5533000000,,32.25,,397.32,229.75
2025-12-28,ETN,9.99,26633001000.0,32.25,,1.168,48.51,,,,,,,,,,,,,,,None,3576000000,3576000000,,,,,,None,221000000,,4.06,0.0125,,,,0.024,0.02,669000000,890000000,3.05,2019-03-31,24.1,,10191000000.0,1729000000,603000000,81000000,,,None,66000000,None,,None,,,,,522000000,684000000,-66000000,None,0.198,,1061000000,668000000,,,,,10000000,,,,,2.364,6.67,4.709,,,,,,,,0.147,,,2025-11-04,quarterly,3.07,USD,pre-market,156000000,,0.0803,0.206,0.101,68.05,917000000,,,,339.13,353.0,0.6557,,,,,,,5305000000,,32.25,,397.32,229.75
2025-12-28,ETN,9.99,26633001000.0,32.25,,1.168,48.51,,,,,,,,,,,,,,,None,3666000000,3666000000,,,,,,None,223000000,,4.06,0.0125,,,,0.024,0.02,792000000,1015000000,3.05,2018-12-31,24.1,,10191000000.0,1793000000,726000000,94000000,,,None,66000000,None,,None,,,,,631000000,820000000,None,None,0.198,,1014000000,779000000,,,,,17000000,,,,,2.364,6.67,4.709,,,,,,,,0.147,,,2025-11-04,quarterly,3.07,USD,pre-market,145000000,,0.0803,0.206,0.101,68.05,869000000,,,,339.13,353.0,0.6557,,,,,,,5459000000,,32.25,,397.32,229.75
2025-12-28,ETN,9.99,26633001000.0,32.25,,1.168,48.51,,,,,,,,,,,,,,,None,3593000000,3593000000,,,,,,None,223000000,,4.06,0.0125,,,,0.024,0.02,506000000,729000000,3.05,2018-09-30,24.1,,10191000000.0,1819000000,439000000,23000000,,,None,67000000,None,,None,,,,,416000000,462000000,None,None,0.198,,1027000000,792000000,,,,,-7000000,,,,,2.364,6.67,4.709,,,,,,,,0.147,,,2025-11-04,quarterly,3.07,USD,pre-market,138000000,,0.0803,0.206,0.101,68.05,889000000,,,,339.13,353.0,0.6557,,,,,,,5412000000,,32.25,,397.32,229.75
2025-12-28,ETN,9.99,26633001000.0,32.25,,1.168,48.51,,,,,,,,,,,,,,,None,3667000000,3667000000,,,,,,None,227000000,,4.06,0.0125,,,,0.024,0.02,762000000,989000000,3.05,2018-06-30,24.1,,10191000000.0,1820000000,694000000,83000000,,,None,68000000,None,,None,,,,,610000000,777000000,None,None,0.198,,1046000000,774000000,,,,,-8000000,,,,,2.364,6.67,4.709,,,,,,,,0.147,,,2025-11-04,quarterly,3.07,USD,pre-market,145000000,,0.0803,0.206,0.101,68.05,901000000,,,,339.13,353.0,0.6557,,,,,,,5487000000,,32.25,,397.32,229.75
2025-12-28,ETN,9.99,26633001000.0,32.25,,1.168,48.51,,,,,,,,,,,,,,,None,3569000000,3569000000,,,,,,None,230000000,,4.06,0.0125,,,,0.024,0.02,635000000,865000000,3.05,2018-03-31,24.1,,10191000000.0,1682000000,565000000,78000000,,,None,70000000,None,,None,,,,,488000000,643000000,None,None,0.198,,1045000000,637000000,,,,,2000000,,,,,2.364,6.67,4.709,,,,,,,,0.147,,,2025-11-04,quarterly,3.07,USD,pre-market,156000000,,0.0803,0.206,0.101,68.05,889000000,,,,339.13,353.0,0.6557,,,,,,,5251000000,,32.25,,397.32,229.75
2025-12-28,ETN,9.99,26633001000.0,32.25,,1.168,48.51,,,,,,,,,,,,,,,None,3530000000,3530000000,,,,,,None,229000000,,4.06,0.0125,,,,0.024,0.02,700000000,929000000,3.05,2017-12-31,24.1,,10191000000.0,1683000000,635000000,1000000,,,None,65000000,None,,None,,,,,639000000,647000000,None,None,0.198,,959000000,724000000,,,,,-15000000,,,,,2.364,6.67,4.709,,,,,,,,0.147,,,2025-11-04,quarterly,3.07,USD,pre-market,144000000,,0.0803,0.206,0.101,68.05,862000000,,,,339.13,353.0,0.6557,,,,,,,5213000000,,32.25,,397.32,229.75
2025-12-28,ETN,9.99,26633001000.0,32.25,,1.168,48.51,,,,,,,,,,,,,,,None,3459000000,3459000000,,,,,,None,232000000,,4.06,0.0125,,,,0.024,0.02,1754000000,1986000000,3.05,2017-09-30,24.1,,10191000000.0,1752000000,1691000000,292000000,,,None,60000000,None,,None,,,,,1401000000,1983000000,None,None,0.198,,1048000000,704000000,,,,,1077000000,,,,,2.364,6.67,4.709,,,,,,,,0.147,,,2025-11-04,quarterly,3.07,USD,pre-market,147000000,,0.0803,0.206,0.101,68.05,916000000,,,,339.13,353.0,0.6557,,,,,,,5211000000,,32.25,,397.32,229.75
2025-12-28,ETN,9.99,26633001000.0,32.25,,1.168,48.51,,,,,,,,,,,,,,,None,3447000000,3447000000,,,,,,None,228000000,,4.06,0.0125,,,,0.024,0.02,632000000,860000000,3.05,2017-06-30,24.1,,10191000000.0,1685000000,570000000,54000000,,,None,60000000,None,,None,,,,,516000000,624000000,None,None,0.198,,1040000000,645000000,,,,,None,,,,,2.364,6.67,4.709,,,,,,,,0.147,,,2025-11-04,quarterly,3.07,USD,pre-market,150000000,,0.0803,0.206,0.101,68.05,902000000,,,,339.13,353.0,0.6557,,,,,,,5132000000,,32.25,,397.32,229.75
2025-12-28,ETN,9.99,26633001000.0,32.25,,1.168,48.51,,,,,,,,,,,,,,,None,3306000000,3306000000,,,,,,None,225000000,,4.06,0.0125,,,,0.024,0.02,525000000,750000000,3.05,2017-03-31,24.1,,10191000000.0,1542000000,464000000,32000000,,,None,61000000,None,,None,,,,,434000000,496000000,None,None,0.198,,1007000000,535000000,,,,,15000000,,,,,2.364,6.67,4.709,,,,,,,,0.147,,,2025-11-04,quarterly,3.07,USD,pre-market,143000000,,0.0803,0.206,0.101,68.05,885000000,,,,339.13,353.0,0.6557,,,,,,,4848000000,,32.25,,397.32,229.75
2025-12-28,ETN,9.99,26633001000.0,32.25,,1.168,48.51,,,,,,,,,,,,,,,None,3314000000,3314000000,,,,,,None,229000000,,4.06,0.0125,,,,0.024,0.02,619000000,848000000,3.05,2016-12-31,24.1,,10191000000.0,1553000000,559000000,51000000,,,None,60000000,None,,None,,,,,504000000,610000000,None,None,0.198,,917000000,636000000,,,,,79000000,,,,,2.364,6.67,4.709,,,,,,,,0.147,,,2025-11-04,quarterly,3.07,USD,pre-market,145000000,,0.0803,0.206,0.101,68.05,863000000,,,,339.13,353.0,0.6557,,,,,,,4867000000,,32.25,,397.32,229.75
2025-12-28,ETN,9.99,26633001000.0,32.25,,1.168,48.51,,,,,,,,,,,,,,,None,3367000000,3367000000,,,,,,None,233000000,,4.06,0.0125,,,,0.024,0.02,632000000,865000000,3.05,2016-09-30,24.1,,10191000000.0,1620000000,573000000,51000000,,,None,59000000,None,,None,,,,,523000000,624000000,None,None,0.198,,975000000,645000000,,,,,15000000,,,,,2.364,6.67,4.709,,,,,,,,0.147,,,2025-11-04,quarterly,3.07,USD,pre-market,146000000,,0.0803,0.206,0.101,68.05,853000000,,,,339.13,353.0,0.6557,,,,,,,4987000000,,32.25,,397.32,229.75
2025-12-28,ETN,9.99,26633001000.0,32.25,,1.168,48.51,,,,,,,,,,,,,,,None,3419000000,3419000000,,,,,,None,234000000,,4.06,0.0125,,,,0.024,0.02,616000000,850000000,3.05,2016-06-30,24.1,,10191000000.0,1661000000,553000000,61000000,,,None,57000000,None,,None,,,,,491000000,614000000,None,None,0.198,,1046000000,615000000,,,,,-5000000,,,,,2.364,6.67,4.709,,,,,,,,0.147,,,2025-11-04,quarterly,3.07,USD,pre-market,149000000,,0.0803,0.206,0.101,68.05,897000000,,,,339.13,353.0,0.6557,,,,,,,5080000000,,32.25,,397.32,229.75
2025-12-28,ETN,9.99,26633001000.0,32.25,,1.168,48.51,,,,,,,,,,,,,,,None,3291000000,3291000000,,,,,,None,233000000,,4.06,0.0125,,,,0.024,0.02,482000000,715000000,3.05,2016-03-31,24.1,,10191000000.0,1522000000,442000000,39000000,,,None,57000000,None,,None,,,,,404000000,481000000,None,None,0.198,,1041000000,481000000,,,,,18000000,,,,,2.364,6.67,4.709,,,,,,,,0.147,,,2025-11-04,quarterly,3.07,USD,pre-market,149000000,,0.0803,0.206,0.101,68.05,892000000,,,,339.13,353.0,0.6557,,,,,,,4813000000,,32.25,,397.32,229.75
2025-12-28,ETN,9.99,26633001000.0,32.25,,1.168,48.51,,,,,,,,,,,,,,,None,3427000000,3427000000,,,,,,None,233000000,,4.06,0.0125,,,,0.024,0.02,618000000,851000000,3.05,2015-12-31,24.1,,10191000000.0,1630000000,555000000,21000000,,,None,57000000,None,,None,,,,,532000000,576000000,None,None,0.198,,1026000000,547000000,,,,,8000000,,,,,2.364,6.67,4.709,,,,,,,,0.147,,,2025-11-04,quarterly,3.07,USD,pre-market,153000000,,0.0803,0.206,0.101,68.05,873000000,,,,339.13,353.0,0.6557,,,,,,,5057000000,,32.25,,397.32,229.75
2025-12-28,ETN,9.99,26633001000.0,32.25,,1.168,48.51,,,,,,,,,,,,,,,None,3597000000,3597000000,,,,,,None,232000000,,4.06,0.0125,,,,0.024,0.02,553000000,785000000,3.05,2015-09-30,24.1,,10191000000.0,1606000000,487000000,42000000,,,None,59000000,None,,None,,,,,446000000,529000000,None,None,0.198,,1063000000,543000000,,,,,3000000,,,,,2.364,6.67,4.709,,,,,,,,0.147,,,2025-11-04,quarterly,3.07,USD,pre-market,156000000,,0.0803,0.206,0.101,68.05,907000000,,,,339.13,353.0,0.6557,,,,,,,5203000000,,32.25,,397.32,229.75
2025-12-28,ETN,9.99,26633001000.0,32.25,,1.168,48.51,,,,,,,,,,,,,,,None,3675000000,3675000000,,,,,,None,234000000,,4.06,0.0125,,,,0.024,0.02,650000000,884000000,3.05,2015-06-30,24.1,,10191000000.0,1697000000,598000000,63000000,,,None,59000000,None,,None,,,,,535000000,661000000,None,None,0.198,,1059000000,638000000,,,,,19000000,,,,,2.364,6.67,4.709,,,,,,,,0.147,,,2025-11-04,quarterly,3.07,USD,pre-market,158000000,,0.0803,0.206,0.101,68.05,901000000,,,,339.13,353.0,0.6557,,,,,,,5372000000,,32.25,,397.32,229.75
2025-12-28,ETN,9.99,26633001000.0,32.25,,1.168,48.51,,,,,,,,,,,,,,,None,3593000000,3593000000,,,,,,None,226000000,,4.06,0.0125,,,,0.024,0.02,568000000,794000000,3.05,2015-03-31,24.1,,10191000000.0,1630000000,505000000,38000000,,,None,57000000,None,,None,,,,,466000000,543000000,None,None,0.198,,1073000000,557000000,,,,,5000000,,,,,2.364,6.67,4.709,,,,,,,,0.147,,,2025-11-04,quarterly,3.07,USD,pre-market,158000000,,0.0803,0.206,0.101,68.05,915000000,,,,339.13,353.0,0.6557,,,,,,,5223000000,,32.25,,397.32,229.75
2025-12-28,ETN,9.99,26633001000.0,32.25,,1.168,48.51,,,,,,,,,,,,,,,None,3847000000,3847000000,,,,,,None,240000000,,4.06,0.0125,,,,0.024,0.02,693000000,933000000,3.05,2014-12-31,24.1,,10191000000.0,1718000000,609000000,24000000,,,None,54000000,None,,None,,,,,581000000,633000000,None,None,0.198,,1057000000,661000000,,,,,2000000,,,,,2.364,6.67,4.709,,,,,,,,0.147,,,2025-11-04,quarterly,3.07,USD,pre-market,154000000,,0.0803,0.206,0.101,68.05,903000000,,,,339.13,353.0,0.6557,,,,,,,5565000000,,32.25,,397.32,229.75
2025-12-28,ETN,9.99,26633001000.0,32.25,,1.168,48.51,,,,,,,,,,,,,,,None,3916000000,3916000000,,,,,,None,244000000,,4.06,0.0125,,,,0.024,0.02,707000000,951000000,3.05,2014-09-30,24.1,,10191000000.0,1812000000,642000000,37000000,,,None,56000000,None,,None,,,,,602000000,679000000,None,None,0.198,,1124000000,688000000,,,,,10000000,,,,,2.364,6.67,4.709,,,,,,,,0.147,,,2025-11-04,quarterly,3.07,USD,pre-market,163000000,,0.0803,0.206,0.101,68.05,961000000,,,,339.13,353.0,0.6557,,,,,,,5728000000,,32.25,,397.32,229.75
2025-12-28,ETN,9.99,26633001000.0,32.25,,1.168,48.51,,,,,,,,,,,,,,,None,4025000000,4025000000,,,,,,None,250000000,,4.06,0.0125,,,,0.024,0.02,627000000,877000000,3.05,2014-06-30,24.1,,10191000000.0,1742000000,57000000,-115000000,,,None,55000000,None,,None,,,,,171000000,-58000000,None,None,0.198,,1152000000,590000000,,,,,166000000,,,,,2.364,6.67,4.709,,,,,,,,0.147,,,2025-11-04,quarterly,3.07,USD,pre-market,168000000,,0.0803,0.206,0.101,68.05,984000000,,,,339.13,353.0,0.6557,,,,,,,5767000000,,32.25,,397.32,229.75
2025-12-28,ETN,9.99,26633001000.0,32.25,,1.168,48.51,,,,,,,,,,,,,,,None,3858000000,3858000000,,,,,,None,249000000,,4.06,0.0125,,,,0.024,0.02,576000000,825000000,3.05,2014-03-31,24.1,,10191000000.0,1634000000,453000000,12000000,,,None,62000000,None,,None,,,,,439000000,465000000,None,None,0.198,,1124000000,510000000,,,,,5000000,,,,,2.364,6.67,4.709,,,,,,,,0.147,,,2025-11-04,quarterly,3.07,USD,pre-market,162000000,,0.0803,0.206,0.101,68.05,962000000,,,,339.13,353.0,0.6557,,,,,,,5492000000,,32.25,,397.32,229.75
2025-12-28,ETN,9.99,26633001000.0,32.25,,1.168,48.51,,,,,,,,,,,,,,,None,3881000000,3881000000,,,,,,None,257000000,,4.06,0.0125,,,,0.024,0.02,535000000,792000000,3.05,2013-12-31,24.1,,10191000000.0,1646000000,429000000,-53000000,,,None,62000000,None,,None,,,,,479000000,376000000,None,None,0.198,,1166000000,480000000,,,,,11000000,,,,,2.364,6.67,4.709,,,,,,,,0.147,,,2025-11-04,quarterly,3.07,USD,pre-market,165000000,,0.0803,0.206,0.101,68.05,1001000000,,,,339.13,353.0,0.6557,,,,,,,5527000000,,32.25,,397.32,229.75
2025-12-28,ETN,9.99,26633001000.0,32.25,,1.168,48.51,,,,,,,,,,,,,,,None,3883000000,3883000000,,,,,,None,250000000,,4.06,0.0125,,,,0.024,0.02,629000000,879000000,3.05,2013-09-30,24.1,,10191000000.0,1724000000,521000000,7000000,,,None,63000000,None,,None,,,,,510000000,528000000,None,None,0.198,,1133000000,591000000,,,,,-7000000,,,,,2.364,6.67,4.709,,,,,,,,0.147,,,2025-11-04,quarterly,3.07,USD,pre-market,166000000,,0.0803,0.206,0.101,68.05,967000000,,,,339.13,353.0,0.6557,,,,,,,5607000000,,32.25,,397.32,229.75
2025-12-28,ETN,9.99,26633001000.0,32.25,,1.168,48.51,,,,,,,,,,,,,,,None,3870000000,3870000000,,,,,,None,245000000,,4.06,0.0125,,,,0.024,0.02,605000000,850000000,3.05,2013-06-30,24.1,,10191000000.0,1732000000,534000000,37000000,,,None,71000000,None,,None,,,,,494000000,571000000,None,None,0.198,,1121000000,611000000,,,,,-6000000,,,,,2.364,6.67,4.709,,,,,,,,0.147,,,2025-11-04,quarterly,3.07,USD,pre-market,161000000,,0.0803,0.206,0.101,68.05,960000000,,,,339.13,353.0,0.6557,,,,,,,5602000000,,32.25,,397.32,229.75
2025-12-28,ETN,9.99,26633001000.0,32.25,,1.168,48.51,,,,,,,,,,,,,,,None,3735000000,3735000000,,,,,,None,245000000,,4.06,0.0125,,,,0.024,0.02,475000000,720000000,3.05,2013-03-31,24.1,,10191000000.0,1575000000,400000000,20000000,,,None,75000000,None,,None,,,,,378000000,420000000,None,None,0.198,,1110000000,465000000,,,,,10000000,,,,,2.364,6.67,4.709,,,,,,,,0.147,,,2025-11-04,quarterly,3.07,USD,pre-market,152000000,,0.0803,0.206,0.101,68.05,958000000,,,,339.13,353.0,0.6557,,,,,,,5310000000,,32.25,,397.32,229.75
2025-12-28,ETN,9.99,26633001000.0,32.25,,1.168,48.51,,,,,,,,,,,,,,,None,3132000000,3132000000,,,,,,None,179000000,,4.06,0.0125,,,,0.024,0.02,196000000,375000000,3.05,2012-12-31,24.1,,10191000000.0,1201000000,88000000,-92000000,,,None,108000000,None,,None,,,,,179000000,0,None,None,0.198,,941000000,260000000,,,,,None,,,,,2.364,6.67,4.709,,,,,,,,0.147,,,2025-11-04,quarterly,3.07,USD,pre-market,126000000,,0.0803,0.206,0.101,68.05,815000000,,,,339.13,353.0,0.6557,,,,,,,4333000000,,32.25,,397.32,229.75
2025-12-28,ETN,9.99,26633001000.0,32.25,,1.168,48.51,,,,,,,,,,,,,,,None,2747000000,2747000000,,,,,,None,141000000,,4.06,0.0125,,,,0.024,0.02,418000000,559000000,3.05,2012-09-30,24.1,,10191000000.0,1203000000,376000000,29000000,,,None,42000000,None,,None,,,,,345000000,-149,None,None,0.198,,789000000,414000000,,,,,-149,,,,,2.364,6.67,4.709,,,,,,,,0.147,,,2025-11-04,quarterly,3.07,USD,pre-market,102000000,,0.0803,0.206,0.101,68.05,789000000,,,,339.13,353.0,0.6557,,,,,,,3950000000,,32.25,,397.32,229.75
2025-12-28,ETN,9.99,26633001000.0,32.25,,1.168,48.51,,,,,,,,,,,,,,,None,2815000000,2815000000,,,,,,None,138000000,,4.06,0.0125,,,,0.024,0.02,449000000,587000000,3.05,2012-06-30,24.1,,10191000000.0,1253000000,419000000,37000000,,,None,30000000,None,,None,,,,,382000000,0,None,None,0.198,,796000000,457000000,,,,,None,,,,,2.364,6.67,4.709,,,,,,,,0.147,,,2025-11-04,quarterly,3.07,USD,pre-market,106000000,,0.0803,0.206,0.101,68.05,796000000,,,,339.13,353.0,0.6557,,,,,,,4068000000,,32.25,,397.32,229.75
2025-12-28,ETN,9.99,26633001000.0,32.25,,1.168,48.51,,,,,,,,,,,,,,,None,2754000000,2754000000,,,,,,None,140000000,,4.06,0.0125,,,,0.024,0.02,396000000,536000000,3.05,2012-03-31,24.1,,10191000000.0,1206000000,368000000,57000000,,,None,28000000,None,,None,,,,,311000000,0,None,None,0.198,,807000000,399000000,,,,,None,,,,,2.364,6.67,4.709,,,,,,,,0.147,,,2025-11-04,quarterly,3.07,USD,pre-market,105000000,,0.0803,0.206,0.101,68.05,807000000,,,,339.13,353.0,0.6557,,,,,,,3960000000,,32.25,,397.32,229.75
2025-12-28,ETN,9.99,26633001000.0,32.25,,1.168,48.51,,,,,,,,,,,,,,,None,2817000000,2817000000,,,,,,None,137000000,,4.06,0.0125,,,,0.024,0.02,378000000,515000000,3.05,2011-12-31,24.1,,10191000000.0,1216000000,390000000,29000000,,,None,26000000,None,,None,,,,,362000000,0,None,None,0.198,,808000000,408000000,,,,,None,,,,,2.364,6.67,4.709,,,,,,,,0.147,,,2025-11-04,quarterly,3.07,USD,pre-market,101000000,,0.0803,0.206,0.101,68.05,808000000,,,,339.13,353.0,0.6557,,,,,,,4033000000,,32.25,,397.32,229.75
2025-12-28,ETN,9.99,26633001000.0,32.25,,1.168,48.51,,,,,,,,,,,,,,,None,2900000000,2900000000,,,,,,None,139000000,,4.06,0.0125,,,,0.024,0.02,461000000,600000000,3.05,2011-09-30,24.1,,10191000000.0,1223000000,432000000,65000000,,,None,29000000,None,,None,,,,,365000000,0,None,None,0.198,,772000000,451000000,,,,,None,,,,,2.364,6.67,4.709,,,,,,,,0.147,,,2025-11-04,quarterly,3.07,USD,pre-market,104000000,,0.0803,0.206,0.101,68.05,772000000,,,,339.13,353.0,0.6557,,,,,,,4123000000,,32.25,,397.32,229.75
2025-12-28,ETN,9.99,26633001000.0,32.25,,1.168,48.51,,,,,,,,,,,,,,,None,2862000000,2862000000,,,,,,None,141000000,,4.06,0.0125,,,,0.024,0.02,427000000,568000000,3.05,2011-06-30,24.1,,10191000000.0,1228000000,396000000,58000000,,,None,31000000,None,,None,,,,,336000000,0,None,None,0.198,,805000000,423000000,,,,,None,,,,,2.364,6.67,4.709,,,,,,,,0.147,,,2025-11-04,quarterly,3.07,USD,pre-market,107000000,,0.0803,0.206,0.101,68.05,805000000,,,,339.13,353.0,0.6557,,,,,,,4090000000,,32.25,,397.32,229.75
2025-12-28,ETN,9.99,26633001000.0,32.25,,1.168,48.51,,,,,,,,,,,,,,,None,2682000000,2682000000,,,,,,None,139000000,,4.06,0.0125,,,,0.024,0.02,367000000,506000000,3.05,2011-03-31,24.1,,10191000000.0,1121000000,335000000,49000000,,,None,32000000,None,,None,,,,,287000000,0,None,None,0.198,,770000000,351000000,,,,,None,,,,,2.364,6.67,4.709,,,,,,,,0.147,,,2025-11-04,quarterly,3.07,USD,pre-market,105000000,,0.0803,0.206,0.101,68.05,770000000,,,,339.13,353.0,0.6557,,,,,,,3803000000,,32.25,,397.32,229.75
2025-12-28,ETN,9.99,26633001000.0,32.25,,1.168,48.51,,,,,,,,,,,,,,,None,2565000000,2565000000,,,,,,None,138000000,,4.06,0.0125,,,,0.024,0.02,338000000,476000000,3.05,2010-12-31,24.1,,10191000000.0,1098000000,293000000,10000000,,,None,34000000,None,,None,,,,,280000000,0,None,None,0.198,,761000000,337000000,,,,,None,,,,,2.364,6.67,4.709,,,,,,,,0.147,,,2025-11-04,quarterly,3.07,USD,pre-market,117000000,,0.0803,0.206,0.101,68.05,761000000,,,,339.13,353.0,0.6557,,,,,,,3663000000,,32.25,,397.32,229.75
2025-12-28,ETN,9.99,26633001000.0,32.25,,1.168,48.51,,,,,,,,,,,,,,,None,2480000000,2480000000,,,,,,None,136000000,,4.06,0.0125,,,,0.024,0.02,338000000,474000000,3.05,2010-09-30,24.1,,10191000000.0,1091000000,305000000,36000000,,,None,33000000,None,,None,,,,,268000000,0,None,None,0.198,,755000000,336000000,,,,,None,,,,,2.364,6.67,4.709,,,,,,,,0.147,,,2025-11-04,quarterly,3.07,USD,pre-market,104000000,,0.0803,0.206,0.101,68.05,755000000,,,,339.13,353.0,0.6557,,,,,,,3571000000,,32.25,,397.32,229.75
2025-12-28,ETN,9.99,26633001000.0,32.25,,1.168,48.51,,,,,,,,,,,,,,,None,2387000000,2387000000,,,,,,None,136000000,,4.06,0.0125,,,,0.024,0.02,284000000,420000000,3.05,2010-06-30,24.1,,10191000000.0,991000000,251000000,22000000,,,None,34000000,None,,None,,,,,226000000,0,None,None,0.198,,707000000,284000000,,,,,None,,,,,2.364,6.67,4.709,,,,,,,,0.147,,,2025-11-04,quarterly,3.07,USD,pre-market,103000000,,0.0803,0.206,0.101,68.05,707000000,,,,339.13,353.0,0.6557,,,,,,,3378000000,,32.25,,397.32,229.75
2025-12-28,ETN,9.99,26633001000.0,32.25,,1.168,48.51,,,,,,,,,,,,,,,None,2201000000,2201000000,,,,,,None,141000000,,4.06,0.0125,,,,0.024,0.02,222000000,363000000,3.05,2010-03-31,24.1,,10191000000.0,902000000,187000000,31000000,,,None,35000000,None,,None,,,,,155000000,0,None,None,0.198,,688000000,214000000,,,,,None,,,,,2.364,6.67,4.709,,,,,,,,0.147,,,2025-11-04,quarterly,3.07,USD,pre-market,101000000,,0.0803,0.206,0.101,68.05,688000000,,,,339.13,353.0,0.6557,,,,,,,3103000000,,32.25,,397.32,229.75
2025-12-28,ETN,9.99,26633001000.0,32.25,,1.168,48.51,,,,,,,,,,,,,,,None,2241000000,2241000000,,,,,,None,130000000,,4.06,0.0125,,,,0.024,0.02,195000000,325000000,3.05,2009-12-31,24.1,,10191000000.0,890000000,170000000,-42000000,,,None,34000000,None,,None,,,,,211000000,0,None,None,0.198,,690000000,200000000,,,,,None,,,,,2.364,6.67,4.709,,,,,,,,0.147,,,2025-11-04,quarterly,3.07,USD,pre-market,103000000,,0.0803,0.206,0.101,68.05,690000000,,,,339.13,353.0,0.6557,,,,,,,3131000000,,32.25,,397.32,229.75
2025-12-28,ETN,9.99,26633001000.0,32.25,,1.168,48.51,,,,,,,,,,,,,,,None,2178000000,2178000000,,,,,,None,153000000,,4.06,0.0125,,,,0.024,0.02,199000000,352000000,3.05,2009-09-30,24.1,,10191000000.0,850000000,166000000,-28000000,,,None,38000000,None,,None,,,,,193000000,0,None,None,0.198,,652000000,198000000,,,,,None,,,,,2.364,6.67,4.709,,,,,,,,0.147,,,2025-11-04,quarterly,3.07,USD,pre-market,99000000,,0.0803,0.206,0.101,68.05,652000000,,,,339.13,353.0,0.6557,,,,,,,3028000000,,32.25,,397.32,229.75
2025-12-28,ETN,9.99,26633001000.0,32.25,,1.168,48.51,,,,,,,,,,,,,,,None,2189000000,2189000000,,,,,,None,147000000,,4.06,0.0125,,,,0.024,0.02,66000000,213000000,3.05,2009-06-30,24.1,,10191000000.0,712000000,30000000,-1000000,,,None,41000000,None,,None,,,,,29000000,0,None,None,0.198,,649000000,63000000,,,,,None,,,,,2.364,6.67,4.709,,,,,,,,0.147,,,2025-11-04,quarterly,3.07,USD,pre-market,95000000,,0.0803,0.206,0.101,68.05,649000000,,,,339.13,353.0,0.6557,,,,,,,2901000000,,32.25,,397.32,229.75
2025-12-28,ETN,9.99,26633001000.0,32.25,,1.168,48.51,,,,,,,,,,,,,,,None,2174000000,2174000000,,,,,,None,143000000,,4.06,0.0125,,,,0.024,0.02,-17000000,126000000,3.05,2009-03-31,24.1,,10191000000.0,639000000,-63000000,-11000000,,,None,37000000,None,,None,,,,,-50000000,0,None,None,0.198,,656000000,-17000000,,,,,None,,,,,2.364,6.67,4.709,,,,,,,,0.147,,,2025-11-04,quarterly,3.07,USD,pre-market,98000000,,0.0803,0.206,0.101,68.05,656000000,,,,339.13,353.0,0.6557,,,,,,,2813000000,,32.25,,397.32,229.75
2025-12-28,ETN,9.99,26633001000.0,32.25,,1.168,48.51,,,,,,,,,,,,,,,None,2626000000,2626000000,,,,,,None,157000000,,4.06,0.0125,,,,0.024,0.02,163000000,320000000,3.05,2008-12-31,24.1,,10191000000.0,861000000,134000000,-29000000,,,None,38000000,None,,None,,,,,163000000,0,None,None,0.198,,698000000,163000000,,,,,None,,,,,2.364,6.67,4.709,,,,,,,,0.147,,,2025-11-04,quarterly,3.07,USD,pre-market,100000000,,0.0803,0.206,0.101,68.05,698000000,,,,339.13,353.0,0.6557,,,,,,,3487000000,,32.25,,397.32,229.75
2025-12-28,ETN,9.99,26633001000.0,32.25,,1.168,48.51,,,,,,,,,,,,,,,None,2964000000,2964000000,,,,,,None,155000000,,4.06,0.0125,,,,0.024,0.02,374000000,529000000,3.05,2008-09-30,24.1,,10191000000.0,1150000000,354000000,39000000,,,None,37000000,None,,None,,,,,315000000,0,None,None,0.198,,776000000,374000000,,,,,None,,,,,2.364,6.67,4.709,,,,,,,,0.147,,,2025-11-04,quarterly,3.07,USD,pre-market,117000000,,0.0803,0.206,0.101,68.05,776000000,,,,339.13,353.0,0.6557,,,,,,,4114000000,,32.25,,397.32,229.75
2025-12-28,ETN,9.99,26633001000.0,32.25,,1.168,48.51,,,,,,,,,,,,,,,None,3069000000,3069000000,,,,,,None,154000000,,4.06,0.0125,,,,0.024,0.02,395000000,549000000,3.05,2008-06-30,24.1,,10191000000.0,1210000000,354000000,21000000,,,None,44000000,None,,None,,,,,333000000,0,None,None,0.198,,815000000,395000000,,,,,None,,,,,2.364,6.67,4.709,,,,,,,,0.147,,,2025-11-04,quarterly,3.07,USD,pre-market,111000000,,0.0803,0.206,0.101,68.05,815000000,,,,339.13,353.0,0.6557,,,,,,,4279000000,,32.25,,397.32,229.75
2025-12-28,ETN,9.99,26633001000.0,32.25,,1.168,48.51,,,,,,,,,,,,,,,None,2532000000,2532000000,,,,,,None,126000000,,4.06,0.0125,,,,0.024,0.02,322000000,448000000,3.05,2008-03-31,24.1,,10191000000.0,964000000,286000000,42000000,,,None,38000000,None,,None,,,,,247000000,0,None,None,0.198,,641000000,323000000,,,,,None,,,,,2.364,6.67,4.709,,,,,,,,0.147,,,2025-11-04,quarterly,3.07,USD,pre-market,89000000,,0.0803,0.206,0.101,68.05,641000000,,,,339.13,353.0,0.6557,,,,,,,3496000000,,32.25,,397.32,229.75
2025-12-28,ETN,9.99,26633001000.0,32.25,,1.168,48.51,,,,,,,,,,,,,,,None,2428000000,2428000000,,,,,,None,125000000,,4.06,0.0125,,,,0.024,0.02,288000000,413000000,3.05,2007-12-31,24.1,,10191000000.0,946000000,259000000,7000000,,,None,39000000,None,,None,,,,,256000000,0,None,None,0.198,,658000000,288000000,,,,,None,,,,,2.364,6.67,4.709,,,,,,,,0.147,,,2025-11-04,quarterly,3.07,USD,pre-market,77000000,,0.0803,0.206,0.101,68.05,658000000,,,,339.13,353.0,0.6557,,,,,,,3374000000,,32.25,,397.32,229.75
2025-12-28,ETN,9.99,26633001000.0,32.25,,1.168,48.51,,,,,,,,,,,,,,,None,2381000000,2381000000,,,,,,None,117000000,,4.06,0.0125,,,,0.024,0.02,301000000,418000000,3.05,2007-09-30,24.1,,10191000000.0,917000000,263000000,25000000,,,None,37000000,None,,None,,,,,258000000,0,None,None,0.198,,616000000,301000000,,,,,None,,,,,2.364,6.67,4.709,,,,,,,,0.147,,,2025-11-04,quarterly,3.07,USD,pre-market,88000000,,0.0803,0.206,0.101,68.05,616000000,,,,339.13,353.0,0.6557,,,,,,,3298000000,,32.25,,397.32,229.75
2025-12-28,ETN,9.99,26633001000.0,32.25,,1.168,48.51,,,,,,,,,,,,,,,None,2346000000,2346000000,,,,,,None,118000000,,4.06,0.0125,,,,0.024,0.02,289000000,407000000,3.05,2007-06-30,24.1,,10191000000.0,902000000,256000000,16000000,,,None,41000000,None,,None,,,,,246000000,0,None,None,0.198,,613000000,289000000,,,,,None,,,,,2.364,6.67,4.709,,,,,,,,0.147,,,2025-11-04,quarterly,3.07,USD,pre-market,88000000,,0.0803,0.206,0.101,68.05,613000000,,,,339.13,353.0,0.6557,,,,,,,3248000000,,32.25,,397.32,229.75
2025-12-28,ETN,9.99,26633001000.0,32.25,,1.168,48.51,,,,,,,,,,,,,,,None,2256000000,2256000000,,,,,,None,109000000,,4.06,0.0125,,,,0.024,0.02,299000000,408000000,3.05,2007-03-31,24.1,,10191000000.0,897000000,269000000,35000000,,,None,30000000,None,,None,,,,,234000000,0,None,None,0.198,,591000000,306000000,,,,,None,,,,,2.364,6.67,4.709,,,,,,,,0.147,,,2025-11-04,quarterly,3.07,USD,pre-market,83000000,,0.0803,0.206,0.101,68.05,587000000,,,,339.13,353.0,0.6557,,,,,,,3153000000,,32.25,,397.32,229.75
2025-12-28,ETN,9.99,26633001000.0,32.25,,1.168,48.51,,,,,,,,,,,,,,,None,2300000000,2300000000,,,,,,None,112000000,,4.06,0.0125,,,,0.024,0.02,228000000,340000000,3.05,2006-12-31,24.1,,10191000000.0,802000000,239000000,-2000000,,,None,24000000,None,,None,,,,,241000000,0,None,None,0.198,,574000000,228000000,,,,,None,,,,,2.364,6.67,4.709,,,,,,,,0.147,,,2025-11-04,quarterly,3.07,USD,pre-market,73000000,,0.0803,0.206,0.101,68.05,571000000,,,,339.13,353.0,0.6557,,,,,,,3102000000,,32.25,,397.32,229.75
2025-12-28,ETN,9.99,26633001000.0,32.25,,1.168,48.51,,,,,,,,,,,,,,,None,2313000000,2313000000,,,,,,None,108000000,,4.06,0.0125,,,,0.024,0.02,243000000,351000000,3.05,2006-09-30,24.1,,10191000000.0,802000000,225000000,12000000,,,None,25000000,None,,None,,,,,248000000,0,None,None,0.198,,554000000,248000000,,,,,None,,,,,2.364,6.67,4.709,,,,,,,,0.147,,,2025-11-04,quarterly,3.07,USD,pre-market,86000000,,0.0803,0.206,0.101,68.05,551000000,,,,339.13,353.0,0.6557,,,,,,,3115000000,,32.25,,397.32,229.75
2025-12-28,ETN,9.99,26633001000.0,32.25,,1.168,48.51,,,,,,,,,,,,,,,None,2307000000,2307000000,,,,,,None,108000000,,4.06,0.0125,,,,0.024,0.02,288000000,396000000,3.05,2006-06-30,24.1,,10191000000.0,879000000,278000000,25000000,,,None,28000000,None,,None,,,,,253000000,0,None,None,0.198,,581000000,298000000,,,,,None,,,,,2.364,6.67,4.709,,,,,,,,0.147,,,2025-11-04,quarterly,3.07,USD,pre-market,82000000,,0.0803,0.206,0.101,68.05,575000000,,,,339.13,353.0,0.6557,,,,,,,3186000000,,32.25,,397.32,229.75
2025-12-28,ETN,9.99,26633001000.0,32.25,,1.168,48.51,,,,,,,,,,,,,,,None,2167000000,2167000000,,,,,,None,106000000,,4.06,0.0125,,,,0.024,0.02,283000000,389000000,3.05,2006-03-31,24.1,,10191000000.0,846000000,253000000,45000000,,,None,28000000,None,,None,,,,,208000000,0,None,None,0.198,,561000000,285000000,,,,,None,,,,,2.364,6.67,4.709,,,,,,,,0.147,,,2025-11-04,quarterly,3.07,USD,pre-market,81000000,,0.0803,0.206,0.101,68.05,557000000,,,,339.13,353.0,0.6557,,,,,,,3013000000,,32.25,,397.32,229.75
2025-12-28,ETN,9.99,26633001000.0,32.25,,1.168,48.51,,,,,,,,,,,,,,,None,2059000000,2059000000,,,,,,None,109000000,,4.06,0.0125,,,,0.024,0.02,252000000,361000000,3.05,2005-12-31,24.1,,10191000000.0,779000000,244000000,34000000,,,None,22000000,None,,None,,,,,210000000,0,None,None,0.198,,527000000,252000000,,,,,None,,,,,2.364,6.67,4.709,,,,,,,,0.147,,,2025-11-04,quarterly,3.07,USD,pre-market,74000000,,0.0803,0.206,0.101,68.05,526000000,,,,339.13,353.0,0.6557,,,,,,,2838000000,,32.25,,397.32,229.75
2025-12-28,ETN,9.99,26633001000.0,32.25,,1.168,48.51,,,,,,,,,,,,,,,None,2001000000,2001000000,,,,,,None,101000000,,4.06,0.0125,,,,0.024,0.02,272000000,373000000,3.05,2005-09-30,24.1,,10191000000.0,788000000,249000000,50000000,,,None,24000000,None,,None,,,,,199000000,0,None,None,0.198,,514000000,274000000,,,,,None,,,,,2.364,6.67,4.709,,,,,,,,0.147,,,2025-11-04,quarterly,3.07,USD,pre-market,75000000,,0.0803,0.206,0.101,68.05,512000000,,,,339.13,353.0,0.6557,,,,,,,2789000000,,32.25,,397.32,229.75
2025-12-28,ETN,9.99,26633001000.0,32.25,,1.168,48.51,,,,,,,,,,,,,,,None,15379000000,15379000000,,,,,,None,921000000,,4.06,0.0125,,,,0.024,0.02,4710000000,5631000000,3.05,2024-12-31,24.1,,10191000000.0,9499000000,4566000000,768000000,,,None,144000000,130000000,,None,,,,,3794000000,3798000000,-130000000,None,0.198,,4633000000,4866000000,,,,,None,,,,,2.364,6.67,4.709,,,,,,,,0.147,,,2025-11-04,annual,3.07,USD,pre-market,794000000,,0.0803,0.206,0.101,68.05,4077000000,,,,339.13,353.0,0.6557,,,,,,,24878000000,,32.25,,397.32,229.75
2025-12-28,ETN,9.99,26633001000.0,32.25,,1.168,48.51,,,,,,,,,,,,,,,None,14576000000,14576000000,,,,,,None,-63000000,,4.06,0.0125,,,,0.024,0.02,3822000000,3822000000,3.05,2023-12-31,24.1,,10191000000.0,23196000000,3827000000,604000000,,,None,151000000,151000000,,None,,,,,3218000000,2998000000,-168000000,None,0.198,,4549000000,3822000000,,,,,None,,,,,2.364,6.67,4.709,,,,,,,,0.147,,,2025-11-04,annual,3.07,USD,pre-market,754000000,,0.0803,0.206,0.101,68.05,3635000000,,,,339.13,353.0,0.6557,,,,,,,23196000000,,32.25,,397.32,229.75
2025-12-28,ETN,9.99,26633001000.0,32.25,,1.168,48.51,,,,,,,,,,,,,,,None,13846000000,13846000000,,,,,,None,954000000,,4.06,0.0125,,,,0.024,0.02,2999000000,3953000000,3.05,2022-12-31,24.1,,10191000000.0,6906000000,2911000000,445000000,,,None,88000000,144000000,,None,,,,,2462000000,2466000000,-144000000,None,0.198,,3665000000,3241000000,,,,,60000000,,,,,2.364,6.67,4.709,,,,,,,,0.147,,,2025-11-04,annual,3.07,USD,pre-market,665000000,,0.0803,0.206,0.101,68.05,3227000000,,,,339.13,353.0,0.6557,,,,,,,20752000000,,32.25,,397.32,229.75
2025-12-28,ETN,9.99,26633001000.0,32.25,,1.168,48.51,,,,,,,,,,,,,,,None,13313000000,13313000000,,,,,,None,922000000,,4.06,0.0125,,,,0.024,0.02,3040000000,3962000000,3.05,2021-12-31,24.1,,10191000000.0,6315000000,2896000000,750000000,,,None,144000000,144000000,,None,,,,,2144000000,2146000000,-144000000,None,0.198,,3445000000,2870000000,,,,,577000000,,,,,2.364,6.67,4.709,,,,,,,,0.147,,,2025-11-04,annual,3.07,USD,pre-market,616000000,,0.0803,0.206,0.101,68.05,3256000000,,,,339.13,353.0,0.6557,,,,,,,19628000000,,32.25,,397.32,229.75
2025-12-28,ETN,9.99,26633001000.0,32.25,,1.168,48.51,,,,,,,,,,,,,,,None,12413000000,12413000000,,,,,,None,811000000,,4.06,0.0125,,,,0.024,0.02,1967000000,2778000000,3.05,2020-12-31,24.1,,10191000000.0,5445000000,1746000000,331000000,,,None,221000000,149000000,,None,,,,,1410000000,1415000000,-149000000,None,0.198,,3124000000,2321000000,,,,,71000000,,,,,2.364,6.67,4.709,,,,,,,,0.147,,,2025-11-04,annual,3.07,USD,pre-market,551000000,,0.0803,0.206,0.101,68.05,3075000000,,,,339.13,353.0,0.6557,,,,,,,17858000000,,32.25,,397.32,229.75
2025-12-28,ETN,9.99,26633001000.0,32.25,,1.168,48.51,,,,,,,,,,,,,,,None,14338000000,14338000000,,,,,,None,884000000,,4.06,0.0125,,,,0.024,0.02,2827000000,3711000000,3.05,2019-12-31,24.1,,10191000000.0,7052000000,2591000000,378000000,,,None,236000000,236000000,,None,,,,,2211000000,2969000000,-236000000,None,0.198,,3991000000,3061000000,,,,,-36000000,,,,,2.364,6.67,4.709,,,,,,,,0.147,,,2025-11-04,annual,3.07,USD,pre-market,606000000,,0.0803,0.206,0.101,68.05,3583000000,,,,339.13,353.0,0.6557,,,,,,,21390000000,,32.25,,397.32,229.75
2025-12-28,ETN,9.99,26633001000.0,32.25,,1.168,48.51,,,,,,,,,,,,,,,None,14495000000,14495000000,,,,,,None,903000000,,4.06,0.0125,,,,0.024,0.02,2695000000,3598000000,3.05,2018-12-31,24.1,,10191000000.0,7114000000,2424000000,278000000,,,None,271000000,270000000,,None,,,,,2145000000,2146000000,-271000000,None,0.198,,4132000000,2982000000,,,,,4000000,,,,,2.364,6.67,4.709,,,,,,,,0.147,,,2025-11-04,annual,3.07,USD,pre-market,584000000,,0.0803,0.206,0.101,68.05,3548000000,,,,339.13,353.0,0.6557,,,,,,,21609000000,,32.25,,397.32,229.75
2025-12-28,ETN,9.99,26633001000.0,32.25,,1.168,48.51,,,,,,,,,,,,,,,None,13739000000,13739000000,,,,,,None,914000000,,4.06,0.0125,,,,0.024,0.02,3614000000,4528000000,3.05,2017-12-31,24.1,,10191000000.0,6665000000,3368000000,382000000,,,None,246000000,244000000,,None,,,,,2985000000,2986000000,-246000000,None,0.198,,3990000000,2675000000,,,,,1077000000,,,,,2.364,6.67,4.709,,,,,,,,0.147,,,2025-11-04,annual,3.07,USD,pre-market,584000000,,0.0803,0.206,0.101,68.05,3565000000,,,,339.13,353.0,0.6557,,,,,,,20404000000,,32.25,,397.32,229.75
2025-12-28,ETN,9.99,26633001000.0,32.25,,1.168,48.51,,,,,,,,,,,,,,,None,13401000000,13401000000,,,,,,None,929000000,,4.06,0.0125,,,,0.024,0.02,2351000000,3280000000,3.05,2016-12-31,24.1,,10191000000.0,6346000000,2127000000,202000000,,,None,233000000,226000000,,None,,,,,1922000000,1925000000,-233000000,None,0.198,,3879000000,2467000000,,,,,107000000,,,,,2.364,6.67,4.709,,,,,,,,0.147,,,2025-11-04,annual,3.07,USD,pre-market,589000000,,0.0803,0.206,0.101,68.05,3505000000,,,,339.13,353.0,0.6557,,,,,,,19747000000,,32.25,,397.32,229.75
2025-12-28,ETN,9.99,26633001000.0,32.25,,1.168,48.51,,,,,,,,,,,,,,,None,14308000000,14308000000,,,,,,None,925000000,,4.06,0.0125,,,,0.024,0.02,2377000000,3302000000,3.05,2015-12-31,24.1,,10191000000.0,6547000000,2145000000,164000000,,,None,232000000,232000000,,None,,,,,1979000000,2309000000,None,None,0.198,,4045000000,2502000000,,,,,35000000,,,,,2.364,6.67,4.709,,,,,,,,0.147,,,2025-11-04,annual,3.07,USD,pre-market,625000000,,0.0803,0.206,0.101,68.05,3596000000,,,,339.13,353.0,0.6557,,,,,,,20855000000,,32.25,,397.32,229.75
2025-12-28,ETN,9.99,26633001000.0,32.25,,1.168,48.51,,,,,,,,,,,,,,,None,15652000000,15652000000,,,,,,None,983000000,,4.06,0.0125,,,,0.024,0.02,1987000000,2970000000,3.05,2014-12-31,24.1,,10191000000.0,6900000000,1761000000,-42000000,,,None,226000000,None,,None,,,,,1793000000,1719000000,None,None,0.198,,4303000000,2597000000,,,,,183000000,,,,,2.364,6.67,4.709,,,,,,,,0.147,,,2025-11-04,annual,3.07,USD,pre-market,647000000,,0.0803,0.206,0.101,68.05,3810000000,,,,339.13,353.0,0.6557,,,,,,,22552000000,,32.25,,397.32,229.75
2025-12-28,ETN,9.99,26633001000.0,32.25,,1.168,48.51,,,,,,,,,,,,,,,None,15370000000,15370000000,,,,,,None,997000000,,4.06,0.0125,,,,0.024,0.02,2154000000,3151000000,3.05,2013-12-31,24.1,,10191000000.0,6676000000,1884000000,11000000,,,None,270000000,None,,None,,,,,1861000000,1895000000,None,None,0.198,,4367000000,2309000000,,,,,8000000,,,,,2.364,6.67,4.709,,,,,,,,0.147,,,2025-11-04,annual,3.07,USD,pre-market,644000000,,0.0803,0.206,0.101,68.05,3886000000,,,,339.13,353.0,0.6557,,,,,,,22046000000,,32.25,,397.32,229.75
2025-12-28,ETN,9.99,26633001000.0,32.25,,1.168,48.51,,,,,,,,,,,,,,,None,11441000000,11441000000,,,,,,None,598000000,,4.06,0.0125,,,,0.024,0.02,1459000000,2057000000,3.05,2012-12-31,24.1,,10191000000.0,4870000000,1251000000,31000000,,,None,208000000,None,,None,,,,,1217000000,1282000000,None,None,0.198,,3111000000,1759000000,,,,,-71000000,,,,,2.364,6.67,4.709,,,,,,,,0.147,,,2025-11-04,annual,3.07,USD,pre-market,439000000,,0.0803,0.206,0.101,68.05,2894000000,,,,339.13,353.0,0.6557,,,,,,,16311000000,,32.25,,397.32,229.75
2025-12-28,ETN,9.99,26633001000.0,32.25,,1.168,48.51,,,,,,,,,,,,,,,None,11261000000,11261000000,,,,,,None,556000000,,4.06,0.0125,,,,0.024,0.02,1671000000,2227000000,3.05,2011-12-31,24.1,,10191000000.0,4788000000,1553000000,201000000,,,None,118000000,None,,None,,,,,1350000000,None,None,None,0.198,,3141000000,1647000000,,,,,None,,,,,2.364,6.67,4.709,,,,,,,,0.147,,,2025-11-04,annual,3.07,USD,pre-market,417000000,,0.0803,0.206,0.101,68.05,3155000000,,,,339.13,353.0,0.6557,,,,,,,16049000000,,32.25,,397.32,229.75
2025-12-28,ETN,9.99,26633001000.0,32.25,,1.168,48.51,,,,,,,,,,,,,,,None,9639000000,9639000000,,,,,,None,551000000,,4.06,0.0125,,,,0.024,0.02,1172000000,1723000000,3.05,2010-12-31,24.1,,10191000000.0,4076000000,1036000000,99000000,,,None,136000000,None,,None,,,,,929000000,None,None,None,0.198,,2871000000,1205000000,,,,,None,,,,,2.364,6.67,4.709,,,,,,,,0.147,,,2025-11-04,annual,3.07,USD,pre-market,425000000,,0.0803,0.206,0.101,68.05,2911000000,,,,339.13,353.0,0.6557,,,,,,,13715000000,,32.25,,397.32,229.75
2025-12-28,ETN,9.99,26633001000.0,32.25,,1.168,48.51,,,,,,,,,,,,,,,None,8782000000,8782000000,,,,,,None,573000000,,4.06,0.0125,,,,0.024,0.02,444000000,1017000000,3.05,2009-12-31,24.1,,10191000000.0,3091000000,303000000,-82000000,,,None,150000000,None,,None,,,,,383000000,None,None,None,0.198,,2647000000,444000000,,,,,None,,,,,2.364,6.67,4.709,,,,,,,,0.147,,,2025-11-04,annual,3.07,USD,pre-market,395000000,,0.0803,0.206,0.101,68.05,2647000000,,,,339.13,353.0,0.6557,,,,,,,11873000000,,32.25,,397.32,229.75
2025-12-28,ETN,9.99,26633001000.0,32.25,,1.168,48.51,,,,,,,,,,,,,,,None,11191000000,11191000000,,,,,,None,592000000,,4.06,0.0125,,,,0.024,0.02,1285000000,1877000000,3.05,2008-12-31,24.1,,10191000000.0,4185000000,1128000000,73000000,,,None,157000000,None,,None,,,,,1058000000,None,None,None,0.198,,2826000000,1359000000,,,,,None,,,,,2.364,6.67,4.709,,,,,,,,0.147,,,2025-11-04,annual,3.07,USD,pre-market,417000000,,0.0803,0.206,0.101,68.05,2930000000,,,,339.13,353.0,0.6557,,,,,,,15376000000,,32.25,,397.32,229.75
2025-12-28,ETN,9.99,26633001000.0,32.25,,1.168,48.51,,,,,,,,,,,,,,,None,9382000000,9382000000,,,,,,None,469000000,,4.06,0.0125,,,,0.024,0.02,1188000000,1657000000,3.05,2007-12-31,24.1,,10191000000.0,3651000000,1041000000,82000000,,,None,147000000,None,,None,,,,,994000000,None,None,None,0.198,,2408000000,1243000000,,,,,None,,,,,2.364,6.67,4.709,,,,,,,,0.147,,,2025-11-04,annual,3.07,USD,pre-market,335000000,,0.0803,0.206,0.101,68.05,2474000000,,,,339.13,353.0,0.6557,,,,,,,13033000000,,32.25,,397.32,229.75
2025-12-28,ETN,9.99,26633001000.0,32.25,,1.168,48.51,,,,,,,,,,,,,,,None,9050000000,9050000000,,,,,,None,434000000,,4.06,0.0125,,,,0.024,0.02,1093000000,1527000000,3.05,2006-12-31,24.1,,10191000000.0,3320000000,989000000,77000000,,,None,104000000,None,,None,,,,,950000000,None,None,None,0.198,,2121000000,1199000000,,,,,None,,,,,2.364,6.67,4.709,,,,,,,,0.147,,,2025-11-04,annual,3.07,USD,pre-market,321000000,,0.0803,0.206,0.101,68.05,2267000000,,,,339.13,353.0,0.6557,,,,,,,12370000000,,32.25,,397.32,229.75
2025-12-28,ETN,9.99,26633001000.0,32.25,,1.168,48.51,,,,,,,,,,,,,,,None,7936000000,7936000000,,,,,,None,409000000,,4.06,0.0125,,,,0.024,0.02,1042000000,1451000000,3.05,2005-12-31,24.1,,10191000000.0,3083000000,996000000,191000000,,,None,90000000,None,,None,,,,,805000000,None,None,None,0.198,,2038000000,1045000000,,,,,None,,,,,2.364,6.67,4.709,,,,,,,,0.147,,,2025-11-04,annual,3.07,USD,pre-market,287000000,,0.0803,0.206,0.101,68.05,2044000000,,,,339.13,353.0,0.6557,,,,,,,11019000000,,32.25,,397.32,229.75
2025-12-28,ETN,9.99,26633001000.0,32.25,None,1.168,48.51,,568000000,328000000,328000000,,,,,,,,,4000000,390100000,None,7936000000,7936000000,3826000000,None,1897000000,5556000000,None,None,409000000,,4.06,0.0125,,,,0.024,0.02,1042000000,1451000000,3.05,2025-09-30,24.1,15806000000,10191000000.0,3083000000,996000000,191000000,5136000000,5136000000,None,90000000,None,4613000000,None,None,8756000000,None,None,805000000,None,None,None,0.198,,2038000000,1045000000,1397000000,3751000000,None,1775000000,None,,,,,2.364,6.67,4.709,,,,,,,,0.147,,4762000000,2025-11-04,quarterly,3.07,USD,pre-market,287000000,10168000000,0.0803,0.206,0.101,68.05,2044000000,11221000000,1897000000,237000000,339.13,353.0,0.6557,40650000000,12131000000,9474000000,21765000000,28519000000,12291000000,11019000000,18885000000,32.25,None,397.32,229.75
2025-12-28,ETN,9.99,26633001000.0,32.25,None,1.168,48.51,,587000000,398000000,398000000,,,,,,,,,4000000,392500000,None,7936000000,7936000000,3762000000,None,2245000000,5486000000,None,None,409000000,,4.06,0.0125,,,,0.024,0.02,1042000000,1451000000,3.05,2025-06-30,24.1,15790000000,10191000000.0,3083000000,996000000,191000000,5227000000,5227000000,None,90000000,None,4581000000,None,None,8751000000,None,None,805000000,None,None,None,0.198,,2038000000,1045000000,1246000000,3587000000,None,1729000000,None,,,,,2.364,6.67,4.709,,,,,,,,0.147,,4741000000,2025-11-04,quarterly,3.07,USD,pre-market,287000000,9917000000,0.0803,0.206,0.101,68.05,2044000000,11583000000,2245000000,186000000,339.13,353.0,0.6557,40507000000,11897000000,9594000000,21860000000,28610000000,12266000000,11019000000,18647000000,32.25,None,397.32,229.75
2025-12-28,ETN,9.99,26633001000.0,32.25,None,1.168,48.51,,669000000,1777000000,1777000000,,,,,,,,,4000000,393600000,None,7936000000,7936000000,3654000000,None,2471000000,5094000000,None,None,409000000,,4.06,0.0125,,,,0.024,0.02,1042000000,1451000000,3.05,2025-03-31,24.1,14851000000,10191000000.0,3083000000,996000000,191000000,4586000000,4586000000,None,90000000,None,4392000000,None,None,7609000000,None,None,805000000,None,None,None,0.198,,2038000000,1045000000,1009000000,3397000000,None,1697000000,None,,,,,2.364,6.67,4.709,,,,,,,,0.147,,4578000000,2025-11-04,quarterly,3.07,USD,pre-market,287000000,10041000000,0.0803,0.206,0.101,68.05,2044000000,10749000000,2471000000,162000000,339.13,353.0,0.6557,39206000000,12434000000,9522000000,20659000000,26771000000,11137000000,11019000000,18506000000,32.25,None,397.32,229.75
2025-12-28,ETN,9.99,26633001000.0,32.25,None,1.168,48.51,,669000000,555000000,555000000,,,,,,,,,4000000,396000000,None,7936000000,7936000000,3678000000,None,674000000,4619000000,None,None,409000000,,4.06,0.0125,,,,0.024,0.02,1042000000,1451000000,3.05,2024-12-31,24.1,14713000000,10191000000.0,3083000000,996000000,191000000,4657000000,4657000000,None,90000000,None,4227000000,None,None,8478000000,None,None,805000000,None,None,None,0.198,,2038000000,1045000000,875000000,3505000000,None,1666000000,None,,,,,2.364,6.67,4.709,,,,,,,,0.147,,4535000000,2025-11-04,quarterly,3.07,USD,pre-market,287000000,10096000000,0.0803,0.206,0.101,68.05,2044000000,9821000000,674000000,1525000000,339.13,353.0,0.6557,38381000000,11801000000,7857000000,19850000000,26580000000,11993000000,11019000000,18488000000,32.25,None,397.32,229.75
2025-12-28,ETN,9.99,26633001000.0,32.25,None,1.168,48.51,,681000000,473000000,473000000,,,,,,,,,4000000,398900000,None,7936000000,7936000000,3609000000,None,717000000,4886000000,None,None,409000000,,4.06,0.0125,,,,0.024,0.02,1042000000,1451000000,3.05,2024-09-30,24.1,15044000000,10191000000.0,3083000000,996000000,191000000,4809000000,4809000000,None,90000000,None,4178000000,None,None,8678000000,None,None,805000000,None,None,None,0.198,,2038000000,1045000000,1094000000,3615000000,None,1504000000,None,,,,,2.364,6.67,4.709,,,,,,,,0.147,,4528000000,2025-11-04,quarterly,3.07,USD,pre-market,287000000,10366000000,0.0803,0.206,0.101,68.05,2044000000,10076000000,717000000,1521000000,339.13,353.0,0.6557,39236000000,12152000000,7941000000,20074000000,27084000000,12133000000,11019000000,19117000000,32.25,None,397.32,229.75
2025-12-28,ETN,9.99,26633001000.0,32.25,None,1.168,48.51,,656000000,540000000,540000000,,,,,,,,,4000000,401000000,None,7936000000,7936000000,3497000000,None,1282000000,4861000000,None,None,409000000,,4.06,0.0125,,,,0.024,0.02,1042000000,1451000000,3.05,2024-06-30,24.1,14849000000,10191000000.0,3083000000,996000000,191000000,4883000000,4883000000,None,90000000,None,3963000000,None,None,8555000000,None,None,805000000,None,None,None,0.198,,2038000000,1045000000,1047000000,3341000000,None,1483000000,None,,,,,2.364,6.67,4.709,,,,,,,,0.147,,None,2025-11-04,quarterly,3.07,USD,pre-market,287000000,10622000000,0.0803,0.206,0.101,68.05,2044000000,10493000000,1282000000,2241000000,339.13,353.0,0.6557,39381000000,12652000000,8120000000,20128000000,26729000000,12007000000,11019000000,19219000000,32.25,None,397.32,229.75
2025-12-28,ETN,9.99,26633001000.0,32.25,None,1.168,48.51,,601000000,473000000,473000000,,,,,,,,,4000000,401900000,None,7936000000,7936000000,3400000000,None,995000000,4674000000,None,None,409000000,,4.06,0.0125,,,,0.024,0.02,1042000000,1451000000,3.05,2024-03-31,24.1,14877000000,10191000000.0,3083000000,996000000,191000000,4975000000,4975000000,None,90000000,None,3868000000,None,None,8192000000,None,None,805000000,None,None,None,0.198,,2038000000,1045000000,869000000,3218000000,None,1477000000,None,,,,,2.364,6.67,4.709,,,,,,,,0.147,,None,2025-11-04,quarterly,3.07,USD,pre-market,287000000,10605000000,0.0803,0.206,0.101,68.05,2044000000,9788000000,995000000,1969000000,339.13,353.0,0.6557,38535000000,11853000000,7613000000,19209000000,26683000000,11596000000,11019000000,19292000000,32.25,None,397.32,229.75
2025-12-28,ETN,9.99,26633001000.0,32.25,None,1.168,48.51,,533000000,488000000,488000000,,,,,,,,,4000000,401800000,None,7936000000,7936000000,3365000000,None,1025000000,4475000000,None,None,409000000,,4.06,0.0125,,,,0.024,0.02,1042000000,1451000000,3.05,2023-12-31,24.1,14977000000,10191000000.0,3083000000,996000000,191000000,5092000000,5092000000,None,90000000,None,3739000000,None,None,8244000000,None,None,805000000,None,None,None,0.198,,2038000000,1045000000,852000000,3357000000,None,1489000000,None,,,,,2.364,6.67,4.709,,,,,,,,0.147,,None,2025-11-04,quarterly,3.07,USD,pre-market,287000000,10305000000,0.0803,0.206,0.101,68.05,2044000000,9802000000,1025000000,2121000000,339.13,353.0,0.6557,38432000000,11675000000,7747000000,19363000000,26757000000,11616000000,11019000000,19036000000,32.25,None,397.32,229.75
2025-12-28,ETN,9.99,26633001000.0,32.25,None,1.168,48.51,,486000000,348000000,348000000,,,,,,,,,4000000,401600000,None,7936000000,7936000000,3255000000,None,999000000,4460000000,None,None,409000000,,4.06,0.0125,,,,0.024,0.02,1042000000,1451000000,3.05,2023-09-30,24.1,14781000000,10191000000.0,3083000000,996000000,191000000,5158000000,5158000000,None,90000000,None,3713000000,None,None,8150000000,None,None,805000000,None,None,None,0.198,,2038000000,1045000000,904000000,3309000000,None,1429000000,None,,,,,2.364,6.67,4.709,,,,,,,,0.147,,3941000000,2025-11-04,quarterly,3.07,USD,pre-market,287000000,9703000000,0.0803,0.206,0.101,68.05,2044000000,9635000000,999000000,1558000000,339.13,353.0,0.6557,37289000000,10983000000,7563000000,18869000000,26305000000,11306000000,11019000000,18383000000,32.25,None,397.32,229.75
2025-12-28,ETN,9.99,26633001000.0,32.25,None,1.168,48.51,,482000000,353000000,353000000,,,,,,,,,4000000,400700000,None,7936000000,7936000000,3192000000,None,496000000,4399000000,None,None,409000000,,4.06,0.0125,,,,0.024,0.02,1042000000,1451000000,3.05,2023-06-30,24.1,14914000000,10191000000.0,3083000000,996000000,191000000,5285000000,5285000000,None,90000000,None,3670000000,None,None,8804000000,None,None,805000000,None,None,None,0.198,,2038000000,1045000000,904000000,3037000000,None,2725000000,None,,,,,2.364,6.67,4.709,,,,,,,,0.147,,3861000000,2025-11-04,quarterly,3.07,USD,pre-market,287000000,9156000000,0.0803,0.206,0.101,68.05,2044000000,9782000000,496000000,977000000,339.13,353.0,0.6557,36773000000,10303000000,6725000000,18784000000,26470000000,12059000000,11019000000,17953000000,32.25,None,397.32,229.75
2025-12-28,ETN,9.99,26633001000.0,32.25,None,1.168,48.51,,466000000,235000000,235000000,,,,,,,,,4000000,400500000,None,7936000000,7936000000,3118000000,None,95000000,4239000000,None,None,409000000,,4.06,0.0125,,,,0.024,0.02,1042000000,1451000000,3.05,2023-03-31,24.1,14894000000,10191000000.0,3083000000,996000000,191000000,5386000000,5386000000,None,90000000,None,3604000000,None,None,8701000000,None,None,805000000,None,None,None,0.198,,2038000000,1045000000,771000000,2874000000,None,2708000000,None,,,,,2.364,6.67,4.709,,,,,,,,0.147,,3206000000,2025-11-04,quarterly,3.07,USD,pre-market,287000000,8757000000,0.0803,0.206,0.101,68.05,2044000000,9262000000,95000000,289000000,339.13,353.0,0.6557,35517000000,9138000000,6087000000,18032000000,26380000000,11945000000,11019000000,17449000000,32.25,None,397.32,229.75
2025-12-28,ETN,9.99,26633001000.0,32.25,-4867000000,1.168,48.51,,459000000,294000000,294000000,,,,,,,,,4000000,400300000,None,7936000000,7936000000,3072000000,None,334000000,4076000000,None,None,409000000,,4.06,0.0125,,,,0.024,0.02,1042000000,1451000000,3.05,2022-12-31,24.1,14796000000,10191000000.0,3083000000,996000000,191000000,5485000000,5485000000,None,90000000,None,3430000000,None,None,8321000000,None,None,805000000,None,None,None,0.198,,2038000000,1045000000,685000000,2954000000,None,1443000000,None,,,,,2.364,6.67,4.709,,,,,,,,0.147,,3716000000,2025-11-04,quarterly,3.07,USD,pre-market,287000000,8468000000,0.0803,0.206,0.101,68.05,2044000000,9114000000,334000000,261000000,339.13,353.0,0.6557,35030000000,8761000000,6360000000,17954000000,26267000000,11579000000,11019000000,17038000000,32.25,None,397.32,229.75
2025-12-28,ETN,9.99,26633001000.0,32.25,None,1.168,48.51,,447000000,231000000,231000000,,,,,,,,,4000000,400300000,None,7936000000,7936000000,2937000000,None,926000000,3816000000,None,None,409000000,,4.06,0.0125,,,,0.024,0.02,1042000000,1451000000,3.05,2022-09-30,24.1,14479000000,10191000000.0,3083000000,996000000,191000000,5492000000,5492000000,None,90000000,None,3428000000,None,None,8082000000,None,None,805000000,None,None,None,0.198,,2038000000,1045000000,778000000,2790000000,None,2999000000,None,,,,,2.364,6.67,4.709,,,,,,,,0.147,,3522000000,2025-11-04,quarterly,3.07,USD,pre-market,287000000,8070000000,0.0803,0.206,0.101,68.05,2044000000,9455000000,926000000,287000000,339.13,353.0,0.6557,34364000000,8540000000,6653000000,18261000000,25826000000,11608000000,11019000000,16068000000,32.25,None,397.32,229.75
2025-12-28,ETN,9.99,26633001000.0,32.25,None,1.168,48.51,,386000000,364000000,364000000,,,,,,,,,4000000,400700000,None,7936000000,7936000000,3013000000,None,3422000000,3837000000,None,None,409000000,,4.06,0.0125,,,,0.024,0.02,1042000000,1451000000,3.05,2022-06-30,24.1,14805000000,10191000000.0,3083000000,996000000,191000000,5689000000,5689000000,None,90000000,None,3445000000,None,None,6277000000,None,None,805000000,None,None,None,0.198,,2038000000,1045000000,782000000,2539000000,None,2857000000,None,,,,,2.364,6.67,4.709,,,,,,,,0.147,,3042000000,2025-11-04,quarterly,3.07,USD,pre-market,287000000,7886000000,0.0803,0.206,0.101,68.05,2044000000,10085000000,3422000000,259000000,339.13,353.0,0.6557,35153000000,8687000000,8974000000,18737000000,26466000000,9763000000,11019000000,16380000000,32.25,None,397.32,229.75
2025-12-28,ETN,9.99,26633001000.0,32.25,None,1.168,48.51,,342000000,237000000,237000000,,,,,,,,,4000000,401800000,None,7936000000,7936000000,2867000000,None,2844000000,3667000000,None,None,409000000,,4.06,0.0125,,,,0.024,0.02,1042000000,1451000000,3.05,2022-03-31,24.1,14955000000,10191000000.0,3083000000,996000000,191000000,6012000000,6012000000,None,90000000,None,3317000000,None,None,6763000000,None,None,805000000,None,None,None,0.198,,2038000000,1045000000,705000000,2545000000,None,2898000000,None,,,,,2.364,6.67,4.709,,,,,,,,0.147,,3098000000,2025-11-04,quarterly,3.07,USD,pre-market,287000000,7707000000,0.0803,0.206,0.101,68.05,2044000000,9949000000,2844000000,268000000,339.13,353.0,0.6557,35208000000,8194000000,8256000000,18552000000,27014000000,10296000000,11019000000,16620000000,32.25,None,397.32,229.75
2025-12-28,ETN,9.99,26633001000.0,32.25,-4754000000,1.168,48.51,,337000000,297000000,297000000,,,,,,,,,4000000,402100000,None,7936000000,7936000000,2797000000,None,1748000000,3297000000,None,None,409000000,,4.06,0.0125,,,,0.024,0.02,1042000000,1451000000,3.05,2021-12-31,24.1,14751000000,10191000000.0,3083000000,996000000,191000000,5855000000,5855000000,None,90000000,None,2969000000,None,None,6831000000,None,None,805000000,None,None,None,0.198,,2038000000,1045000000,677000000,2667000000,None,1502000000,None,,,,,2.364,6.67,4.709,,,,,,,,0.147,,3506000000,2025-11-04,quarterly,3.07,USD,pre-market,287000000,7594000000,0.0803,0.206,0.101,68.05,2044000000,8916000000,1748000000,271000000,339.13,353.0,0.6557,34027000000,7511000000,7212000000,17576000000,26516000000,10364000000,11019000000,16413000000,32.25,None,397.32,229.75
2025-12-28,ETN,9.99,26633001000.0,32.25,None,1.168,48.51,,343000000,271000000,271000000,,,,,,,,,4000000,401900000,None,7936000000,7936000000,2591000000,None,544000000,3393000000,None,None,409000000,,4.06,0.0125,,,,0.024,0.02,1042000000,1451000000,3.05,2021-09-30,24.1,14767000000,10191000000.0,3083000000,996000000,191000000,6041000000,6041000000,None,90000000,None,2802000000,None,None,8520000000,None,None,805000000,None,None,None,0.198,,2038000000,1045000000,632000000,2779000000,None,1541000000,None,,,,,2.364,6.67,4.709,,,,,,,,0.147,,3025000000,2025-11-04,quarterly,3.07,USD,pre-market,287000000,7345000000,0.0803,0.206,0.101,68.05,2044000000,9407000000,544000000,389000000,339.13,353.0,0.6557,34128000000,7487000000,5914000000,18114000000,26641000000,12200000000,11019000000,15971000000,32.25,None,397.32,229.75
2025-12-28,ETN,9.99,26633001000.0,32.25,None,1.168,48.51,,366000000,279000000,279000000,,,,,,,,,4000000,401400000,None,7936000000,7936000000,2484000000,None,3381000000,3341000000,None,None,409000000,,4.06,0.0125,,,,0.024,0.02,1042000000,1451000000,3.05,2021-06-30,24.1,14880000000,10191000000.0,3083000000,996000000,191000000,6195000000,6195000000,None,90000000,None,2668000000,None,None,8721000000,None,None,805000000,None,None,None,0.198,,2038000000,1045000000,3240000000,3041000000,None,1460000000,None,,,,,2.364,6.67,4.709,,,,,,,,0.147,,3528000000,2025-11-04,quarterly,3.07,USD,pre-market,287000000,7068000000,0.0803,0.206,0.101,68.05,2044000000,12468000000,3381000000,261000000,339.13,353.0,0.6557,36804000000,9789000000,8906000000,21354000000,27015000000,12448000000,11019000000,15408000000,32.25,None,397.32,229.75
2025-12-28,ETN,9.99,26633001000.0,32.25,None,1.168,48.51,,328000000,354000000,354000000,,,,,,,,,4000000,400900000,None,7936000000,7936000000,2172000000,None,1476000000,3065000000,None,None,409000000,,4.06,0.0125,,,,0.024,0.02,1042000000,1451000000,3.05,2021-03-31,24.1,13757000000,10191000000.0,3083000000,996000000,191000000,4722000000,4722000000,None,90000000,None,2399000000,None,None,8682000000,None,None,805000000,None,None,None,0.198,,2038000000,1045000000,3142000000,2933000000,None,1398000000,None,,,,,2.364,6.67,4.709,,,,,,,,0.147,,3351000000,2025-11-04,quarterly,3.07,USD,pre-market,287000000,6883000000,0.0803,0.206,0.101,68.05,2044000000,10486000000,1476000000,945000000,339.13,353.0,0.6557,34080000000,9905000000,6581000000,19043000000,24175000000,12462000000,11019000000,14995000000,32.25,None,397.32,229.75
2025-12-28,ETN,9.99,26633001000.0,32.25,-4624000000,1.168,48.51,,326000000,438000000,438000000,,,,,,,,,4000000,401300000,None,7936000000,7936000000,1987000000,None,1048000000,2904000000,None,None,409000000,,4.06,0.0125,,,,0.024,0.02,1042000000,1451000000,3.05,2020-12-31,24.1,12903000000,10191000000.0,3083000000,996000000,191000000,4175000000,4175000000,None,90000000,None,2109000000,None,None,7010000000,None,None,805000000,None,None,None,0.198,,2038000000,1045000000,3063000000,2846000000,None,3683000000,None,,,,,2.364,6.67,4.709,,,,,,,,0.147,,2964000000,2025-11-04,quarterly,3.07,USD,pre-market,287000000,6794000000,0.0803,0.206,0.101,68.05,2044000000,8384000000,1048000000,664000000,339.13,353.0,0.6557,31824000000,9178000000,5881000000,16851000000,22646000000,10970000000,11019000000,14930000000,32.25,None,397.32,229.75
2025-12-28,ETN,9.99,26633001000.0,32.25,None,1.168,48.51,,323000000,429000000,429000000,,,,,,,,,4000000,402300000,None,7936000000,7936000000,1788000000,None,1253000000,2876000000,None,None,409000000,,4.06,0.0125,,,,0.024,0.02,1042000000,1451000000,3.05,2020-09-30,24.1,12677000000,10191000000.0,3083000000,996000000,191000000,4179000000,4179000000,None,90000000,None,2096000000,None,None,6948000000,None,None,805000000,None,None,None,0.198,,2038000000,1045000000,2936000000,2764000000,None,3408000000,None,,,,,2.364,6.67,4.709,,,,,,,,0.147,,2916000000,2025-11-04,quarterly,3.07,USD,pre-market,287000000,6741000000,0.0803,0.206,0.101,68.05,2044000000,8524000000,1253000000,334000000,339.13,353.0,0.6557,30985000000,8671000000,5805000000,16467000000,22314000000,10662000000,11019000000,14476000000,32.25,None,397.32,229.75
2025-12-28,ETN,9.99,26633001000.0,32.25,None,1.168,48.51,,320000000,292000000,292000000,,,,,,,,,4000000,401300000,None,7936000000,7936000000,1620000000,None,1362000000,2647000000,None,None,409000000,,4.06,0.0125,,,,0.024,0.02,1042000000,1451000000,3.05,2020-06-30,24.1,12497000000,10191000000.0,3083000000,996000000,191000000,4241000000,4241000000,None,90000000,None,2138000000,None,None,6906000000,None,None,805000000,None,None,None,0.198,,2038000000,1045000000,2932000000,2507000000,None,3408000000,None,,,,,2.364,6.67,4.709,,,,,,,,0.147,,2904000000,2025-11-04,quarterly,3.07,USD,pre-market,287000000,6767000000,0.0803,0.206,0.101,68.05,2044000000,8588000000,1362000000,204000000,339.13,353.0,0.6557,30348000000,8213000000,5489000000,16113000000,22135000000,10624000000,11019000000,14188000000,32.25,None,397.32,229.75
2025-12-28,ETN,9.99,26633001000.0,32.25,None,1.168,48.51,,334000000,239000000,239000000,,,,,,,,,4000000,411100000,None,7936000000,7936000000,1785000000,None,587000000,2951000000,None,None,409000000,,4.06,0.0125,,,,0.024,0.02,1042000000,1451000000,3.05,2020-03-31,24.1,12397000000,10191000000.0,3083000000,996000000,191000000,4319000000,4319000000,None,90000000,None,2346000000,None,None,7842000000,None,None,805000000,None,None,None,0.198,,2038000000,1045000000,2956000000,2572000000,None,3417000000,None,,,,,2.364,6.67,4.709,,,,,,,,0.147,,2939000000,2025-11-04,quarterly,3.07,USD,pre-market,287000000,7007000000,0.0803,0.206,0.101,68.05,2044000000,8763000000,587000000,178000000,339.13,353.0,0.6557,30845000000,8670000000,4944000000,16557000000,22175000000,11613000000,11019000000,14245000000,32.25,None,397.32,229.75
2025-12-28,ETN,9.99,26633001000.0,32.25,-5210000000,1.168,48.51,,331000000,370000000,370000000,,,,,,,,,4000000,415800000,None,7936000000,7936000000,2114000000,None,503000000,3437000000,None,None,409000000,,4.06,0.0125,,,,0.024,0.02,1042000000,1451000000,3.05,2019-12-31,24.1,13456000000,10191000000.0,3083000000,996000000,191000000,4638000000,4638000000,None,90000000,None,2805000000,None,None,7819000000,None,60000000,805000000,None,None,None,0.198,,2038000000,1045000000,1895000000,2515000000,None,325000000,None,,,,,2.364,6.67,4.709,,,,,,,,0.147,,3496000000,2025-11-04,quarterly,3.07,USD,pre-market,287000000,8170000000,0.0803,0.206,0.101,68.05,2044000000,8653000000,503000000,221000000,339.13,353.0,0.6557,32805000000,8728000000,5132000000,16672000000,24077000000,11540000000,11019000000,16082000000,32.25,None,397.32,229.75
2025-12-28,ETN,9.99,26633001000.0,32.25,-5210000000,1.168,48.51,,333000000,549000000,549000000,,,,,,,,,4000000,418400000,None,7936000000,7936000000,2290000000,None,8000000,3787000000,None,None,409000000,,4.06,0.0125,,,,0.024,0.02,1042000000,1451000000,3.05,2019-09-30,24.1,13337000000,10191000000.0,3083000000,996000000,191000000,4657000000,4657000000,None,90000000,None,2901000000,None,None,8013000000,None,72000000,805000000,None,None,None,0.198,,2038000000,1045000000,494000000,2363000000,None,1118000000,None,,,,,2.364,6.67,4.709,,,,,,,,0.147,,3927000000,2025-11-04,quarterly,3.07,USD,pre-market,287000000,8062000000,0.0803,0.206,0.101,68.05,2044000000,8354000000,8000000,281000000,339.13,353.0,0.6557,31895000000,8012000000,4661000000,15995000000,23883000000,11334000000,11019000000,15848000000,32.25,None,397.32,229.75
2025-12-28,ETN,9.99,26633001000.0,32.25,-5215000000,1.168,48.51,,311000000,412000000,412000000,,,,,,,,,4000000,423100000,None,7936000000,7936000000,2268000000,None,7000000,3944000000,None,None,409000000,,4.06,0.0125,,,,0.024,0.02,1042000000,1451000000,3.05,2019-06-30,24.1,13463000000,10191000000.0,3083000000,996000000,191000000,4766000000,4766000000,None,90000000,None,2853000000,None,None,8079000000,None,59000000,805000000,None,None,None,0.198,,2038000000,1045000000,532000000,2175000000,None,1064000000,None,,,,,2.364,6.67,4.709,,,,,,,,0.147,,3510000000,2025-11-04,quarterly,3.07,USD,pre-market,287000000,8300000000,0.0803,0.206,0.101,68.05,2044000000,8397000000,7000000,385000000,339.13,353.0,0.6557,32244000000,8126000000,4450000000,15883000000,24118000000,11433000000,11019000000,16306000000,32.25,None,397.32,229.75
2025-12-28,ETN,9.99,26633001000.0,32.25,-5129000000,1.168,48.51,,308000000,303000000,303000000,,,,,,,,,4000000,425900000,None,7936000000,7936000000,2274000000,None,783000000,3865000000,None,None,409000000,,4.06,0.0125,,,,0.024,0.02,1042000000,1451000000,3.05,2019-03-31,24.1,13318000000,10191000000.0,3083000000,996000000,191000000,4754000000,4754000000,None,90000000,None,2897000000,None,None,6782000000,None,32000000,805000000,None,None,None,0.198,,2038000000,1045000000,536000000,2229000000,None,1265000000,None,,,,,2.364,6.67,4.709,,,,,,,,0.147,,3473000000,2025-11-04,quarterly,3.07,USD,pre-market,287000000,8225000000,0.0803,0.206,0.101,68.05,2044000000,7873000000,783000000,143000000,339.13,353.0,0.6557,31649000000,7744000000,5286000000,15382000000,23905000000,10096000000,11019000000,16233000000,32.25,None,397.32,229.75
2025-12-28,ETN,9.99,26633001000.0,32.25,-5105000000,1.168,48.51,,None,283000000,283000000,,,,,,,,,4000000,432400000,None,7936000000,7936000000,2130000000,None,340000000,3858000000,None,None,409000000,,4.06,0.0125,,,,0.024,0.02,1042000000,1451000000,3.05,2018-12-31,24.1,13328000000,10191000000.0,3083000000,996000000,191000000,4846000000,4846000000,None,90000000,None,2785000000,None,None,6797000000,None,22000000,805000000,None,None,None,0.198,,2038000000,1045000000,507000000,2271000000,None,1304000000,None,,,,,2.364,6.67,4.709,,,,,,,,0.147,,3467000000,2025-11-04,quarterly,3.07,USD,pre-market,287000000,8161000000,0.0803,0.206,0.101,68.05,2044000000,7521000000,753000000,157000000,339.13,353.0,0.6557,31092000000,7590000000,5154000000,14950000000,23502000000,9796000000,11019000000,16107000000,32.25,None,397.32,229.75
2025-12-28,ETN,9.99,26633001000.0,32.25,-5054000000,1.168,48.51,,None,327000000,327000000,,,,,,,,,20584000000,436300000,None,7936000000,7936000000,2165000000,None,427000000,4027000000,None,None,409000000,,4.06,0.0125,,,,0.024,0.02,1042000000,1451000000,3.05,2018-09-30,24.1,13385000000,10191000000.0,3083000000,996000000,191000000,4949000000,4949000000,None,90000000,None,2835000000,None,None,6799000000,None,16000000,805000000,None,None,None,0.198,,2038000000,1045000000,500000000,2594000000,None,1160000000,None,,,,,2.364,6.67,4.709,,,,,,,,0.147,,3446000000,2025-11-04,quarterly,3.07,USD,pre-market,287000000,0,0.0803,0.206,0.101,68.05,2044000000,7245000000,508000000,178000000,339.13,353.0,0.6557,31628000000,7867000000,5267000000,14839000000,23761000000,9572000000,11019000000,16754000000,32.25,0,397.32,229.75
2025-12-28,ETN,9.99,26633001000.0,32.25,5031000000,1.168,48.51,,None,256000000,256000000,,,,,,,,,20422000000,437300000,None,7936000000,7936000000,2192000000,None,429000000,4092000000,None,None,409000000,,4.06,0.0125,,,,0.024,0.02,1042000000,1451000000,3.05,2018-06-30,24.1,13427000000,10191000000.0,3083000000,996000000,191000000,5050000000,5050000000,None,90000000,None,2753000000,None,None,6804000000,None,18000000,805000000,None,None,None,0.198,,2038000000,1045000000,576000000,2263000000,None,1174000000,None,,,,,2.364,6.67,4.709,,,,,,,,0.147,,2458000000,2025-11-04,quarterly,3.07,USD,pre-market,287000000,0,0.0803,0.206,0.101,68.05,2044000000,7685000000,932000000,236000000,339.13,353.0,0.6557,31865000000,7913000000,5387000000,15140000000,23952000000,9753000000,11019000000,16690000000,32.25,0,397.32,229.75
2025-12-28,ETN,9.99,26633001000.0,32.25,5123000000,1.168,48.51,,None,317000000,317000000,,,,,,,,,20371000000,441700000,None,7936000000,7936000000,2203000000,None,849000000,4005000000,None,None,409000000,,4.06,0.0125,,,,0.024,0.02,1042000000,1451000000,3.05,2018-03-31,24.1,13698000000,10191000000.0,3083000000,996000000,191000000,5206000000,5206000000,None,90000000,None,2745000000,None,None,6882000000,None,21000000,805000000,None,None,None,0.198,,2038000000,1045000000,552000000,2161000000,None,1225000000,None,,,,,2.364,6.67,4.709,,,,,,,,0.147,,2531000000,2025-11-04,quarterly,3.07,USD,pre-market,287000000,0,0.0803,0.206,0.101,68.05,2044000000,7877000000,1032000000,510000000,339.13,353.0,0.6557,32668000000,8129000000,5396000000,15367000000,24539000000,9971000000,11019000000,17263000000,32.25,0,397.32,229.75
2025-12-28,ETN,9.99,26633001000.0,32.25,-5003000000,1.168,48.51,,None,561000000,561000000,,,,,,,,,4000000,443300000,None,7936000000,7936000000,2166000000,None,578000000,3943000000,None,None,409000000,,4.06,0.0125,,,,0.024,0.02,1042000000,1451000000,3.05,2017-12-31,24.1,13568000000,10191000000.0,3083000000,996000000,191000000,5265000000,5265000000,None,90000000,None,2620000000,None,None,7167000000,None,41000000,805000000,None,None,None,0.198,,2038000000,1045000000,679000000,2325000000,None,1226000000,None,,,,,2.364,6.67,4.709,,,,,,,,0.147,,3502000000,2025-11-04,quarterly,3.07,USD,pre-market,287000000,8669000000,0.0803,0.206,0.101,68.05,2044000000,7751000000,584000000,534000000,339.13,353.0,0.6557,32600000000,8314000000,5075000000,15310000000,24286000000,10258000000,11019000000,17253000000,32.25,0,397.32,229.75
2025-12-28,ETN,9.99,26633001000.0,32.25,4952000000,1.168,48.51,,None,791000000,791000000,,,,,,,,,20256000000,445200000,None,7936000000,7936000000,2039000000,None,1494000000,3962000000,None,None,409000000,,4.06,0.0125,,,,0.024,0.02,1042000000,1451000000,3.05,2017-09-30,24.1,13545000000,10191000000.0,3083000000,996000000,191000000,5354000000,5354000000,None,90000000,None,2457000000,None,None,7273000000,None,None,805000000,None,None,None,0.198,,2038000000,1045000000,396000000,2362000000,None,1328000000,None,,,,,2.364,6.67,4.709,,,,,,,,0.147,,2498000000,2025-11-04,quarterly,3.07,USD,pre-market,287000000,0,0.0803,0.206,0.101,68.05,2044000000,8772000000,1499000000,843000000,339.13,353.0,0.6557,32725000000,8449000000,5900000000,16089000000,24276000000,10189000000,11019000000,16593000000,32.25,0,397.32,229.75
2025-12-28,ETN,9.99,26633001000.0,32.25,4859000000,1.168,48.51,,None,312000000,312000000,,,,,,,,,19414000000,448600000,None,7936000000,7936000000,1885000000,None,8615000000,3813000000,None,None,409000000,,4.06,0.0125,,,,0.024,0.02,1042000000,1451000000,3.05,2017-06-30,24.1,13478000000,10191000000.0,3083000000,996000000,191000000,5410000000,5410000000,None,90000000,None,2393000000,None,None,6264000000,None,None,805000000,None,None,None,0.198,,2038000000,1045000000,444000000,2083000000,None,1578000000,None,,,,,2.364,6.67,4.709,,,,,,,,0.147,,2455000000,2025-11-04,quarterly,3.07,USD,pre-market,287000000,0,0.0803,0.206,0.101,68.05,2044000000,8605000000,2341000000,525000000,339.13,353.0,0.6557,31355000000,7487000000,6309000000,15761000000,23868000000,9452000000,11019000000,15552000000,32.25,0,397.32,229.75
2025-12-28,ETN,9.99,26633001000.0,32.25,4724000000,1.168,48.51,,None,222000000,222000000,,,,,,,,,19342000000,451000000,None,7936000000,7936000000,1891000000,None,1536000000,3673000000,None,None,409000000,,4.06,0.0125,,,,0.024,0.02,1042000000,1451000000,3.05,2017-03-31,24.1,13296000000,10191000000.0,3083000000,996000000,191000000,5441000000,5441000000,None,90000000,None,2344000000,None,None,6677000000,None,None,805000000,None,None,None,0.198,,2038000000,1045000000,435000000,2130000000,None,1553000000,None,,,,,2.364,6.67,4.709,,,,,,,,0.147,,2413000000,2025-11-04,quarterly,3.07,USD,pre-market,287000000,0,0.0803,0.206,0.101,68.05,2044000000,8213000000,1536000000,301000000,339.13,353.0,0.6557,30611000000,6975000000,5557000000,15412000000,23636000000,9855000000,11019000000,15157000000,32.25,0,397.32,229.75
2025-12-28,ETN,9.99,26633001000.0,32.25,-4596000000,1.168,48.51,,None,543000000,543000000,,,,,,,,,5000000,452400000,None,7936000000,7936000000,1718000000,None,1552000000,3560000000,None,None,409000000,,4.06,0.0125,,,,0.024,0.02,1042000000,1451000000,3.05,2016-12-31,24.1,13201000000,10191000000.0,3083000000,996000000,191000000,5514000000,5514000000,None,90000000,None,2254000000,None,None,6711000000,None,84000000,805000000,None,None,None,0.198,,2038000000,1045000000,381000000,2201000000,None,1659000000,None,,,,,2.364,6.67,4.709,,,,,,,,0.147,,3443000000,2025-11-04,quarterly,3.07,USD,pre-market,287000000,7498000000,0.0803,0.206,0.101,68.05,2044000000,8277000000,1566000000,203000000,339.13,353.0,0.6557,30419000000,6941000000,5485000000,15478000000,23478000000,9993000000,11019000000,14897000000,32.25,0,397.32,229.75
2025-12-28,ETN,9.99,26633001000.0,32.25,None,1.168,48.51,,None,494000000,494000000,,,,,,,,,19225000000,455600000,None,7936000000,7936000000,1790000000,None,8450000000,3659000000,None,None,409000000,,4.06,0.0125,,,,0.024,0.02,1042000000,1451000000,3.05,2016-09-30,24.1,13434000000,10191000000.0,3083000000,996000000,191000000,5689000000,5689000000,None,90000000,None,2328000000,None,None,7881000000,None,None,805000000,None,None,None,0.198,,2038000000,1045000000,393000000,2254000000,None,1532000000,None,,,,,2.364,6.67,4.709,,,,,,,,0.147,,3506000000,2025-11-04,quarterly,3.07,USD,pre-market,287000000,0,0.0803,0.206,0.101,68.05,2044000000,8432000000,551000000,213000000,339.13,353.0,0.6557,31237000000,7087000000,4595000000,15791000000,24150000000,11196000000,11019000000,15404000000,32.25,0,397.32,229.75
2025-12-28,ETN,9.99,26633001000.0,32.25,None,1.168,48.51,,None,323000000,323000000,,,,,,,,,19165000000,458300000,None,7936000000,7936000000,1802000000,None,8433000000,3628000000,None,None,409000000,,4.06,0.0125,,,,0.024,0.02,1042000000,1451000000,3.05,2016-06-30,24.1,13450000000,10191000000.0,3083000000,996000000,191000000,5795000000,5795000000,None,90000000,None,2323000000,None,None,7605000000,None,None,805000000,None,None,None,0.198,,2038000000,1045000000,406000000,2205000000,None,1554000000,None,,,,,2.364,6.67,4.709,,,,,,,,0.147,,3551000000,2025-11-04,quarterly,3.07,USD,pre-market,287000000,0,0.0803,0.206,0.101,68.05,2044000000,8414000000,809000000,146000000,339.13,353.0,0.6557,31154000000,6826000000,4816000000,15790000000,24328000000,10974000000,11019000000,15320000000,32.25,0,397.32,229.75
2025-12-28,ETN,9.99,26633001000.0,32.25,None,1.168,48.51,,None,333000000,333000000,,,,,,,,,19109000000,459800000,None,7936000000,7936000000,1795000000,None,8654000000,3581000000,None,None,409000000,,4.06,0.0125,,,,0.024,0.02,1042000000,1451000000,3.05,2016-03-31,24.1,13588000000,10191000000.0,3083000000,996000000,191000000,5947000000,5947000000,None,90000000,None,2391000000,None,None,7572000000,None,None,805000000,None,None,None,0.198,,2038000000,1045000000,468000000,2154000000,None,1587000000,None,,,,,2.364,6.67,4.709,,,,,,,,0.147,,3583000000,2025-11-04,quarterly,3.07,USD,pre-market,287000000,0,0.0803,0.206,0.101,68.05,2044000000,8645000000,1073000000,240000000,339.13,353.0,0.6557,31583000000,7013000000,5022000000,16020000000,24570000000,10998000000,11019000000,15519000000,32.25,0,397.32,229.75
2025-12-28,ETN,9.99,26633001000.0,32.25,-4319000000,1.168,48.51,,None,268000000,268000000,,,,,,,,,5000000,462700000,None,7936000000,7936000000,1758000000,None,242000000,3479000000,None,None,409000000,,4.06,0.0125,,,,0.024,0.02,1042000000,1451000000,3.05,2015-12-31,24.1,13479000000,10191000000.0,3083000000,996000000,191000000,6014000000,6014000000,None,90000000,None,2323000000,None,None,7781000000,None,96000000,805000000,None,None,None,0.198,,2038000000,1045000000,369000000,2199000000,None,1586000000,None,,,,,2.364,6.67,4.709,,,,,,,,0.147,,3565000000,2025-11-04,quarterly,3.07,USD,pre-market,287000000,7346000000,0.0803,0.206,0.101,68.05,2044000000,8449000000,668000000,177000000,339.13,353.0,0.6557,31031000000,6616000000,4625000000,15800000000,24415000000,11140000000,11019000000,15186000000,32.25,0,397.32,229.75
2025-12-28,ETN,9.99,26633001000.0,32.25,None,1.168,48.51,,None,418000000,418000000,,,,,,,,,18981000000,466400000,None,7936000000,7936000000,1997000000,None,None,3656000000,None,None,409000000,,4.06,0.0125,,,,0.024,0.02,1042000000,1451000000,3.05,2015-09-30,24.1,13540000000,10191000000.0,3083000000,996000000,191000000,6139000000,6139000000,None,90000000,None,2395000000,None,None,7830000000,None,None,805000000,None,None,None,0.198,,2038000000,1045000000,960000000,2261000000,None,1539000000,None,,,,,2.364,6.67,4.709,,,,,,,,0.147,,3590000000,2025-11-04,quarterly,3.07,USD,pre-market,287000000,0,0.0803,0.206,0.101,68.05,2044000000,8672000000,842000000,150000000,339.13,353.0,0.6557,32201000000,7579000000,5100000000,16788000000,24622000000,11688000000,11019000000,15366000000,32.25,0,397.32,229.75
2025-12-28,ETN,9.99,26633001000.0,32.25,None,1.168,48.51,,None,303000000,303000000,,,,,,,,,19056000000,469200000,None,7936000000,7936000000,1931000000,None,None,3840000000,None,None,409000000,,4.06,0.0125,,,,0.024,0.02,1042000000,1451000000,3.05,2015-06-30,24.1,13698000000,10191000000.0,3083000000,996000000,191000000,6282000000,6282000000,None,90000000,None,2439000000,None,None,7770000000,None,None,805000000,None,None,None,0.198,,2038000000,1045000000,935000000,2144000000,None,1552000000,None,,,,,2.364,6.67,4.709,,,,,,,,0.147,,3680000000,2025-11-04,quarterly,3.07,USD,pre-market,287000000,0,0.0803,0.206,0.101,68.05,2044000000,8751000000,981000000,127000000,339.13,353.0,0.6557,32579000000,7644000000,5056000000,16776000000,24935000000,11720000000,11019000000,15753000000,32.25,0,397.32,229.75
2025-12-28,ETN,9.99,26633001000.0,32.25,None,1.168,48.51,,None,663000000,663000000,,,,,,,,,18743000000,470000000,None,7936000000,7936000000,1969000000,None,None,3733000000,None,None,409000000,,4.06,0.0125,,,,0.024,0.02,1042000000,1451000000,3.05,2015-03-31,24.1,13548000000,10191000000.0,3083000000,996000000,191000000,6317000000,6317000000,None,90000000,None,2424000000,None,None,7829000000,None,None,805000000,None,None,None,0.198,,2038000000,1045000000,981000000,2186000000,None,1530000000,None,,,,,2.364,6.67,4.709,,,,,,,,0.147,,3634000000,2025-11-04,quarterly,3.07,USD,pre-market,287000000,0,0.0803,0.206,0.101,68.05,2044000000,9340000000,1511000000,139000000,339.13,353.0,0.6557,32696000000,7940000000,5666000000,17432000000,24756000000,11766000000,11019000000,15210000000,32.25,0,397.32,229.75
2025-12-28,ETN,9.99,26633001000.0,32.25,4214000000,1.168,48.51,,None,781000000,781000000,,,,,,,,,5000000,472500000,None,7936000000,7936000000,1940000000,None,1008000000,3667000000,None,None,409000000,,4.06,0.0125,,,,0.024,0.02,1042000000,1451000000,3.05,2014-12-31,24.1,13893000000,10191000000.0,3083000000,996000000,191000000,6556000000,6556000000,None,90000000,None,2428000000,None,None,8024000000,None,84000000,805000000,None,None,None,0.198,,2038000000,1045000000,979000000,2405000000,None,1812000000,None,,,,,2.364,6.67,4.709,,,,,,,,0.147,,2343000000,2025-11-04,quarterly,3.07,USD,pre-market,287000000,7078000000,0.0803,0.206,0.101,68.05,2044000000,9034000000,1010000000,245000000,339.13,353.0,0.6557,33529000000,8100000000,5355000000,17690000000,25429000000,12335000000,11019000000,15786000000,32.25,0,397.32,229.75
2025-12-28,ETN,9.99,26633001000.0,32.25,None,1.168,48.51,,None,655000000,655000000,,,,,,,,,18628000000,477200000,None,7936000000,7936000000,2038000000,None,None,3972000000,None,None,409000000,,4.06,0.0125,,,,0.024,0.02,1042000000,1451000000,3.05,2014-09-30,24.1,14088000000,10191000000.0,3083000000,996000000,191000000,6739000000,6739000000,None,90000000,None,2498000000,None,None,8587000000,None,None,805000000,None,None,None,0.198,,2038000000,1045000000,971000000,2535000000,None,1170000000,None,,,,,2.364,6.67,4.709,,,,,,,,0.147,,3702000000,2025-11-04,quarterly,3.07,USD,pre-market,287000000,0,0.0803,0.206,0.101,68.05,2044000000,9000000000,413000000,335000000,339.13,353.0,0.6557,34239000000,8431000000,4986000000,17594000000,25808000000,12608000000,11019000000,16587000000,32.25,0,397.32,229.75
2025-12-28,ETN,9.99,26633001000.0,32.25,None,1.168,48.51,,None,631000000,631000000,,,,,,,,,18456000000,478500000,None,7936000000,7936000000,2044000000,None,None,4010000000,None,None,409000000,,4.06,0.0125,,,,0.024,0.02,1042000000,1451000000,3.05,2014-06-30,24.1,14377000000,10191000000.0,3083000000,996000000,191000000,6976000000,6976000000,None,90000000,None,2534000000,None,None,8615000000,None,None,805000000,None,None,None,0.198,,2038000000,1045000000,1029000000,3081000000,None,1222000000,None,,,,,2.364,6.67,4.709,,,,,,,,0.147,,3793000000,2025-11-04,quarterly,3.07,USD,pre-market,287000000,0,0.0803,0.206,0.101,68.05,2044000000,9033000000,418000000,634000000,339.13,353.0,0.6557,35258000000,8838000000,5543000000,18216000000,26420000000,12673000000,11019000000,16982000000,32.25,0,397.32,229.75
2025-12-28,ETN,9.99,26633001000.0,32.25,None,1.168,48.51,,None,784000000,784000000,,,,,,,,,18594000000,478800000,None,7936000000,7936000000,2076000000,None,None,3889000000,None,None,409000000,,4.06,0.0125,,,,0.024,0.02,1042000000,1451000000,3.05,2014-03-31,24.1,14450000000,10191000000.0,3083000000,996000000,191000000,7078000000,7078000000,None,90000000,None,2532000000,None,None,8991000000,None,None,805000000,None,None,None,0.198,,2038000000,1045000000,1118000000,2405000000,None,1228000000,None,,,,,2.364,6.67,4.709,,,,,,,,0.147,,3806000000,2025-11-04,quarterly,3.07,USD,pre-market,287000000,0,0.0803,0.206,0.101,68.05,2044000000,9315000000,324000000,360000000,339.13,353.0,0.6557,35262000000,8683000000,4805000000,18151000000,26579000000,13346000000,11019000000,17037000000,32.25,0,397.32,229.75
2025-12-28,ETN,9.99,26633001000.0,32.25,4132000000,1.168,48.51,,None,915000000,915000000,,,,,,,,,5000000,478200000,None,7936000000,7936000000,1960000000,None,9626000000,3648000000,None,None,409000000,,4.06,0.0125,,,,0.024,0.02,1042000000,1451000000,3.05,2013-12-31,24.1,14495000000,10191000000.0,3083000000,996000000,191000000,7186000000,7186000000,None,90000000,None,2382000000,None,None,8969000000,None,None,805000000,None,None,None,0.198,,2038000000,1045000000,992000000,2374000000,None,1465000000,None,,,,,2.364,6.67,4.709,,,,,,,,0.147,,2461000000,2025-11-04,quarterly,3.07,USD,pre-market,287000000,6866000000,0.0803,0.206,0.101,68.05,2044000000,9549000000,580000000,794000000,339.13,353.0,0.6557,35491000000,8731000000,4914000000,18628000000,26760000000,13714000000,11019000000,16791000000,32.25,0,397.32,229.75
2025-12-28,ETN,9.99,26633001000.0,32.25,None,1.168,48.51,,None,642000000,642000000,,,,,,,,,18019000000,477200000,None,7936000000,7936000000,1976000000,None,None,3950000000,None,None,409000000,,4.06,0.0125,,,,0.024,0.02,1042000000,1451000000,3.05,2013-09-30,24.1,14276000000,10191000000.0,3083000000,996000000,191000000,7231000000,7231000000,None,90000000,None,2403000000,None,None,9029000000,None,None,805000000,None,None,None,0.198,,2038000000,1045000000,1073000000,2414000000,None,1801000000,None,,,,,2.364,6.67,4.709,,,,,,,,0.147,,3757000000,2025-11-04,quarterly,3.07,USD,pre-market,287000000,0,0.0803,0.206,0.101,68.05,2044000000,9693000000,664000000,698000000,339.13,353.0,0.6557,35312000000,8766000000,5054000000,19195000000,26546000000,14141000000,11019000000,16071000000,32.25,0,397.32,229.75
2025-12-28,ETN,9.99,26633001000.0,32.25,None,1.168,48.51,,None,628000000,628000000,,,,,,,,,17658000000,476300000,None,7936000000,7936000000,2045000000,None,None,3820000000,None,None,409000000,,4.06,0.0125,,,,0.024,0.02,1042000000,1451000000,3.05,2013-06-30,24.1,14049000000,10191000000.0,3083000000,996000000,191000000,7186000000,7186000000,None,90000000,None,2405000000,None,None,9069000000,None,None,805000000,None,None,None,0.198,,2038000000,1045000000,1008000000,2246000000,None,3475000000,None,,,,,2.364,6.67,4.709,,,,,,,,0.147,,3749000000,2025-11-04,quarterly,3.07,USD,pre-market,287000000,0,0.0803,0.206,0.101,68.05,2044000000,9759000000,690000000,368000000,339.13,353.0,0.6557,35257000000,8229000000,4981000000,19826000000,27028000000,14845000000,11019000000,15388000000,32.25,0,397.32,229.75
2025-12-28,ETN,9.99,26633001000.0,32.25,None,1.168,48.51,,None,639000000,639000000,,,,,,,,,17317000000,475100000,None,7936000000,7936000000,1978000000,None,None,3685000000,None,None,409000000,,4.06,0.0125,,,,0.024,0.02,1042000000,1451000000,3.05,2013-03-31,24.1,14275000000,10191000000.0,3083000000,996000000,191000000,6664000000,6664000000,None,90000000,None,2394000000,None,None,9473000000,None,None,805000000,None,None,None,0.198,,2038000000,1045000000,1081000000,2272000000,None,3384000000,None,,,,,2.364,6.67,4.709,,,,,,,,0.147,,3841000000,2025-11-04,quarterly,3.07,USD,pre-market,287000000,0,0.0803,0.206,0.101,68.05,2044000000,10126000000,653000000,397000000,339.13,353.0,0.6557,34977000000,8196000000,4903000000,19767000000,26781000000,14864000000,11019000000,15167000000,32.25,0,397.32,229.75
2025-12-28,ETN,9.99,26633001000.0,32.25,-3831000000,1.168,48.51,,None,577000000,577000000,,,,,,,,,5000000,384400000,None,7936000000,7936000000,1879000000,None,None,3474000000,None,None,409000000,,4.06,0.0125,,,,0.024,0.02,1042000000,1451000000,3.05,2012-12-31,24.1,14211000000,10191000000.0,3083000000,996000000,191000000,7468000000,7468000000,None,90000000,None,2339000000,None,None,9762000000,None,None,805000000,None,None,None,0.198,,2038000000,1045000000,986000000,2565000000,None,3503000000,None,,,,,2.364,6.67,4.709,,,,,,,,0.147,,3877000000,2025-11-04,quarterly,3.07,USD,pre-market,287000000,5805000000,0.0803,0.206,0.101,68.05,2044000000,10833000000,1071000000,527000000,339.13,353.0,0.6557,36284000000,7824000000,5515000000,21129000000,28460000000,15117000000,11019000000,15113000000,32.25,0,397.32,229.75
2025-12-28,ETN,9.99,26633001000.0,32.25,None,1.168,48.51,,None,425000000,425000000,,,,,,,,,4753076,339800000,None,7936000000,7936000000,1441000000,None,None,2645000000,None,None,409000000,,4.06,0.0125,,,,0.024,0.02,1042000000,1451000000,3.05,2012-09-30,24.1,5838000000,10191000000.0,3083000000,996000000,191000000,2253000000,2253000000,None,90000000,None,1801000000,None,None,3690000000,None,None,805000000,None,None,None,0.198,,2038000000,1045000000,704000000,1852000000,None,None,None,,,,,2.364,6.67,4.709,,,,,,,,0.147,,2794000000,2025-11-04,quarterly,3.07,USD,pre-market,287000000,-7757,0.0803,0.206,0.101,68.05,2044000000,4105000000,415000000,620000000,339.13,353.0,0.6557,18800000000,6195000000,3708000000,10558000000,12605000000,6850000000,11019000000,8220000000,32.25,0,397.32,229.75
2025-12-28,ETN,9.99,26633001000.0,32.25,None,1.168,48.51,,None,525000000,525000000,,,,,,,,,None,339500000,None,7936000000,7936000000,1556000000,None,None,2683000000,None,None,409000000,,4.06,0.0125,,,,0.024,0.02,1042000000,1451000000,3.05,2012-06-30,24.1,5649000000,10191000000.0,3083000000,996000000,191000000,2218000000,2218000000,None,90000000,None,1756000000,None,None,3678000000,None,None,805000000,None,None,None,0.198,,2038000000,1045000000,750000000,1579000000,None,None,None,,,,,2.364,6.67,4.709,,,,,,,,0.147,,2675000000,2025-11-04,quarterly,3.07,USD,pre-market,287000000,None,0.0803,0.206,0.101,68.05,2044000000,4373000000,695000000,652000000,339.13,353.0,0.6557,18554000000,6366000000,3830000000,10596000000,12188000000,6766000000,11019000000,7937000000,32.25,None,397.32,229.75
2025-12-28,ETN,9.99,26633001000.0,32.25,None,1.168,48.51,,None,367000000,367000000,,,,,,,,,None,339800000,None,7936000000,7936000000,1530000000,None,None,2588000000,None,None,409000000,,4.06,0.0125,,,,0.024,0.02,1042000000,1451000000,3.05,2012-03-31,24.1,5605000000,10191000000.0,3083000000,996000000,191000000,2192000000,2192000000,None,90000000,None,1779000000,None,None,3345000000,None,None,805000000,None,None,None,0.198,,2038000000,1045000000,704000000,1630000000,None,None,None,,,,,2.364,6.67,4.709,,,,,,,,0.147,,2660000000,2025-11-04,quarterly,3.07,USD,pre-market,287000000,None,0.0803,0.206,0.101,68.05,2044000000,3750000000,405000000,444000000,339.13,353.0,0.6557,17993000000,5882000000,3565000000,10039000000,12111000000,6474000000,11019000000,7933000000,32.25,None,397.32,229.75
2025-12-28,ETN,9.99,26633001000.0,32.25,None,1.168,48.51,,None,385000000,385000000,,,,,,,,,167000000,338100000,None,7936000000,7936000000,1491000000,None,None,2444000000,None,None,409000000,,4.06,0.0125,,,,0.024,0.02,1042000000,1451000000,3.05,2011-12-31,24.1,5537000000,10191000000.0,3083000000,996000000,191000000,2192000000,2192000000,None,90000000,None,1701000000,None,None,3366000000,None,None,805000000,None,None,None,0.198,,2038000000,1045000000,597000000,1739000000,None,None,None,,,,,2.364,6.67,4.709,,,,,,,,0.147,,2602000000,2025-11-04,quarterly,3.07,USD,pre-market,287000000,5097000000,0.0803,0.206,0.101,68.05,2044000000,3773000000,407000000,699000000,339.13,353.0,0.6557,17873000000,5826000000,3637000000,10381000000,12047000000,6744000000,11019000000,7469000000,32.25,None,397.32,229.75
2025-12-28,ETN,9.99,26633001000.0,32.25,None,1.168,48.51,,None,278000000,278000000,,,,,,,,,None,341900000,None,7936000000,7936000000,1527000000,None,None,2549000000,None,None,409000000,,4.06,0.0125,,,,0.024,0.02,1042000000,1451000000,3.05,2011-09-30,24.1,5571000000,10191000000.0,3083000000,996000000,191000000,2253000000,2253000000,None,90000000,None,1769000000,None,None,3368000000,None,None,805000000,None,None,None,0.198,,2038000000,1045000000,601000000,1846000000,None,None,None,,,,,2.364,6.67,4.709,,,,,,,,0.147,,2537000000,2025-11-04,quarterly,3.07,USD,pre-market,287000000,None,0.0803,0.206,0.101,68.05,2044000000,3775000000,407000000,536000000,339.13,353.0,0.6557,17627000000,5733000000,3780000000,9881000000,11894000000,6101000000,11019000000,7723000000,32.25,None,397.32,229.75
2025-12-28,ETN,9.99,26633001000.0,32.25,None,1.168,48.51,,None,282000000,282000000,,,,,,,,,None,345700000,None,7936000000,7936000000,1534000000,None,None,2625000000,None,None,409000000,,4.06,0.0125,,,,0.024,0.02,1042000000,1451000000,3.05,2011-06-30,24.1,5723000000,10191000000.0,3083000000,996000000,191000000,2360000000,2360000000,None,90000000,None,1766000000,None,None,3650000000,None,None,805000000,None,None,None,0.198,,2038000000,1045000000,643000000,1752000000,None,None,None,,,,,2.364,6.67,4.709,,,,,,,,0.147,,2589000000,2025-11-04,quarterly,3.07,USD,pre-market,287000000,None,0.0803,0.206,0.101,68.05,2044000000,3767000000,117000000,601000000,339.13,353.0,0.6557,18121000000,5917000000,3403000000,9934000000,12204000000,6531000000,11019000000,8152000000,32.25,None,397.32,229.75
2025-12-28,ETN,9.99,26633001000.0,32.25,None,1.168,48.51,,None,201000000,201000000,,,,,,,,,None,345700000,None,7936000000,7936000000,1456000000,None,None,2466000000,None,None,409000000,,4.06,0.0125,,,,0.024,0.02,1042000000,1451000000,3.05,2011-03-31,24.1,5569000000,10191000000.0,3083000000,996000000,191000000,2304000000,2304000000,None,90000000,None,1667000000,None,None,3354000000,None,None,805000000,None,None,None,0.198,,2038000000,1045000000,640000000,1648000000,None,None,None,,,,,2.364,6.67,4.709,,,,,,,,0.147,,2523000000,2025-11-04,quarterly,3.07,USD,pre-market,287000000,None,0.0803,0.206,0.101,68.05,2044000000,3451000000,97000000,496000000,339.13,353.0,0.6557,17337000000,5470000000,3201000000,9513000000,11867000000,6312000000,11019000000,7783000000,32.25,None,397.32,229.75
2025-12-28,ETN,9.99,26633001000.0,32.25,None,1.168,48.51,,None,333000000,333000000,,,,,,,,,170000000,335200000,None,7936000000,7936000000,1408000000,None,None,2239000000,None,None,409000000,,4.06,0.0125,,,,0.024,0.02,1042000000,1451000000,3.05,2010-12-31,24.1,5454000000,10191000000.0,3083000000,996000000,191000000,2272000000,2272000000,None,90000000,None,1564000000,None,None,3382000000,None,None,805000000,None,None,None,0.198,,2038000000,1045000000,532000000,1749000000,None,None,None,,,,,2.364,6.67,4.709,,,,,,,,0.147,,2477000000,2025-11-04,quarterly,3.07,USD,pre-market,287000000,4447000000,0.0803,0.206,0.101,68.05,2044000000,3458000000,76000000,838000000,339.13,353.0,0.6557,17252000000,5506000000,3233000000,9849000000,11746000000,6616000000,11019000000,7362000000,32.25,None,397.32,229.75
2025-12-28,ETN,9.99,26633001000.0,32.25,None,1.168,48.51,,None,395000000,395000000,,,,,,,,,None,340600000,None,7936000000,7936000000,1353000000,None,None,2332000000,None,None,409000000,,4.06,0.0125,,,,0.024,0.02,1042000000,1451000000,3.05,2010-09-30,24.1,5440000000,10191000000.0,3083000000,996000000,191000000,2360000000,2360000000,None,90000000,None,1533000000,None,None,3406000000,None,None,805000000,None,None,None,0.198,,2038000000,1045000000,600000000,72000000,None,None,None,,,,,2.364,6.67,4.709,,,,,,,,0.147,,2381000000,2025-11-04,quarterly,3.07,USD,pre-market,287000000,None,0.0803,0.206,0.101,68.05,2044000000,3504000000,98000000,493000000,339.13,353.0,0.6557,17015000000,5353000000,3313000000,9766000000,11662000000,6453000000,11019000000,7207000000,32.25,None,397.32,229.75
2025-12-28,ETN,9.99,26633001000.0,32.25,None,1.168,48.51,,None,249000000,249000000,,,,,,,,,None,340400000,None,7936000000,7936000000,1229000000,None,None,2126000000,None,None,409000000,,4.06,0.0125,,,,0.024,0.02,1042000000,1451000000,3.05,2010-06-30,24.1,5125000000,10191000000.0,3083000000,996000000,191000000,2203000000,2203000000,None,90000000,None,1386000000,None,None,3378000000,None,None,805000000,None,None,None,0.198,,2038000000,1045000000,563000000,1671000000,None,None,None,,,,,2.364,6.67,4.709,,,,,,,,0.147,,2270000000,2025-11-04,quarterly,3.07,USD,pre-market,287000000,None,0.0803,0.206,0.101,68.05,2044000000,3476000000,98000000,538000000,339.13,353.0,0.6557,15927000000,4862000000,2998000000,9317000000,11065000000,6319000000,11019000000,6570000000,32.25,None,397.32,229.75
2025-12-28,ETN,9.99,26633001000.0,32.25,None,1.168,48.51,,None,151000000,151000000,,,,,,,,,None,339200000,None,7936000000,7936000000,1135000000,None,None,2052000000,None,None,409000000,,4.06,0.0125,,,,0.024,0.02,1042000000,1451000000,3.05,2010-03-31,24.1,5304000000,10191000000.0,3083000000,996000000,191000000,2333000000,2333000000,None,90000000,None,1374000000,None,None,3347000000,None,None,805000000,None,None,None,0.198,,2038000000,1045000000,565000000,1540000000,None,None,None,,,,,2.364,6.67,4.709,,,,,,,,0.147,,2349000000,2025-11-04,quarterly,3.07,USD,pre-market,287000000,None,0.0803,0.206,0.101,68.05,2044000000,3442000000,95000000,338000000,339.13,353.0,0.6557,15847000000,4480000000,2770000000,9125000000,11367000000,6355000000,11019000000,6683000000,32.25,None,397.32,229.75
2025-12-28,ETN,9.99,26633001000.0,32.25,None,1.168,48.51,,None,340000000,340000000,,,,,,,,,83000000,334000000,None,7936000000,7936000000,1057000000,None,None,1899000000,None,None,409000000,,4.06,0.0125,,,,0.024,0.02,1042000000,1451000000,3.05,2009-12-31,24.1,5435000000,10191000000.0,3083000000,996000000,191000000,2441000000,2441000000,None,90000000,None,1326000000,None,None,3349000000,None,None,805000000,None,None,None,0.198,,2038000000,1045000000,526000000,1514000000,None,None,None,,,,,2.364,6.67,4.709,,,,,,,,0.147,,2445000000,2025-11-04,quarterly,3.07,USD,pre-market,287000000,3966000000,0.0803,0.206,0.101,68.05,2044000000,3467000000,118000000,433000000,339.13,353.0,0.6557,16282000000,4524000000,2689000000,9464000000,11758000000,6775000000,11019000000,6777000000,32.25,None,397.32,229.75
2025-12-28,ETN,9.99,26633001000.0,32.25,None,1.168,48.51,,None,192000000,192000000,,,,,,,,,None,338400000,None,7936000000,7936000000,1033000000,None,None,2047000000,None,None,409000000,,4.06,0.0125,,,,0.024,0.02,1042000000,1451000000,3.05,2009-09-30,24.1,5482000000,10191000000.0,3083000000,996000000,191000000,2492000000,2492000000,None,90000000,None,1359000000,None,None,3391000000,None,None,805000000,None,None,None,0.198,,2038000000,1045000000,517000000,1588000000,None,None,None,,,,,2.364,6.67,4.709,,,,,,,,0.147,,2528000000,2025-11-04,quarterly,3.07,USD,pre-market,287000000,None,0.0803,0.206,0.101,68.05,2044000000,3783000000,392000000,473000000,339.13,353.0,0.6557,16495000000,4588000000,3013000000,9488000000,11907000000,6475000000,11019000000,6961000000,32.25,None,397.32,229.75
2025-12-28,ETN,9.99,26633001000.0,32.25,None,1.168,48.51,,None,148000000,148000000,,,,,,,,,None,335200000,None,7936000000,7936000000,923000000,None,None,2015000000,None,None,409000000,,4.06,0.0125,,,,0.024,0.02,1042000000,1451000000,3.05,2009-06-30,24.1,5376000000,10191000000.0,3083000000,996000000,191000000,2481000000,2481000000,None,90000000,None,1373000000,None,None,3399000000,None,None,805000000,None,None,None,0.198,,2038000000,1045000000,508000000,1493000000,None,None,None,,,,,2.364,6.67,4.709,,,,,,,,0.147,,2542000000,2025-11-04,quarterly,3.07,USD,pre-market,287000000,None,0.0803,0.206,0.101,68.05,2044000000,4042000000,643000000,433000000,339.13,353.0,0.6557,16191000000,4477000000,3059000000,9500000000,11714000000,6441000000,11019000000,6647000000,32.25,None,397.32,229.75
2025-12-28,ETN,9.99,26633001000.0,32.25,None,1.168,48.51,,None,145000000,145000000,,,,,,,,,None,332200000,None,7936000000,7936000000,969000000,None,None,2016000000,None,None,409000000,,4.06,0.0125,,,,0.024,0.02,1042000000,1451000000,3.05,2009-03-31,24.1,5213000000,10191000000.0,3083000000,996000000,191000000,2426000000,2426000000,None,90000000,None,1490000000,None,None,3707000000,None,None,805000000,None,None,None,0.198,,2038000000,1045000000,487000000,1481000000,None,None,None,,,,,2.364,6.67,4.709,,,,,,,,0.147,,2525000000,2025-11-04,quarterly,3.07,USD,pre-market,287000000,None,0.0803,0.206,0.101,68.05,2044000000,4187000000,480000000,289000000,339.13,353.0,0.6557,16001000000,4427000000,2930000000,9894000000,11574000000,6964000000,11019000000,6065000000,32.25,None,397.32,229.75
2025-12-28,ETN,9.99,26633001000.0,32.25,None,1.168,48.51,,None,188000000,188000000,,,,,,,,,82000000,332400000,None,7936000000,7936000000,1121000000,None,None,2295000000,None,None,409000000,,4.06,0.0125,,,,0.024,0.02,1042000000,1451000000,3.05,2008-12-31,24.1,5232000000,10191000000.0,3083000000,996000000,191000000,2518000000,2518000000,None,90000000,None,1554000000,None,None,3190000000,None,None,805000000,None,None,None,0.198,,2038000000,1045000000,416000000,1543000000,None,None,None,,,,,2.364,6.67,4.709,,,,,,,,0.147,,2639000000,2025-11-04,quarterly,3.07,USD,pre-market,287000000,3917000000,0.0803,0.206,0.101,68.05,2044000000,4271000000,1081000000,342000000,339.13,353.0,0.6557,16655000000,4795000000,3745000000,10338000000,11860000000,6545000000,11019000000,6317000000,32.25,None,397.32,229.75
2025-12-28,ETN,9.99,26633001000.0,32.25,None,1.168,48.51,,None,181000000,181000000,,,,,,,,,None,336800000,None,7936000000,7936000000,1424000000,None,None,2845000000,None,None,409000000,,4.06,0.0125,,,,0.024,0.02,1042000000,1451000000,3.05,2008-09-30,24.1,5870000000,10191000000.0,3083000000,996000000,191000000,1929000000,1929000000,None,90000000,None,1795000000,None,None,2921000000,None,None,805000000,None,None,None,0.198,,2038000000,1045000000,484000000,1637000000,None,None,None,,,,,2.364,6.67,4.709,,,,,,,,0.147,,2585000000,2025-11-04,quarterly,3.07,USD,pre-market,287000000,None,0.0803,0.206,0.101,68.05,2044000000,4362000000,1441000000,282000000,339.13,353.0,0.6557,16967000000,5587000000,4502000000,9988000000,11380000000,5486000000,11019000000,6979000000,32.25,None,397.32,229.75
2025-12-28,ETN,9.99,26633001000.0,32.25,None,1.168,48.51,,None,219000000,219000000,,,,,,,,,None,327200000,None,7936000000,7936000000,1468000000,None,None,3029000000,None,None,409000000,,4.06,0.0125,,,,0.024,0.02,1042000000,1451000000,3.05,2008-06-30,24.1,6181000000,10191000000.0,3083000000,996000000,191000000,2047000000,2047000000,None,90000000,None,1844000000,None,None,3155000000,None,None,805000000,None,None,None,0.198,,2038000000,1045000000,472000000,1718000000,None,None,None,,,,,2.364,6.67,4.709,,,,,,,,0.147,,2699000000,2025-11-04,quarterly,3.07,USD,pre-market,287000000,None,0.0803,0.206,0.101,68.05,2044000000,4644000000,1489000000,499000000,339.13,353.0,0.6557,17923000000,6063000000,4675000000,10529000000,11860000000,5854000000,11019000000,7394000000,32.25,None,397.32,229.75
2025-12-28,ETN,9.99,26633001000.0,32.25,None,1.168,48.51,,None,157000000,157000000,,,,,,,,,None,301000000,None,7936000000,7936000000,1319000000,None,None,2561000000,None,None,409000000,,4.06,0.0125,,,,0.024,0.02,1042000000,1451000000,3.05,2008-03-31,24.1,4427000000,10191000000.0,3083000000,996000000,191000000,1662000000,1662000000,None,90000000,None,1634000000,None,None,2704000000,None,None,805000000,None,None,None,0.198,,2038000000,1045000000,471000000,1482000000,None,None,None,,,,,2.364,6.67,4.709,,,,,,,,0.147,,2473000000,2025-11-04,quarterly,3.07,USD,pre-market,287000000,None,0.0803,0.206,0.101,68.05,2044000000,4165000000,1461000000,426000000,339.13,353.0,0.6557,14646000000,5249000000,4262000000,9146000000,9397000000,4884000000,11019000000,5500000000,32.25,None,397.32,229.75
2025-12-28,ETN,9.99,26633001000.0,32.25,None,1.168,48.51,,None,142000000,142000000,,,,,,,,,73000000,294000000,None,7936000000,7936000000,1170000000,None,None,2208000000,None,None,409000000,,4.06,0.0125,,,,0.024,0.02,1042000000,1451000000,3.05,2007-12-31,24.1,3982000000,10191000000.0,3083000000,996000000,191000000,1557000000,1557000000,None,90000000,None,1483000000,None,None,2432000000,None,None,805000000,None,None,None,0.198,,2038000000,1045000000,430000000,1504000000,None,None,None,,,,,2.364,6.67,4.709,,,,,,,,0.147,,2333000000,2025-11-04,quarterly,3.07,USD,pre-market,287000000,3257000000,0.0803,0.206,0.101,68.05,2044000000,3417000000,985000000,504000000,339.13,353.0,0.6557,13430000000,4767000000,3659000000,8258000000,8663000000,4599000000,11019000000,5172000000,32.25,None,397.32,229.75
2025-12-28,ETN,9.99,26633001000.0,32.25,None,1.168,48.51,,None,171000000,171000000,,,,,,,,,None,300800000,None,7936000000,7936000000,1126000000,None,None,2220000000,None,None,409000000,,4.06,0.0125,,,,0.024,0.02,1042000000,1451000000,3.05,2007-09-30,24.1,3486000000,10191000000.0,3083000000,996000000,191000000,1391000000,1391000000,None,90000000,None,1399000000,None,None,2547000000,None,None,805000000,None,None,None,0.198,,2038000000,1045000000,468000000,1474000000,None,None,None,,,,,2.364,6.67,4.709,,,,,,,,0.147,,2252000000,2025-11-04,quarterly,3.07,USD,pre-market,287000000,None,0.0803,0.206,0.101,68.05,2044000000,3100000000,553000000,568000000,339.13,353.0,0.6557,12739000000,4826000000,3153000000,7996000000,7913000000,4843000000,11019000000,4743000000,32.25,None,397.32,229.75
2025-12-28,ETN,9.99,26633001000.0,32.25,None,1.168,48.51,,None,112000000,112000000,,,,,,,,,None,300600000,None,7936000000,7936000000,1081000000,None,None,2208000000,None,None,409000000,,4.06,0.0125,,,,0.024,0.02,1042000000,1451000000,3.05,2007-06-30,24.1,3478000000,10191000000.0,3083000000,996000000,191000000,1386000000,1386000000,None,90000000,None,1382000000,None,None,2518000000,None,None,805000000,None,None,None,0.198,,2038000000,1045000000,451000000,1329000000,None,None,None,,,,,2.364,6.67,4.709,,,,,,,,0.147,,2270000000,2025-11-04,quarterly,3.07,USD,pre-market,287000000,None,0.0803,0.206,0.101,68.05,2044000000,3277000000,759000000,382000000,339.13,353.0,0.6557,12419000000,4535000000,3169000000,7972000000,7884000000,4803000000,11019000000,4447000000,32.25,None,397.32,229.75
2025-12-28,ETN,9.99,26633001000.0,32.25,None,1.168,48.51,,None,106000000,106000000,,,,,,,,,None,300000000,None,7936000000,7936000000,1060000000,None,None,2139000000,None,None,409000000,,4.06,0.0125,,,,0.024,0.02,1042000000,1451000000,3.05,2007-03-31,24.1,3425000000,10191000000.0,3083000000,996000000,191000000,1385000000,1385000000,None,90000000,None,1389000000,None,None,2553000000,None,None,805000000,None,None,None,0.198,,2038000000,1045000000,458000000,1338000000,None,None,None,,,,,2.364,6.67,4.709,,,,,,,,0.147,,2275000000,2025-11-04,quarterly,3.07,USD,pre-market,287000000,None,0.0803,0.206,0.101,68.05,2044000000,3290000000,737000000,313000000,339.13,353.0,0.6557,12240000000,4405000000,3135000000,7962000000,7835000000,4827000000,11019000000,4278000000,32.25,None,397.32,229.75
2025-12-28,ETN,9.99,26633001000.0,32.25,None,1.168,48.51,,None,114000000,114000000,,,,,,,,,73000000,301000000,None,7936000000,7936000000,1050000000,None,None,1928000000,None,None,409000000,,4.06,0.0125,,,,0.024,0.02,1042000000,1451000000,3.05,2006-12-31,24.1,3034000000,10191000000.0,3083000000,996000000,191000000,969000000,969000000,None,90000000,None,1293000000,None,None,1774000000,None,None,805000000,None,None,None,0.198,,2038000000,1045000000,402000000,1428000000,None,None,None,,,,,2.364,6.67,4.709,,,,,,,,0.147,,2271000000,2025-11-04,quarterly,3.07,USD,pre-market,287000000,2796000000,0.0803,0.206,0.101,68.05,2044000000,2586000000,812000000,671000000,339.13,353.0,0.6557,11417000000,4408000000,3290000000,7311000000,7009000000,4021000000,11019000000,4106000000,32.25,None,397.32,229.75
2025-12-28,ETN,9.99,26633001000.0,32.25,None,1.168,48.51,,None,129000000,129000000,,,,,,,,,None,306000000,None,7936000000,7936000000,1022000000,None,None,2025000000,None,None,409000000,,4.06,0.0125,,,,0.024,0.02,1042000000,1451000000,3.05,2006-09-30,24.1,3156000000,10191000000.0,3083000000,996000000,191000000,833000000,833000000,None,90000000,None,1239000000,None,None,1770000000,None,None,805000000,None,None,None,0.198,,2038000000,1045000000,436000000,1679000000,None,None,None,,,,,2.364,6.67,4.709,,,,,,,,0.147,,2202000000,2025-11-04,quarterly,3.07,USD,pre-market,287000000,None,0.0803,0.206,0.101,68.05,2044000000,2474000000,704000000,572000000,339.13,353.0,0.6557,11254000000,4401000000,3405000000,6866000000,6853000000,3461000000,11019000000,4388000000,32.25,None,397.32,229.75
2025-12-28,ETN,9.99,26633001000.0,32.25,None,1.168,48.51,,None,125000000,125000000,,,,,,,,,None,308600000,None,7936000000,7936000000,1012000000,None,None,2035000000,None,None,409000000,,4.06,0.0125,,,,0.024,0.02,1042000000,1451000000,3.05,2006-06-30,24.1,3152000000,10191000000.0,3083000000,996000000,191000000,764000000,764000000,None,90000000,None,1186000000,None,None,1514000000,None,None,805000000,None,None,None,0.198,,2038000000,1045000000,419000000,1559000000,None,None,None,,,,,2.364,6.67,4.709,,,,,,,,0.147,,2220000000,2025-11-04,quarterly,3.07,USD,pre-market,287000000,None,0.0803,0.206,0.101,68.05,2044000000,2422000000,908000000,354000000,339.13,353.0,0.6557,10885000000,4119000000,3479000000,6636000000,6766000000,3157000000,11019000000,4249000000,32.25,None,397.32,229.75
2025-12-28,ETN,9.99,26633001000.0,32.25,None,1.168,48.51,,None,108000000,108000000,,,,,,,,,None,306200000,None,7936000000,7936000000,878000000,None,None,1971000000,None,None,409000000,,4.06,0.0125,,,,0.024,0.02,1042000000,1451000000,3.05,2006-03-31,24.1,3124000000,10191000000.0,3083000000,996000000,191000000,772000000,772000000,None,90000000,None,1157000000,None,None,1561000000,None,None,805000000,None,None,None,0.198,,2038000000,1045000000,395000000,1559000000,None,None,None,,,,,2.364,6.67,4.709,,,,,,,,0.147,,2204000000,2025-11-04,quarterly,3.07,USD,pre-market,287000000,None,0.0803,0.206,0.101,68.05,2044000000,2635000000,1074000000,334000000,339.13,353.0,0.6557,10691000000,3965000000,3511000000,6644000000,6726000000,3133000000,11019000000,4047000000,32.25,None,397.32,229.75
2025-12-28,ETN,9.99,26633001000.0,32.25,None,1.168,48.51,,None,110000000,110000000,,,,,,,,,74000000,298200000,None,7936000000,7936000000,810000000,None,None,1785000000,None,None,409000000,,4.06,0.0125,,,,0.024,0.02,1042000000,1451000000,3.05,2005-12-31,24.1,3139000000,10191000000.0,3083000000,996000000,191000000,626000000,626000000,None,90000000,None,1099000000,None,None,1830000000,None,None,805000000,None,None,None,0.198,,2038000000,1045000000,358000000,1524000000,None,None,None,,,,,2.364,6.67,4.709,,,,,,,,0.147,,2175000000,2025-11-04,quarterly,3.07,USD,pre-market,287000000,2376000000,0.0803,0.206,0.101,68.05,2044000000,2464000000,634000000,226000000,339.13,353.0,0.6557,10218000000,3578000000,2968000000,6440000000,6640000000,3472000000,11019000000,3778000000,32.25,None,397.32,229.75
2025-12-28,ETN,9.99,26633001000.0,32.25,None,1.168,48.51,,None,92000000,92000000,,,,,,,,,None,304800000,None,7936000000,7936000000,799000000,None,None,1861000000,None,None,409000000,,4.06,0.0125,,,,0.024,0.02,1042000000,1451000000,3.05,2005-09-30,24.1,2722000000,10191000000.0,3083000000,996000000,191000000,3358000000,3358000000,None,90000000,None,1065000000,None,None,1725000000,None,None,805000000,None,None,None,0.198,,2038000000,1045000000,361000000,1607000000,None,None,None,,,,,2.364,6.67,4.709,,,,,,,,0.147,,2100000000,2025-11-04,quarterly,3.07,USD,pre-market,287000000,2569000000,0.0803,0.206,0.101,68.05,2044000000,2142000000,417000000,247000000,339.13,353.0,0.6557,9749000000,3626000000,2823000000,6054000000,6123000000,3231000000,11019000000,3695000000,32.25,None,397.32,229.75
2025-12-28,ETN,9.99,26633001000.0,32.25,None,1.168,48.51,,669000000,555000000,555000000,,,,,,,,,4000000,399400000,None,7936000000,7936000000,3678000000,None,674000000,4619000000,None,None,409000000,,4.06,0.0125,,,,0.024,0.02,1042000000,1451000000,3.05,2024-12-31,24.1,14713000000,10191000000.0,3083000000,996000000,191000000,4657000000,4657000000,None,90000000,None,4227000000,None,None,8478000000,None,None,805000000,None,None,None,0.198,,2038000000,1045000000,875000000,3505000000,None,1666000000,None,,,,,2.364,6.67,4.709,,,,,,,,0.147,,4535000000,2025-11-04,annual,3.07,USD,pre-market,287000000,10096000000,0.0803,0.206,0.101,68.05,2044000000,9821000000,674000000,1525000000,339.13,353.0,0.6557,38381000000,11801000000,7857000000,19850000000,26580000000,11993000000,11019000000,18488000000,32.25,None,397.32,229.75
2025-12-28,ETN,9.99,26633001000.0,32.25,None,1.168,48.51,,533000000,488000000,488000000,,,,,,,,,4000000,401100000,None,7936000000,7936000000,3365000000,None,1025000000,4475000000,None,None,409000000,,4.06,0.0125,,,,0.024,0.02,1042000000,1451000000,3.05,2023-12-31,24.1,14977000000,10191000000.0,3083000000,996000000,191000000,5092000000,5092000000,None,90000000,None,3739000000,None,None,8244000000,None,None,805000000,None,None,None,0.198,,2038000000,1045000000,852000000,3357000000,None,1489000000,None,,,,,2.364,6.67,4.709,,,,,,,,0.147,,4178000000,2025-11-04,annual,3.07,USD,pre-market,287000000,10305000000,0.0803,0.206,0.101,68.05,2044000000,9802000000,1025000000,2121000000,339.13,353.0,0.6557,38432000000,11675000000,7747000000,19363000000,26757000000,11616000000,11019000000,19036000000,32.25,None,397.32,229.75
2025-12-28,ETN,9.99,26633001000.0,32.25,-4867000000,1.168,48.51,,459000000,294000000,294000000,,,,,,,,,4000000,400800000,None,7936000000,7936000000,3072000000,None,334000000,4076000000,None,None,409000000,,4.06,0.0125,,,,0.024,0.02,1042000000,1451000000,3.05,2022-12-31,24.1,14796000000,10191000000.0,3083000000,996000000,191000000,5485000000,5485000000,None,90000000,None,3430000000,None,None,8321000000,None,None,805000000,None,None,None,0.198,,2038000000,1045000000,685000000,2954000000,None,1443000000,None,,,,,2.364,6.67,4.709,,,,,,,,0.147,,3716000000,2025-11-04,annual,3.07,USD,pre-market,287000000,8468000000,0.0803,0.206,0.101,68.05,2044000000,9114000000,334000000,261000000,339.13,353.0,0.6557,35030000000,8761000000,6360000000,17954000000,26267000000,11579000000,11019000000,17038000000,32.25,None,397.32,229.75
2025-12-28,ETN,9.99,26633001000.0,32.25,-4754000000,1.168,48.51,,337000000,297000000,297000000,,,,,,,,,4000000,401600000,None,7936000000,7936000000,2797000000,None,1748000000,3297000000,None,None,409000000,,4.06,0.0125,,,,0.024,0.02,1042000000,1451000000,3.05,2021-12-31,24.1,14751000000,10191000000.0,3083000000,996000000,191000000,5855000000,5855000000,None,90000000,None,2969000000,None,None,6831000000,None,None,805000000,None,None,None,0.198,,2038000000,1045000000,677000000,2667000000,None,1502000000,None,,,,,2.364,6.67,4.709,,,,,,,,0.147,,3506000000,2025-11-04,annual,3.07,USD,pre-market,287000000,7594000000,0.0803,0.206,0.101,68.05,2044000000,8916000000,1748000000,271000000,339.13,353.0,0.6557,34027000000,7511000000,7212000000,17576000000,26516000000,10364000000,11019000000,16413000000,32.25,None,397.32,229.75
2025-12-28,ETN,9.99,26633001000.0,32.25,-4624000000,1.168,48.51,,326000000,438000000,438000000,,,,,,,,,4000000,404000000,None,7936000000,7936000000,1987000000,None,1048000000,2904000000,None,None,409000000,,4.06,0.0125,,,,0.024,0.02,1042000000,1451000000,3.05,2020-12-31,24.1,12903000000,10191000000.0,3083000000,996000000,191000000,4175000000,4175000000,None,90000000,None,2109000000,None,None,7010000000,None,None,805000000,None,None,None,0.198,,2038000000,1045000000,3063000000,2846000000,None,3683000000,None,,,,,2.364,6.67,4.709,,,,,,,,0.147,,2964000000,2025-11-04,annual,3.07,USD,pre-market,287000000,6794000000,0.0803,0.206,0.101,68.05,2044000000,8384000000,1048000000,664000000,339.13,353.0,0.6557,31824000000,9178000000,5881000000,16851000000,22646000000,10970000000,11019000000,14930000000,32.25,None,397.32,229.75
2025-12-28,ETN,9.99,26633001000.0,32.25,-5210000000,1.168,48.51,,331000000,370000000,370000000,,,,,,,,,4000000,420800000,None,7936000000,7936000000,2114000000,None,503000000,3437000000,None,None,409000000,,4.06,0.0125,,,,0.024,0.02,1042000000,1451000000,3.05,2019-12-31,24.1,13456000000,10191000000.0,3083000000,996000000,191000000,4638000000,4638000000,None,90000000,None,2805000000,None,None,7819000000,None,60000000,805000000,None,None,None,0.198,,2038000000,1045000000,1895000000,2515000000,None,325000000,None,,,,,2.364,6.67,4.709,,,,,,,,0.147,,3496000000,2025-11-04,annual,3.07,USD,pre-market,287000000,8170000000,0.0803,0.206,0.101,68.05,2044000000,8653000000,503000000,221000000,339.13,353.0,0.6557,32805000000,8728000000,5132000000,16672000000,24077000000,11540000000,11019000000,16082000000,32.25,None,397.32,229.75
2025-12-28,ETN,9.99,26633001000.0,32.25,-5105000000,1.168,48.51,,None,283000000,283000000,,,,,,,,,4000000,436900000,None,7936000000,7936000000,2130000000,None,753000000,3858000000,None,None,409000000,,4.06,0.0125,,,,0.024,0.02,1042000000,1451000000,3.05,2018-12-31,24.1,13328000000,10191000000.0,3083000000,996000000,191000000,4846000000,4846000000,None,90000000,None,2785000000,None,None,6768000000,None,22000000,805000000,None,None,None,0.198,,2038000000,1045000000,507000000,2271000000,None,1054000000,None,,,,,2.364,6.67,4.709,,,,,,,,0.147,,3467000000,2025-11-04,annual,3.07,USD,pre-market,287000000,8161000000,0.0803,0.206,0.101,68.05,2044000000,7521000000,753000000,157000000,339.13,353.0,0.6557,31092000000,7590000000,5154000000,14950000000,23502000000,9796000000,11019000000,16107000000,32.25,None,397.32,229.75
2025-12-28,ETN,9.99,26633001000.0,32.25,-5003000000,1.168,48.51,,None,561000000,561000000,,,,,,,,,4000000,447000000,None,7936000000,7936000000,2166000000,None,584000000,3943000000,None,None,409000000,,4.06,0.0125,,,,0.024,0.02,1042000000,1451000000,3.05,2017-12-31,24.1,13568000000,10191000000.0,3083000000,996000000,191000000,5265000000,5265000000,None,90000000,None,2620000000,None,None,7167000000,None,41000000,805000000,None,None,None,0.198,,2038000000,1045000000,679000000,2325000000,None,965000000,None,,,,,2.364,6.67,4.709,,,,,,,,0.147,,3502000000,2025-11-04,annual,3.07,USD,pre-market,287000000,8669000000,0.0803,0.206,0.101,68.05,2044000000,7751000000,584000000,534000000,339.13,353.0,0.6557,32600000000,8314000000,5075000000,15310000000,24286000000,10258000000,11019000000,17253000000,32.25,0,397.32,229.75
2025-12-28,ETN,9.99,26633001000.0,32.25,-4596000000,1.168,48.51,,None,543000000,543000000,,,,,,,,,5000000,456500000,None,7936000000,7936000000,1718000000,None,1566000000,3560000000,None,None,409000000,,4.06,0.0125,,,,0.024,0.02,1042000000,1451000000,3.05,2016-12-31,24.1,13201000000,10191000000.0,3083000000,996000000,191000000,5514000000,5514000000,None,90000000,None,2254000000,None,None,6711000000,None,84000000,805000000,None,None,None,0.198,,2038000000,1045000000,381000000,2201000000,None,934000000,None,,,,,2.364,6.67,4.709,,,,,,,,0.147,,3443000000,2025-11-04,annual,3.07,USD,pre-market,287000000,7498000000,0.0803,0.206,0.101,68.05,2044000000,8277000000,1566000000,203000000,339.13,353.0,0.6557,30419000000,6941000000,5485000000,15478000000,23478000000,9993000000,11019000000,14897000000,32.25,0,397.32,229.75
2025-12-28,ETN,9.99,26633001000.0,32.25,-4319000000,1.168,48.51,,None,268000000,268000000,,,,,,,,,5000000,467100000,None,7936000000,7936000000,1758000000,None,242000000,3479000000,None,None,409000000,,4.06,0.0125,,,,0.024,0.02,1042000000,1451000000,3.05,2015-12-31,24.1,13479000000,10191000000.0,3083000000,996000000,191000000,6014000000,6014000000,None,90000000,None,2323000000,None,None,7746000000,None,96000000,805000000,None,None,None,0.198,,2038000000,1045000000,369000000,2199000000,None,1586000000,None,,,,,2.364,6.67,4.709,,,,,,,,0.147,,3565000000,2025-11-04,annual,3.07,USD,pre-market,287000000,7346000000,0.0803,0.206,0.101,68.05,2044000000,8449000000,668000000,177000000,339.13,353.0,0.6557,31031000000,6616000000,4625000000,15800000000,24415000000,11140000000,11019000000,15186000000,32.25,0,397.32,229.75
2025-12-28,ETN,9.99,26633001000.0,32.25,4214000000,1.168,48.51,,None,781000000,781000000,,,,,,,,,5000000,476800000,None,7936000000,7936000000,1940000000,None,1008000000,3667000000,None,None,409000000,,4.06,0.0125,,,,0.024,0.02,1042000000,1451000000,3.05,2014-12-31,24.1,13893000000,10191000000.0,3083000000,996000000,191000000,6556000000,6556000000,None,90000000,None,2428000000,None,None,8024000000,None,84000000,805000000,None,None,None,0.198,,2038000000,1045000000,979000000,2405000000,None,1812000000,None,,,,,2.364,6.67,4.709,,,,,,,,0.147,,2343000000,2025-11-04,annual,3.07,USD,pre-market,287000000,7078000000,0.0803,0.206,0.101,68.05,2044000000,9034000000,1010000000,245000000,339.13,353.0,0.6557,33529000000,8100000000,5355000000,17690000000,25429000000,12335000000,11019000000,15786000000,32.25,0,397.32,229.75
2025-12-28,ETN,9.99,26633001000.0,32.25,4132000000,1.168,48.51,,None,915000000,915000000,,,,,,,,,5000000,476700000,None,7936000000,7936000000,1960000000,None,9626000000,3648000000,None,None,409000000,,4.06,0.0125,,,,0.024,0.02,1042000000,1451000000,3.05,2013-12-31,24.1,14495000000,10191000000.0,3083000000,996000000,191000000,7186000000,7186000000,None,90000000,None,2382000000,None,None,8969000000,None,None,805000000,None,None,None,0.198,,2038000000,1045000000,992000000,2374000000,None,1465000000,None,,,,,2.364,6.67,4.709,,,,,,,,0.147,,2461000000,2025-11-04,annual,3.07,USD,pre-market,287000000,6866000000,0.0803,0.206,0.101,68.05,2044000000,9549000000,580000000,794000000,339.13,353.0,0.6557,35491000000,8731000000,4914000000,18628000000,26760000000,13714000000,11019000000,16791000000,32.25,0,397.32,229.75
2025-12-28,ETN,9.99,26633001000.0,32.25,-3831000000,1.168,48.51,,None,577000000,577000000,,,,,,,,,5000000,350900000,None,7936000000,7936000000,1879000000,None,None,3510000000,None,None,409000000,,4.06,0.0125,,,,0.024,0.02,1042000000,1451000000,3.05,2012-12-31,24.1,14211000000,10191000000.0,3083000000,996000000,191000000,7468000000,7468000000,None,90000000,None,2339000000,None,None,9762000000,None,None,805000000,None,None,None,0.198,,2038000000,1045000000,986000000,2565000000,None,3503000000,None,,,,,2.364,6.67,4.709,,,,,,,,0.147,,3877000000,2025-11-04,annual,3.07,USD,pre-market,287000000,5805000000,0.0803,0.206,0.101,68.05,2044000000,10833000000,1071000000,527000000,339.13,353.0,0.6557,36284000000,7824000000,5515000000,21129000000,28460000000,15117000000,11019000000,15113000000,32.25,0,397.32,229.75
2025-12-28,ETN,9.99,26633001000.0,32.25,None,1.168,48.51,,None,385000000,385000000,,,,,,,,,167000000,342800000,None,7936000000,7936000000,1491000000,None,None,2444000000,None,None,409000000,,4.06,0.0125,,,,0.024,0.02,1042000000,1451000000,3.05,2011-12-31,24.1,5537000000,10191000000.0,3083000000,996000000,191000000,2192000000,2192000000,None,90000000,None,1701000000,None,None,3366000000,None,None,805000000,None,None,None,0.198,,2038000000,1045000000,597000000,1739000000,None,None,None,,,,,2.364,6.67,4.709,,,,,,,,0.147,,2602000000,2025-11-04,annual,3.07,USD,pre-market,287000000,5097000000,0.0803,0.206,0.101,68.05,2044000000,3773000000,407000000,699000000,339.13,353.0,0.6557,17873000000,5826000000,3637000000,10381000000,12047000000,6744000000,11019000000,7469000000,32.25,None,397.32,229.75
2025-12-28,ETN,9.99,26633001000.0,32.25,None,1.168,48.51,,None,333000000,333000000,,,,,,,,,170000000,339500000,None,7936000000,7936000000,1408000000,None,None,2239000000,None,None,409000000,,4.06,0.0125,,,,0.024,0.02,1042000000,1451000000,3.05,2010-12-31,24.1,5454000000,10191000000.0,3083000000,996000000,191000000,2272000000,2272000000,None,90000000,None,1564000000,None,None,3382000000,None,None,805000000,None,None,None,0.198,,2038000000,1045000000,532000000,1749000000,None,None,None,,,,,2.364,6.67,4.709,,,,,,,,0.147,,2477000000,2025-11-04,annual,3.07,USD,pre-market,287000000,4447000000,0.0803,0.206,0.101,68.05,2044000000,3458000000,76000000,838000000,339.13,353.0,0.6557,17252000000,5506000000,3233000000,9849000000,11746000000,6616000000,11019000000,7362000000,32.25,None,397.32,229.75
2025-12-28,ETN,9.99,26633001000.0,32.25,None,1.168,48.51,,None,340000000,340000000,,,,,,,,,83000000,335800000,None,7936000000,7936000000,1057000000,None,None,1899000000,None,None,409000000,,4.06,0.0125,,,,0.024,0.02,1042000000,1451000000,3.05,2009-12-31,24.1,5435000000,10191000000.0,3083000000,996000000,191000000,2441000000,2441000000,None,90000000,None,1326000000,None,None,3349000000,None,None,805000000,None,None,None,0.198,,2038000000,1045000000,526000000,1514000000,None,None,None,,,,,2.364,6.67,4.709,,,,,,,,0.147,,2445000000,2025-11-04,annual,3.07,USD,pre-market,287000000,3966000000,0.0803,0.206,0.101,68.05,2044000000,3467000000,118000000,433000000,339.13,353.0,0.6557,16282000000,4524000000,2689000000,9464000000,11758000000,6775000000,11019000000,6777000000,32.25,None,397.32,229.75
2025-12-28,ETN,9.99,26633001000.0,32.25,None,1.168,48.51,,None,188000000,188000000,,,,,,,,,82000000,324600000,None,7936000000,7936000000,1121000000,None,None,2295000000,None,None,409000000,,4.06,0.0125,,,,0.024,0.02,1042000000,1451000000,3.05,2008-12-31,24.1,5232000000,10191000000.0,3083000000,996000000,191000000,2518000000,2518000000,None,90000000,None,1554000000,None,None,3190000000,None,None,805000000,None,None,None,0.198,,2038000000,1045000000,416000000,1543000000,None,None,None,,,,,2.364,6.67,4.709,,,,,,,,0.147,,2639000000,2025-11-04,annual,3.07,USD,pre-market,287000000,3917000000,0.0803,0.206,0.101,68.05,2044000000,4271000000,1081000000,342000000,339.13,353.0,0.6557,16655000000,4795000000,3745000000,10338000000,11860000000,6545000000,11019000000,6317000000,32.25,None,397.32,229.75
2025-12-28,ETN,9.99,26633001000.0,32.25,None,1.168,48.51,,None,142000000,142000000,,,,,,,,,73000000,300600000,None,7936000000,7936000000,1170000000,None,None,2208000000,None,None,409000000,,4.06,0.0125,,,,0.024,0.02,1042000000,1451000000,3.05,2007-12-31,24.1,3982000000,10191000000.0,3083000000,996000000,191000000,1557000000,1557000000,None,90000000,None,1483000000,None,None,2432000000,None,None,805000000,None,None,None,0.198,,2038000000,1045000000,430000000,1504000000,None,None,None,,,,,2.364,6.67,4.709,,,,,,,,0.147,,2333000000,2025-11-04,annual,3.07,USD,pre-market,287000000,3257000000,0.0803,0.206,0.101,68.05,2044000000,3417000000,985000000,504000000,339.13,353.0,0.6557,13430000000,4767000000,3659000000,8258000000,8663000000,4599000000,11019000000,5172000000,32.25,None,397.32,229.75
2025-12-28,ETN,9.99,26633001000.0,32.25,None,1.168,48.51,,None,114000000,114000000,,,,,,,,,73000000,305800000,None,7936000000,7936000000,1050000000,None,None,1928000000,None,None,409000000,,4.06,0.0125,,,,0.024,0.02,1042000000,1451000000,3.05,2006-12-31,24.1,3034000000,10191000000.0,3083000000,996000000,191000000,969000000,969000000,None,90000000,None,1293000000,None,None,1774000000,None,None,805000000,None,None,None,0.198,,2038000000,1045000000,402000000,1428000000,None,None,None,,,,,2.364,6.67,4.709,,,,,,,,0.147,,2271000000,2025-11-04,annual,3.07,USD,pre-market,287000000,2796000000,0.0803,0.206,0.101,68.05,2044000000,2586000000,812000000,671000000,339.13,353.0,0.6557,11417000000,4408000000,3290000000,7311000000,7009000000,4021000000,11019000000,4106000000,32.25,None,397.32,229.75
2025-12-28,ETN,9.99,26633001000.0,32.25,None,1.168,48.51,,None,110000000,110000000,,,,,,,,,74000000,308000000,None,7936000000,7936000000,810000000,None,None,1785000000,None,None,409000000,,4.06,0.0125,,,,0.024,0.02,1042000000,1451000000,3.05,2005-12-31,24.1,3139000000,10191000000.0,3083000000,996000000,191000000,626000000,626000000,None,90000000,None,1099000000,None,None,1830000000,None,None,805000000,None,None,None,0.198,,2038000000,1045000000,358000000,1524000000,None,None,None,,,,,2.364,6.67,4.709,,,,,,,,0.147,,2175000000,2025-11-04,annual,3.07,USD,pre-market,287000000,2376000000,0.0803,0.206,0.101,68.05,2044000000,2464000000,634000000,226000000,339.13,353.0,0.6557,10218000000,3578000000,2968000000,6440000000,6640000000,3472000000,11019000000,3778000000,32.25,None,397.32,229.75
2025-12-28,ETN,9.99,26633001000.0,32.25,None,1.168,48.51,178000000,None,110000000,110000000,-1115000000,-293000000,None,None,None,None,None,None,74000000,308000000,None,7936000000,7936000000,810000000,None,None,1785000000,None,None,409000000,258000000,4.06,0.0125,404000000,404000000,None,0.024,0.02,1042000000,1451000000,3.05,2025-09-30,24.1,3139000000,10191000000.0,3083000000,996000000,191000000,626000000,626000000,None,90000000,None,1099000000,None,None,1830000000,None,None,1011000000,None,None,None,0.198,1351000000,2038000000,1045000000,358000000,1524000000,None,None,None,None,None,None,None,2.364,6.67,4.709,None,None,None,None,None,-362000000,None,0.147,None,2175000000,2025-11-04,quarterly,3.07,USD,pre-market,287000000,2376000000,0.0803,0.206,0.101,68.05,2044000000,2464000000,634000000,226000000,339.13,353.0,0.6557,10218000000,3578000000,2968000000,6440000000,6640000000,3472000000,11019000000,3778000000,32.25,None,397.32,229.75
2025-12-28,ETN,9.99,26633001000.0,32.25,None,1.168,48.51,147000000,None,110000000,110000000,-453000000,-1723000000,None,None,None,None,None,None,74000000,308000000,None,7936000000,7936000000,810000000,None,None,1785000000,None,None,409000000,261000000,4.06,0.0125,421000000,421000000,None,0.024,0.02,1042000000,1451000000,3.05,2025-06-30,24.1,3139000000,10191000000.0,3083000000,996000000,191000000,626000000,626000000,None,90000000,None,1099000000,None,None,1830000000,None,None,982000000,None,None,None,0.198,918000000,2038000000,1045000000,358000000,1524000000,None,None,None,None,None,None,None,2.364,6.67,4.709,None,None,None,None,None,-692000000,None,0.147,None,2175000000,2025-11-04,quarterly,3.07,USD,pre-market,287000000,2376000000,0.0803,0.206,0.101,68.05,2044000000,2464000000,634000000,226000000,339.13,353.0,0.6557,10218000000,3578000000,2968000000,6440000000,6640000000,3472000000,11019000000,3778000000,32.25,None,397.32,229.75
2025-12-28,ETN,9.99,26633001000.0,32.25,None,1.168,48.51,147000000,None,110000000,110000000,-244000000,1233000000,None,None,None,None,None,None,74000000,308000000,None,7936000000,7936000000,810000000,None,None,1785000000,None,None,409000000,232000000,4.06,0.0125,397000000,397000000,None,0.024,0.02,1042000000,1451000000,3.05,2025-03-31,24.1,3139000000,10191000000.0,3083000000,996000000,191000000,626000000,626000000,None,90000000,None,1099000000,None,None,1830000000,None,None,965000000,None,None,None,0.198,238000000,2038000000,1045000000,358000000,1524000000,None,None,None,None,None,None,None,2.364,6.67,4.709,None,None,None,None,None,-615000000,None,0.147,None,2175000000,2025-11-04,quarterly,3.07,USD,pre-market,287000000,2376000000,0.0803,0.206,0.101,68.05,2044000000,2464000000,634000000,226000000,339.13,353.0,0.6557,10218000000,3578000000,2968000000,6440000000,6640000000,3472000000,11019000000,3778000000,32.25,None,397.32,229.75
2025-12-28,ETN,9.99,26633001000.0,32.25,None,1.168,48.51,255000000,None,110000000,110000000,-1244000000,-271000000,None,None,None,None,None,None,74000000,308000000,None,7936000000,7936000000,810000000,None,None,1785000000,None,None,409000000,234000000,4.06,0.0125,370000000,370000000,None,0.024,0.02,1042000000,1451000000,3.05,2024-12-31,24.1,3139000000,10191000000.0,3083000000,996000000,191000000,626000000,626000000,None,90000000,None,1099000000,None,None,1830000000,None,None,971000000,None,None,None,0.198,1597000000,2038000000,1045000000,358000000,1524000000,None,None,None,None,None,None,None,2.364,6.67,4.709,None,None,None,None,None,-877000000,None,0.147,None,2175000000,2025-11-04,quarterly,3.07,USD,pre-market,287000000,2376000000,0.0803,0.206,0.101,68.05,2044000000,2464000000,634000000,226000000,339.13,353.0,0.6557,10218000000,3578000000,2968000000,6440000000,6640000000,3472000000,11019000000,3778000000,32.25,None,397.32,229.75
2025-12-28,ETN,9.99,26633001000.0,32.25,None,1.168,48.51,183000000,None,110000000,110000000,-1853000000,511000000,None,None,None,None,None,None,74000000,308000000,None,7936000000,7936000000,810000000,None,None,1785000000,None,None,409000000,235000000,4.06,0.0125,374000000,374000000,None,0.024,0.02,1042000000,1451000000,3.05,2024-09-30,24.1,3139000000,10191000000.0,3083000000,996000000,191000000,626000000,626000000,None,90000000,None,1099000000,None,None,1830000000,None,None,1011000000,None,None,None,0.198,1309000000,2038000000,1045000000,358000000,1524000000,None,None,None,None,None,None,None,2.364,6.67,4.709,None,None,None,None,None,-877000000,None,0.147,None,2175000000,2025-11-04,quarterly,3.07,USD,pre-market,287000000,2376000000,0.0803,0.206,0.101,68.05,2044000000,2464000000,634000000,226000000,339.13,353.0,0.6557,10218000000,3578000000,2968000000,6440000000,6640000000,3472000000,11019000000,3778000000,32.25,None,397.32,229.75
2025-12-28,ETN,9.99,26633001000.0,32.25,None,1.168,48.51,187000000,None,110000000,110000000,-303000000,-544000000,None,None,None,None,None,None,74000000,308000000,None,7936000000,7936000000,810000000,None,None,1785000000,None,None,409000000,227000000,4.06,0.0125,388000000,388000000,None,0.024,0.02,1042000000,1451000000,3.05,2024-06-30,24.1,3139000000,10191000000.0,3083000000,996000000,191000000,626000000,626000000,None,90000000,None,1099000000,None,None,1830000000,None,None,994000000,None,None,None,0.198,946000000,2038000000,1045000000,358000000,1524000000,None,None,None,None,None,None,None,2.364,6.67,4.709,None,None,None,None,None,-600000000,None,0.147,None,2175000000,2025-11-04,quarterly,3.07,USD,pre-market,287000000,2376000000,0.0803,0.206,0.101,68.05,2044000000,2464000000,634000000,226000000,339.13,353.0,0.6557,10218000000,3578000000,2968000000,6440000000,6640000000,3472000000,11019000000,3778000000,32.25,None,397.32,229.75
2025-12-28,ETN,9.99,26633001000.0,32.25,None,1.168,48.51,183000000,None,110000000,110000000,-536000000,33000000,None,None,None,None,None,None,74000000,308000000,None,7936000000,7936000000,810000000,None,None,1785000000,None,None,409000000,225000000,4.06,0.0125,368000000,368000000,None,0.024,0.02,1042000000,1451000000,3.05,2024-03-31,24.1,3139000000,10191000000.0,3083000000,996000000,191000000,626000000,626000000,None,90000000,None,1099000000,None,None,1830000000,None,None,822000000,None,None,None,0.198,475000000,2038000000,1045000000,358000000,1524000000,None,None,None,None,None,None,None,2.364,6.67,4.709,None,None,None,None,None,-138000000,None,0.147,None,2175000000,2025-11-04,quarterly,3.07,USD,pre-market,287000000,2376000000,0.0803,0.206,0.101,68.05,2044000000,2464000000,634000000,226000000,339.13,353.0,0.6557,10218000000,3578000000,2968000000,6440000000,6640000000,3472000000,11019000000,3778000000,32.25,None,397.32,229.75
2025-12-28,ETN,9.99,26633001000.0,32.25,None,1.168,48.51,243000000,None,110000000,110000000,-364000000,-793000000,None,None,-282000000,None,None,None,74000000,308000000,None,7936000000,7936000000,810000000,None,None,1785000000,None,None,409000000,231000000,4.06,0.0125,344000000,344000000,None,0.024,0.02,1042000000,1451000000,3.05,2023-12-31,24.1,3139000000,10191000000.0,3083000000,996000000,191000000,626000000,626000000,None,90000000,None,1099000000,None,None,1830000000,None,None,946000000,None,None,None,0.198,1298000000,2038000000,1045000000,358000000,1524000000,None,None,None,None,None,None,None,2.364,6.67,4.709,None,None,None,None,None,-76290000,None,0.147,None,2175000000,2025-11-04,quarterly,3.07,USD,pre-market,287000000,2376000000,0.0803,0.206,0.101,68.05,2044000000,2464000000,634000000,226000000,339.13,353.0,0.6557,10218000000,3578000000,2968000000,6440000000,6640000000,3472000000,11019000000,3778000000,32.25,None,397.32,229.75
2025-12-28,ETN,9.99,26633001000.0,32.25,None,1.168,48.51,228000000,None,110000000,110000000,-394000000,-752000000,None,None,None,None,None,None,74000000,308000000,None,7936000000,7936000000,810000000,None,None,1785000000,None,None,409000000,229000000,4.06,0.0125,343000000,343000000,None,0.024,0.02,1042000000,1451000000,3.05,2023-09-30,24.1,3139000000,10191000000.0,3083000000,996000000,191000000,626000000,626000000,None,90000000,None,1099000000,None,None,1830000000,None,None,893000000,None,None,None,0.198,1141000000,2038000000,1045000000,358000000,1524000000,None,None,None,None,None,None,None,2.364,6.67,4.709,None,None,None,None,None,-2000000,None,0.147,None,2175000000,2025-11-04,quarterly,3.07,USD,pre-market,287000000,2376000000,0.0803,0.206,0.101,68.05,2044000000,2464000000,634000000,226000000,339.13,353.0,0.6557,10218000000,3578000000,2968000000,6440000000,6640000000,3472000000,11019000000,3778000000,32.25,None,397.32,229.75
2025-12-28,ETN,9.99,26633001000.0,32.25,None,1.168,48.51,160000000,None,110000000,110000000,168000000,-1030000000,112000000,None,None,None,None,None,74000000,308000000,None,7936000000,7936000000,810000000,None,None,1785000000,None,None,409000000,228000000,4.06,0.0125,358000000,358000000,None,0.024,0.02,1042000000,1451000000,3.05,2023-06-30,24.1,3139000000,10191000000.0,3083000000,996000000,191000000,626000000,626000000,None,90000000,None,1099000000,None,None,1830000000,None,None,745000000,None,None,None,0.198,850000000,2038000000,1045000000,358000000,1524000000,None,None,None,None,None,None,None,2.364,6.67,4.709,None,None,None,None,None,30080000,None,0.147,None,2175000000,2025-11-04,quarterly,3.07,USD,pre-market,287000000,2376000000,0.0803,0.206,0.101,68.05,2044000000,2464000000,634000000,226000000,339.13,353.0,0.6557,10218000000,3578000000,2968000000,6440000000,6640000000,3472000000,11019000000,3778000000,32.25,None,397.32,229.75
2025-12-28,ETN,9.99,26633001000.0,32.25,None,1.168,48.51,126000000,None,110000000,110000000,-281000000,-124000000,-70000000,None,None,None,None,None,74000000,308000000,None,7936000000,7936000000,810000000,None,None,1785000000,None,None,409000000,238000000,4.06,0.0125,334000000,334000000,None,0.024,0.02,1042000000,1451000000,3.05,2023-03-31,24.1,3139000000,10191000000.0,3083000000,996000000,191000000,626000000,626000000,None,90000000,None,1099000000,None,None,1830000000,None,None,639000000,None,None,None,0.198,335000000,2038000000,1045000000,358000000,1524000000,None,None,None,None,None,None,None,2.364,6.67,4.709,None,None,None,None,None,17000000,None,0.147,None,2175000000,2025-11-04,quarterly,3.07,USD,pre-market,287000000,2376000000,0.0803,0.206,0.101,68.05,2044000000,2464000000,634000000,226000000,339.13,353.0,0.6557,10218000000,3578000000,2968000000,6440000000,6640000000,3472000000,11019000000,3778000000,32.25,None,397.32,229.75
2025-12-28,ETN,9.99,26633001000.0,32.25,None,1.168,48.51,209000000,None,110000000,110000000,-895000000,-1200000000,74000000,None,-490000000,None,None,-743000000,74000000,308000000,None,7936000000,7936000000,810000000,None,None,1785000000,None,None,409000000,238000000,4.06,0.0125,322000000,322000000,None,0.024,0.02,1042000000,1451000000,3.05,2022-12-31,24.1,3139000000,10191000000.0,3083000000,996000000,191000000,626000000,626000000,None,90000000,None,1099000000,None,None,1830000000,None,None,722000000,None,None,None,0.198,1186000000,2038000000,1045000000,358000000,1524000000,None,None,None,None,None,None,None,2.364,6.67,4.709,None,None,None,None,None,286000000,None,0.147,None,2175000000,2025-11-04,quarterly,3.07,USD,pre-market,287000000,2376000000,0.0803,0.206,0.101,68.05,2044000000,2464000000,634000000,226000000,339.13,353.0,0.6557,10218000000,3578000000,2968000000,6440000000,6640000000,3472000000,11019000000,3778000000,32.25,None,397.32,229.75
2025-12-28,ETN,9.99,26633001000.0,32.25,None,1.168,48.51,135000000,None,110000000,110000000,-937000000,-161000000,-133000000,None,-490000000,None,None,None,74000000,308000000,None,7936000000,7936000000,810000000,None,None,1785000000,None,None,409000000,237000000,4.06,0.0125,323000000,323000000,None,0.024,0.02,1042000000,1451000000,3.05,2022-09-30,24.1,3139000000,10191000000.0,3083000000,996000000,191000000,626000000,626000000,None,90000000,None,1099000000,None,None,1830000000,None,None,608000000,None,None,None,0.198,965000000,2038000000,1045000000,358000000,1524000000,None,None,None,None,None,None,None,2.364,6.67,4.709,None,None,None,None,None,-100000000,None,0.147,None,2175000000,2025-11-04,quarterly,3.07,USD,pre-market,287000000,2376000000,0.0803,0.206,0.101,68.05,2044000000,2464000000,634000000,226000000,339.13,353.0,0.6557,10218000000,3578000000,2968000000,6440000000,6640000000,3472000000,11019000000,3778000000,32.25,None,397.32,229.75
2025-12-28,ETN,9.99,26633001000.0,32.25,None,1.168,48.51,139000000,None,110000000,110000000,-160000000,-60000000,120000000,None,None,None,None,None,74000000,308000000,None,7936000000,7936000000,810000000,None,None,1785000000,None,None,409000000,235000000,4.06,0.0125,334000000,334000000,None,0.024,0.02,1042000000,1451000000,3.05,2022-06-30,24.1,3139000000,10191000000.0,3083000000,996000000,191000000,626000000,626000000,None,90000000,None,1099000000,None,None,1830000000,None,None,602000000,None,None,None,0.198,340000000,2038000000,1045000000,358000000,1524000000,None,None,None,None,None,None,None,2.364,6.67,4.709,None,None,None,None,None,-100000000,None,0.147,None,2175000000,2025-11-04,quarterly,3.07,USD,pre-market,287000000,2376000000,0.0803,0.206,0.101,68.05,2044000000,2464000000,634000000,226000000,339.13,353.0,0.6557,10218000000,3578000000,2968000000,6440000000,6640000000,3472000000,11019000000,3778000000,32.25,None,397.32,229.75
2025-12-28,ETN,9.99,26633001000.0,32.25,None,1.168,48.51,115000000,None,110000000,110000000,652000000,-762000000,-68000000,None,None,None,None,None,74000000,308000000,None,7936000000,7936000000,810000000,None,None,1785000000,None,None,409000000,244000000,4.06,0.0125,320000000,320000000,None,0.024,0.02,1042000000,1451000000,3.05,2022-03-31,24.1,3139000000,10191000000.0,3083000000,996000000,191000000,626000000,626000000,None,90000000,None,1099000000,None,None,1830000000,None,None,533000000,None,None,None,0.198,42000000,2038000000,1045000000,358000000,1524000000,None,None,None,None,None,None,None,2.364,6.67,4.709,None,None,None,None,None,-86000000,None,0.147,None,2175000000,2025-11-04,quarterly,3.07,USD,pre-market,287000000,2376000000,0.0803,0.206,0.101,68.05,2044000000,2464000000,634000000,226000000,339.13,353.0,0.6557,10218000000,3578000000,2968000000,6440000000,6640000000,3472000000,11019000000,3778000000,32.25,None,397.32,229.75
2025-12-28,ETN,9.99,26633001000.0,32.25,None,1.168,48.51,163000000,None,110000000,110000000,-701000000,-76000000,18000000,None,-629000000,None,None,-271000000,74000000,308000000,None,7936000000,7936000000,810000000,None,None,1785000000,None,None,409000000,238000000,4.06,0.0125,303000000,303000000,None,0.024,0.02,1042000000,1451000000,3.05,2021-12-31,24.1,3139000000,10191000000.0,3083000000,996000000,191000000,626000000,626000000,None,90000000,None,1099000000,None,None,1830000000,None,None,551000000,None,None,None,0.198,795000000,2038000000,1045000000,358000000,1524000000,None,None,None,None,None,None,None,2.364,6.67,4.709,None,None,None,None,None,-1000000,None,0.147,None,2175000000,2025-11-04,quarterly,3.07,USD,pre-market,287000000,2376000000,0.0803,0.206,0.101,68.05,2044000000,2464000000,634000000,226000000,339.13,353.0,0.6557,10218000000,3578000000,2968000000,6440000000,6640000000,3472000000,11019000000,3778000000,32.25,None,397.32,229.75
2025-12-28,ETN,9.99,26633001000.0,32.25,None,1.168,48.51,140000000,None,110000000,110000000,-3287000000,2795000000,-21000000,None,-629000000,None,None,None,74000000,308000000,None,7936000000,7936000000,810000000,None,None,1785000000,None,None,409000000,247000000,4.06,0.0125,303000000,303000000,None,0.024,0.02,1042000000,1451000000,3.05,2021-09-30,24.1,3139000000,10191000000.0,3083000000,996000000,191000000,626000000,626000000,None,90000000,None,1099000000,None,None,1830000000,None,None,630000000,None,None,None,0.198,471000000,2038000000,1045000000,358000000,1524000000,None,None,None,None,None,None,None,2.364,6.67,4.709,None,None,None,None,None,-46000000,None,0.147,None,2175000000,2025-11-04,quarterly,3.07,USD,pre-market,287000000,2376000000,0.0803,0.206,0.101,68.05,2044000000,2464000000,634000000,226000000,339.13,353.0,0.6557,10218000000,3578000000,2968000000,6440000000,6640000000,3472000000,11019000000,3778000000,32.25,None,397.32,229.75
2025-12-28,ETN,9.99,26633001000.0,32.25,None,1.168,48.51,153000000,None,110000000,110000000,1578000000,-2282000000,-67000000,None,-629000000,None,None,None,74000000,308000000,None,7936000000,7936000000,810000000,None,None,1785000000,None,None,409000000,229000000,4.06,0.0125,313000000,313000000,None,0.024,0.02,1042000000,1451000000,3.05,2021-06-30,24.1,3139000000,10191000000.0,3083000000,996000000,191000000,626000000,626000000,None,90000000,None,1099000000,None,None,1830000000,None,None,506000000,None,None,None,0.198,637000000,2038000000,1045000000,358000000,1524000000,None,None,None,None,None,None,None,2.364,6.67,4.709,None,None,None,None,None,-17000000,None,0.147,None,2175000000,2025-11-04,quarterly,3.07,USD,pre-market,287000000,2376000000,0.0803,0.206,0.101,68.05,2044000000,2464000000,634000000,226000000,339.13,353.0,0.6557,10218000000,3578000000,2968000000,6440000000,6640000000,3472000000,11019000000,3778000000,32.25,None,397.32,229.75
2025-12-28,ETN,9.99,26633001000.0,32.25,None,1.168,48.51,119000000,None,110000000,110000000,1875000000,-2201000000,-66000000,None,-629000000,None,None,None,74000000,308000000,None,7936000000,7936000000,810000000,None,None,1785000000,None,None,409000000,208000000,4.06,0.0125,300000000,300000000,None,0.024,0.02,1042000000,1451000000,3.05,2021-03-31,24.1,3139000000,10191000000.0,3083000000,996000000,191000000,626000000,626000000,None,90000000,None,1099000000,None,None,1830000000,None,None,459000000,None,None,None,0.198,260000000,2038000000,1045000000,358000000,1524000000,None,None,None,None,None,None,None,2.364,6.67,4.709,None,None,None,None,None,-59000000,None,0.147,None,2175000000,2025-11-04,quarterly,3.07,USD,pre-market,287000000,2376000000,0.0803,0.206,0.101,68.05,2044000000,2464000000,634000000,226000000,339.13,353.0,0.6557,10218000000,3578000000,2968000000,6440000000,6640000000,3472000000,11019000000,3778000000,32.25,None,397.32,229.75
2025-12-28,ETN,9.99,26633001000.0,32.25,None,1.168,48.51,98000000,None,110000000,110000000,-639000000,-312000000,22000000,None,371000000,None,None,219000000,74000000,308000000,None,7936000000,7936000000,810000000,None,None,1785000000,None,None,409000000,208000000,4.06,0.0125,291000000,291000000,None,0.024,0.02,1042000000,1451000000,3.05,2020-12-31,24.1,3139000000,10191000000.0,3083000000,996000000,191000000,626000000,626000000,None,90000000,None,1099000000,None,None,1830000000,None,None,476000000,None,None,None,0.198,943000000,2038000000,1045000000,358000000,1524000000,None,None,None,None,None,None,None,2.364,6.67,4.709,None,None,None,None,None,-144000000,None,0.147,None,2175000000,2025-11-04,quarterly,3.07,USD,pre-market,287000000,2376000000,0.0803,0.206,0.101,68.05,2044000000,2464000000,634000000,226000000,339.13,353.0,0.6557,10218000000,3578000000,2968000000,6440000000,6640000000,3472000000,11019000000,3778000000,32.25,None,397.32,229.75
2025-12-28,ETN,9.99,26633001000.0,32.25,None,1.168,48.51,89000000,None,110000000,110000000,-585000000,-191000000,137000000,-8000000,371000000,None,None,None,74000000,308000000,None,7936000000,7936000000,810000000,None,None,1785000000,None,None,409000000,206000000,4.06,0.0125,292000000,292000000,None,0.024,0.02,1042000000,1451000000,3.05,2020-09-30,24.1,3139000000,10191000000.0,3083000000,996000000,191000000,626000000,626000000,None,90000000,None,1099000000,None,None,1830000000,None,None,447000000,None,None,None,0.198,921000000,2038000000,1045000000,358000000,1524000000,None,None,None,None,None,None,None,2.364,6.67,4.709,None,None,None,None,None,-164000000,None,0.147,None,2175000000,2025-11-04,quarterly,3.07,USD,pre-market,287000000,2376000000,0.0803,0.206,0.101,68.05,2044000000,2464000000,634000000,226000000,339.13,353.0,0.6557,10218000000,3578000000,2968000000,6440000000,6640000000,3472000000,11019000000,3778000000,32.25,None,397.32,229.75
2025-12-28,ETN,9.99,26633001000.0,32.25,None,1.168,48.51,90000000,None,110000000,110000000,-504000000,-200000000,54000000,1000000,371000000,None,None,None,74000000,308000000,None,7936000000,7936000000,810000000,None,None,1785000000,None,None,409000000,198000000,4.06,0.0125,301000000,301000000,None,0.024,0.02,1042000000,1451000000,3.05,2020-06-30,24.1,3139000000,10191000000.0,3083000000,996000000,191000000,626000000,626000000,None,90000000,None,1099000000,None,None,1830000000,None,None,54000000,None,None,None,0.198,757000000,2038000000,1045000000,358000000,1524000000,None,None,None,None,None,None,None,2.364,6.67,4.709,None,None,None,None,None,-5000000,None,0.147,None,2175000000,2025-11-04,quarterly,3.07,USD,pre-market,287000000,2376000000,0.0803,0.206,0.101,68.05,2044000000,2464000000,634000000,226000000,339.13,353.0,0.6557,10218000000,3578000000,2968000000,6440000000,6640000000,3472000000,11019000000,3778000000,32.25,None,397.32,229.75
2025-12-28,ETN,9.99,26633001000.0,32.25,None,1.168,48.51,112000000,None,110000000,110000000,-1530000000,1100000000,-130000000,-23000000,371000000,None,None,None,74000000,308000000,None,7936000000,7936000000,810000000,None,None,1785000000,None,None,409000000,199000000,4.06,0.0125,291000000,291000000,None,0.024,0.02,1042000000,1451000000,3.05,2020-03-31,24.1,3139000000,10191000000.0,3083000000,996000000,191000000,626000000,626000000,None,90000000,None,1099000000,None,None,1830000000,None,None,438000000,None,None,None,0.198,323000000,2038000000,1045000000,358000000,1524000000,None,None,None,None,None,None,None,2.364,6.67,4.709,None,None,None,None,None,-1300000000,None,0.147,None,2175000000,2025-11-04,quarterly,3.07,USD,pre-market,287000000,2376000000,0.0803,0.206,0.101,68.05,2044000000,2464000000,634000000,226000000,339.13,353.0,0.6557,10218000000,3578000000,2968000000,6440000000,6640000000,3472000000,11019000000,3778000000,32.25,None,397.32,229.75
2025-12-28,ETN,9.99,26633001000.0,32.25,None,1.168,48.51,146000000,None,110000000,110000000,-71000000,-1034000000,-179000000,-11000000,-60000000,None,None,200000000,74000000,308000000,None,7936000000,7936000000,810000000,None,None,1785000000,None,None,409000000,216000000,4.06,0.0125,294000000,294000000,None,0.024,0.02,1042000000,1451000000,3.05,2019-12-31,24.1,3139000000,10191000000.0,3083000000,996000000,191000000,626000000,626000000,None,90000000,None,1099000000,None,None,1830000000,None,None,453000000,None,None,None,0.198,937000000,2038000000,1045000000,358000000,1524000000,None,None,None,None,None,None,None,2.364,6.67,4.709,None,None,None,None,None,-51000000,None,0.147,None,2175000000,2025-11-04,quarterly,3.07,USD,pre-market,287000000,2376000000,0.0803,0.206,0.101,68.05,2044000000,2464000000,634000000,226000000,339.13,353.0,0.6557,10218000000,3578000000,2968000000,6440000000,6640000000,3472000000,11019000000,3778000000,32.25,None,397.32,229.75
2025-12-28,ETN,9.99,26633001000.0,32.25,None,1.168,48.51,143000000,None,110000000,110000000,-824000000,-122000000,137000000,None,-60000000,None,None,None,74000000,308000000,None,7936000000,7936000000,810000000,None,None,1785000000,None,None,409000000,226000000,4.06,0.0125,298000000,298000000,None,0.024,0.02,1042000000,1451000000,3.05,2019-09-30,24.1,3139000000,10191000000.0,3083000000,996000000,191000000,626000000,626000000,None,90000000,None,1099000000,None,None,1830000000,None,None,602000000,None,None,None,0.198,1083000000,2038000000,1045000000,358000000,1524000000,None,None,None,None,None,None,None,2.364,6.67,4.709,None,None,None,None,None,-538000000,None,0.147,None,2175000000,2025-11-04,quarterly,3.07,USD,pre-market,287000000,2376000000,0.0803,0.206,0.101,68.05,2044000000,2464000000,634000000,226000000,339.13,353.0,0.6557,10218000000,3578000000,2968000000,6440000000,6640000000,3472000000,11019000000,3778000000,32.25,None,397.32,229.75
2025-12-28,ETN,9.99,26633001000.0,32.25,None,1.168,48.51,149000000,None,110000000,110000000,-128000000,-642000000,109000000,-1000000,-60000000,None,None,None,74000000,308000000,None,7936000000,7936000000,810000000,None,None,1785000000,None,None,409000000,221000000,4.06,0.0125,307000000,307000000,None,0.024,0.02,1042000000,1451000000,3.05,2019-06-30,24.1,3139000000,10191000000.0,3083000000,996000000,191000000,626000000,626000000,None,90000000,None,1099000000,None,None,1830000000,None,None,636000000,None,None,None,0.198,880000000,2038000000,1045000000,358000000,1524000000,None,None,None,None,None,None,None,2.364,6.67,4.709,None,None,None,None,None,-260000000,None,0.147,None,2175000000,2025-11-04,quarterly,3.07,USD,pre-market,287000000,2376000000,0.0803,0.206,0.101,68.05,2044000000,2464000000,634000000,226000000,339.13,353.0,0.6557,10218000000,3578000000,2968000000,6440000000,6640000000,3472000000,11019000000,3778000000,32.25,None,397.32,229.75
2025-12-28,ETN,9.99,26633001000.0,32.25,None,1.168,48.51,149000000,None,110000000,110000000,-471000000,-68000000,20000000,8000000,-60000000,None,None,None,74000000,308000000,None,7936000000,7936000000,810000000,None,None,1785000000,None,None,409000000,221000000,4.06,0.0125,302000000,302000000,None,0.024,0.02,1042000000,1451000000,3.05,2019-03-31,24.1,3139000000,10191000000.0,3083000000,996000000,191000000,626000000,626000000,None,90000000,None,1099000000,None,None,1830000000,None,None,522000000,None,None,None,0.198,551000000,2038000000,1045000000,358000000,1524000000,None,None,None,None,None,None,None,2.364,6.67,4.709,None,None,None,None,None,-180000000,None,0.147,None,2175000000,2025-11-04,quarterly,3.07,USD,pre-market,287000000,2376000000,0.0803,0.206,0.101,68.05,2044000000,2464000000,634000000,226000000,339.13,353.0,0.6557,10218000000,3578000000,2968000000,6440000000,6640000000,3472000000,11019000000,3778000000,32.25,None,397.32,229.75
2025-12-28,ETN,9.99,26633001000.0,32.25,None,1.168,48.51,154000000,None,110000000,110000000,-713000000,-142000000,-44000000,-9000000,-242000000,None,None,-123000000,74000000,308000000,None,7936000000,7936000000,810000000,None,None,1785000000,None,None,409000000,223000000,4.06,0.0125,285000000,285000000,None,0.024,0.02,1042000000,1451000000,3.05,2018-12-31,24.1,3139000000,10191000000.0,3083000000,996000000,191000000,626000000,626000000,None,90000000,None,1099000000,None,None,1830000000,None,None,632000000,None,None,None,0.198,820000000,2038000000,1045000000,358000000,1524000000,None,None,None,None,None,None,None,2.364,6.67,4.709,None,None,None,None,None,-671000000,None,0.147,None,2175000000,2025-11-04,quarterly,3.07,USD,pre-market,287000000,2376000000,0.0803,0.206,0.101,68.05,2044000000,2464000000,634000000,226000000,339.13,353.0,0.6557,10218000000,3578000000,2968000000,6440000000,6640000000,3472000000,11019000000,3778000000,32.25,None,397.32,229.75
2025-12-28,ETN,9.99,26633001000.0,32.25,None,1.168,48.51,131000000,None,110000000,110000000,-700000000,-219000000,71000000,-10000000,-242000000,None,None,None,74000000,308000000,None,7936000000,7936000000,810000000,None,None,1785000000,None,None,409000000,223000000,4.06,0.0125,286000000,286000000,None,0.024,0.02,1042000000,1451000000,3.05,2018-09-30,24.1,3139000000,10191000000.0,3083000000,996000000,191000000,626000000,626000000,None,90000000,None,1099000000,None,None,1830000000,None,None,416000000,None,None,None,0.198,1000000000,2038000000,1045000000,358000000,1524000000,None,None,None,None,None,None,None,2.364,6.67,4.709,None,None,None,None,None,-1000000,None,0.147,None,2175000000,2025-11-04,quarterly,3.07,USD,pre-market,287000000,2376000000,0.0803,0.206,0.101,68.05,2044000000,2464000000,634000000,226000000,339.13,353.0,0.6557,10218000000,3578000000,2968000000,6440000000,6640000000,3472000000,11019000000,3778000000,32.25,None,397.32,229.75
2025-12-28,ETN,9.99,26633001000.0,32.25,None,1.168,48.51,149000000,None,110000000,110000000,-725000000,100000000,-61000000,65000000,-242000000,None,None,None,74000000,308000000,None,7936000000,7936000000,810000000,None,None,1785000000,None,None,409000000,227000000,4.06,0.0125,294000000,294000000,None,0.024,0.02,1042000000,1451000000,3.05,2018-06-30,24.1,3139000000,10191000000.0,3083000000,996000000,191000000,626000000,626000000,None,90000000,None,1099000000,None,None,1830000000,None,None,611000000,None,None,None,0.198,499000000,2038000000,1045000000,358000000,1524000000,None,None,None,None,None,None,None,2.364,6.67,4.709,None,None,None,None,None,-300000000,None,0.147,None,2175000000,2025-11-04,quarterly,3.07,USD,pre-market,287000000,2376000000,0.0803,0.206,0.101,68.05,2044000000,2464000000,634000000,226000000,339.13,353.0,0.6557,10218000000,3578000000,2968000000,6440000000,6640000000,3472000000,11019000000,3778000000,32.25,None,397.32,229.75
2025-12-28,ETN,9.99,26633001000.0,32.25,None,1.168,48.51,131000000,None,110000000,110000000,-443000000,-137000000,-244000000,-3000000,-242000000,None,None,None,74000000,308000000,None,7936000000,7936000000,810000000,None,None,1785000000,None,None,409000000,230000000,4.06,0.0125,284000000,284000000,None,0.024,0.02,1042000000,1451000000,3.05,2018-03-31,24.1,3139000000,10191000000.0,3083000000,996000000,191000000,626000000,626000000,None,90000000,None,1099000000,None,None,1830000000,None,None,487000000,None,None,None,0.198,339000000,2038000000,1045000000,358000000,1524000000,None,None,None,None,None,None,None,2.364,6.67,4.709,None,None,None,None,None,-300000000,None,0.147,None,2175000000,2025-11-04,quarterly,3.07,USD,pre-market,287000000,2376000000,0.0803,0.206,0.101,68.05,2044000000,2464000000,634000000,226000000,339.13,353.0,0.6557,10218000000,3578000000,2968000000,6440000000,6640000000,3472000000,11019000000,3778000000,32.25,None,397.32,229.75
2025-12-28,ETN,9.99,26633001000.0,32.25,None,1.168,48.51,169000000,None,110000000,110000000,-1327000000,218000000,-230000000,None,-202000000,None,None,-231000000,74000000,308000000,None,7936000000,7936000000,810000000,None,None,1785000000,None,None,409000000,229000000,4.06,0.0125,265000000,265000000,None,0.024,0.02,1042000000,1451000000,3.05,2017-12-31,24.1,3139000000,10191000000.0,3083000000,996000000,191000000,626000000,626000000,None,90000000,None,1099000000,None,None,1830000000,None,None,634000000,None,None,None,0.198,879000000,2038000000,1045000000,358000000,1524000000,None,None,None,None,None,None,None,2.364,6.67,4.709,None,None,None,None,None,-61000000,None,0.147,None,2175000000,2025-11-04,quarterly,3.07,USD,pre-market,287000000,2376000000,0.0803,0.206,0.101,68.05,2044000000,2464000000,634000000,226000000,339.13,353.0,0.6557,10218000000,3578000000,2968000000,6440000000,6640000000,3472000000,11019000000,3778000000,32.25,None,397.32,229.75
2025-12-28,ETN,9.99,26633001000.0,32.25,None,1.168,48.51,105000000,None,110000000,110000000,-426000000,151000000,479000000,4000000,0,None,None,None,74000000,308000000,None,7936000000,7936000000,810000000,None,None,1785000000,None,None,409000000,232000000,4.06,0.0125,266000000,266000000,None,0.024,0.02,1042000000,1451000000,3.05,2017-09-30,24.1,3139000000,10191000000.0,3083000000,996000000,191000000,626000000,626000000,None,90000000,None,1099000000,None,None,1830000000,None,None,1399000000,None,None,None,0.198,750000000,2038000000,1045000000,358000000,1524000000,None,None,None,None,None,None,None,2.364,6.67,4.709,None,None,None,None,None,-324000000,None,0.147,None,2175000000,2025-11-04,quarterly,3.07,USD,pre-market,287000000,2376000000,0.0803,0.206,0.101,68.05,2044000000,2464000000,634000000,226000000,339.13,353.0,0.6557,10218000000,3578000000,2968000000,6440000000,6640000000,3472000000,11019000000,3778000000,32.25,None,397.32,229.75
2025-12-28,ETN,9.99,26633001000.0,32.25,None,1.168,48.51,130000000,None,110000000,110000000,-126000000,-357000000,90000000,-1000000,0,None,None,None,74000000,308000000,None,7936000000,7936000000,810000000,None,None,1785000000,None,None,409000000,228000000,4.06,0.0125,274000000,274000000,None,0.024,0.02,1042000000,1451000000,3.05,2017-06-30,24.1,3139000000,10191000000.0,3083000000,996000000,191000000,626000000,626000000,None,90000000,None,1099000000,None,None,1830000000,None,None,516000000,None,None,None,0.198,574000000,2038000000,1045000000,358000000,1524000000,None,None,None,None,None,None,None,2.364,6.67,4.709,None,None,None,None,None,-210000000,None,0.147,None,2175000000,2025-11-04,quarterly,3.07,USD,pre-market,287000000,2376000000,0.0803,0.206,0.101,68.05,2044000000,2464000000,634000000,226000000,339.13,353.0,0.6557,10218000000,3578000000,2968000000,6440000000,6640000000,3472000000,11019000000,3778000000,32.25,None,397.32,229.75
2025-12-28,ETN,9.99,26633001000.0,32.25,None,1.168,48.51,116000000,None,110000000,110000000,-563000000,-229000000,-321000000,8000000,0,None,None,None,74000000,308000000,None,7936000000,7936000000,810000000,None,None,1785000000,None,None,409000000,225000000,4.06,0.0125,263000000,263000000,None,0.024,0.02,1042000000,1451000000,3.05,2017-03-31,24.1,3139000000,10191000000.0,3083000000,996000000,191000000,626000000,626000000,None,90000000,None,1099000000,None,None,1830000000,None,None,432000000,None,None,None,0.198,463000000,2038000000,1045000000,358000000,1524000000,None,None,None,None,None,None,None,2.364,6.67,4.709,None,None,None,None,None,-255000000,None,0.147,None,2175000000,2025-11-04,quarterly,3.07,USD,pre-market,287000000,2376000000,0.0803,0.206,0.101,68.05,2044000000,2464000000,634000000,226000000,339.13,353.0,0.6557,10218000000,3578000000,2968000000,6440000000,6640000000,3472000000,11019000000,3778000000,32.25,None,397.32,229.75
2025-12-28,ETN,9.99,26633001000.0,32.25,None,1.168,48.51,151000000,None,110000000,110000000,-395000000,-158000000,49000000,-36000000,25000000,None,None,-170000000,74000000,308000000,None,7936000000,7936000000,810000000,None,None,1785000000,None,None,409000000,229000000,4.06,0.0125,257000000,257000000,None,0.024,0.02,1042000000,1451000000,3.05,2016-12-31,24.1,3139000000,10191000000.0,3083000000,996000000,191000000,626000000,626000000,None,90000000,None,1099000000,None,None,1830000000,None,None,498000000,None,None,None,0.198,638000000,2038000000,1045000000,358000000,1524000000,None,None,None,None,None,None,None,2.364,6.67,4.709,None,None,None,None,None,-163000000,None,0.147,None,2175000000,2025-11-04,quarterly,3.07,USD,pre-market,287000000,2376000000,0.0803,0.206,0.101,68.05,2044000000,2464000000,634000000,226000000,339.13,353.0,0.6557,10218000000,3578000000,2968000000,6440000000,6640000000,3472000000,11019000000,3778000000,32.25,None,397.32,229.75
2025-12-28,ETN,9.99,26633001000.0,32.25,None,1.168,48.51,100000000,None,110000000,110000000,-461000000,-167000000,171000000,None,0,None,None,None,74000000,308000000,None,7936000000,7936000000,810000000,None,None,1785000000,None,None,409000000,233000000,4.06,0.0125,259000000,259000000,None,0.024,0.02,1042000000,1451000000,3.05,2016-09-30,24.1,3139000000,10191000000.0,3083000000,996000000,191000000,626000000,626000000,None,90000000,None,1099000000,None,None,1830000000,None,None,522000000,None,None,None,0.198,798000000,2038000000,1045000000,358000000,1524000000,None,None,None,None,None,None,None,2.364,6.67,4.709,None,None,None,None,None,-272000000,None,0.147,None,2175000000,2025-11-04,quarterly,3.07,USD,pre-market,287000000,2376000000,0.0803,0.206,0.101,68.05,2044000000,2464000000,634000000,226000000,339.13,353.0,0.6557,10218000000,3578000000,2968000000,6440000000,6640000000,3472000000,11019000000,3778000000,32.25,None,397.32,229.75
2025-12-28,ETN,9.99,26633001000.0,32.25,None,1.168,48.51,135000000,None,110000000,110000000,-705000000,-45000000,-10000000,-5000000,0,None,None,None,74000000,308000000,None,7936000000,7936000000,810000000,None,None,1785000000,None,None,409000000,234000000,4.06,0.0125,265000000,265000000,None,0.024,0.02,1042000000,1451000000,3.05,2016-06-30,24.1,3139000000,10191000000.0,3083000000,996000000,191000000,626000000,626000000,None,90000000,None,1099000000,None,None,1830000000,None,None,492000000,None,None,None,0.198,745000000,2038000000,1045000000,358000000,1524000000,None,None,None,None,None,None,None,2.364,6.67,4.709,None,None,None,None,None,-195000000,None,0.147,None,2175000000,2025-11-04,quarterly,3.07,USD,pre-market,287000000,2376000000,0.0803,0.206,0.101,68.05,2044000000,2464000000,634000000,226000000,339.13,353.0,0.6557,10218000000,3578000000,2968000000,6440000000,6640000000,3472000000,11019000000,3778000000,32.25,None,397.32,229.75
2025-12-28,ETN,9.99,26633001000.0,32.25,None,1.168,48.51,111000000,None,110000000,110000000,-177000000,-159000000,65000000,13000000,0,None,None,None,74000000,308000000,None,7936000000,7936000000,810000000,None,None,1785000000,None,None,409000000,233000000,4.06,0.0125,256000000,256000000,None,0.024,0.02,1042000000,1451000000,3.05,2016-03-31,24.1,3139000000,10191000000.0,3083000000,996000000,191000000,626000000,626000000,None,90000000,None,1099000000,None,None,1830000000,None,None,403000000,None,None,None,0.198,388000000,2038000000,1045000000,358000000,1524000000,None,None,None,None,None,None,None,2.364,6.67,4.709,None,None,None,None,None,-100000000,None,0.147,None,2175000000,2025-11-04,quarterly,3.07,USD,pre-market,287000000,2376000000,0.0803,0.206,0.101,68.05,2044000000,2464000000,634000000,226000000,339.13,353.0,0.6557,10218000000,3578000000,2968000000,6440000000,6640000000,3472000000,11019000000,3778000000,32.25,None,397.32,229.75
2025-12-28,ETN,9.99,26633001000.0,32.25,None,1.168,48.51,138000000,None,110000000,110000000,-678000000,-202000000,-150000000,-12000000,-20000000,None,None,5000000,74000000,308000000,None,7936000000,7936000000,810000000,None,None,1785000000,None,None,409000000,233000000,4.06,0.0125,255000000,255000000,None,0.024,0.02,1042000000,1451000000,3.05,2015-12-31,24.1,3139000000,10191000000.0,3083000000,996000000,191000000,626000000,626000000,None,90000000,None,1099000000,None,None,1830000000,None,None,534000000,None,None,None,0.198,742000000,2038000000,1045000000,358000000,1524000000,None,None,None,None,None,None,None,2.364,6.67,4.709,None,None,None,None,None,-228000000,None,0.147,None,2175000000,2025-11-04,quarterly,3.07,USD,pre-market,287000000,2376000000,0.0803,0.206,0.101,68.05,2044000000,2464000000,634000000,226000000,339.13,353.0,0.6557,10218000000,3578000000,2968000000,6440000000,6640000000,3472000000,11019000000,3778000000,32.25,None,397.32,229.75
2025-12-28,ETN,9.99,26633001000.0,32.25,None,1.168,48.51,122000000,None,110000000,110000000,-677000000,-166000000,115000000,-15000000,0,None,None,None,74000000,308000000,None,7936000000,7936000000,810000000,None,None,1785000000,None,None,409000000,232000000,4.06,0.0125,257000000,257000000,None,0.024,0.02,1042000000,1451000000,3.05,2015-09-30,24.1,3139000000,10191000000.0,3083000000,996000000,191000000,626000000,626000000,None,90000000,None,1099000000,None,None,1830000000,None,None,445000000,None,None,None,0.198,973000000,2038000000,1045000000,358000000,1524000000,None,None,None,None,None,None,None,2.364,6.67,4.709,None,None,None,None,None,-284000000,None,0.147,None,2175000000,2025-11-04,quarterly,3.07,USD,pre-market,287000000,2376000000,0.0803,0.206,0.101,68.05,2044000000,2464000000,634000000,226000000,339.13,353.0,0.6557,10218000000,3578000000,2968000000,6440000000,6640000000,3472000000,11019000000,3778000000,32.25,None,397.32,229.75
2025-12-28,ETN,9.99,26633001000.0,32.25,None,1.168,48.51,141000000,None,110000000,110000000,-785000000,-154000000,-360000000,None,0,None,None,None,74000000,308000000,None,7936000000,7936000000,810000000,None,None,1785000000,None,None,409000000,234000000,4.06,0.0125,263000000,263000000,None,0.024,0.02,1042000000,1451000000,3.05,2015-06-30,24.1,3139000000,10191000000.0,3083000000,996000000,191000000,626000000,626000000,None,90000000,None,1099000000,None,None,1830000000,None,None,535000000,None,None,None,0.198,579000000,2038000000,1045000000,358000000,1524000000,None,None,None,None,None,None,None,2.364,6.67,4.709,None,None,None,None,None,-38000000,None,0.147,None,2175000000,2025-11-04,quarterly,3.07,USD,pre-market,287000000,2376000000,0.0803,0.206,0.101,68.05,2044000000,2464000000,634000000,226000000,339.13,353.0,0.6557,10218000000,3578000000,2968000000,6440000000,6640000000,3472000000,11019000000,3778000000,32.25,None,397.32,229.75
2025-12-28,ETN,9.99,26633001000.0,32.25,None,1.168,48.51,105000000,None,110000000,110000000,-127000000,-53000000,-118000000,-15000000,0,None,None,None,74000000,308000000,None,7936000000,7936000000,810000000,None,None,1785000000,None,None,409000000,226000000,4.06,0.0125,251000000,251000000,None,0.024,0.02,1042000000,1451000000,3.05,2015-03-31,24.1,3139000000,10191000000.0,3083000000,996000000,191000000,626000000,626000000,None,90000000,None,1099000000,None,None,1830000000,None,None,467000000,None,None,None,0.198,77000000,2038000000,1045000000,358000000,1524000000,None,None,None,None,None,None,None,2.364,6.67,4.709,None,None,None,None,None,-170000000,None,0.147,None,2175000000,2025-11-04,quarterly,3.07,USD,pre-market,287000000,2376000000,0.0803,0.206,0.101,68.05,2044000000,2464000000,634000000,226000000,339.13,353.0,0.6557,10218000000,3578000000,2968000000,6440000000,6640000000,3472000000,11019000000,3778000000,32.25,None,397.32,229.75
2025-12-28,ETN,9.99,26633001000.0,32.25,None,1.168,48.51,254000000,None,110000000,110000000,-650000000,-150000000,126000000,-18000000,-152000000,None,None,205000000,74000000,308000000,None,7936000000,7936000000,810000000,None,None,1785000000,None,None,409000000,240000000,4.06,0.0125,229000000,229000000,None,0.024,0.02,1042000000,1451000000,3.05,2014-12-31,24.1,3139000000,10191000000.0,3083000000,996000000,191000000,626000000,626000000,None,90000000,None,1099000000,None,None,1830000000,None,None,585000000,None,None,None,0.198,944000000,2038000000,1045000000,358000000,1524000000,None,None,None,None,None,None,None,2.364,6.67,4.709,None,None,None,None,None,-383000000,None,0.147,None,2175000000,2025-11-04,quarterly,3.07,USD,pre-market,287000000,2376000000,0.0803,0.206,0.101,68.05,2044000000,2464000000,634000000,226000000,339.13,353.0,0.6557,10218000000,3578000000,2968000000,6440000000,6640000000,3472000000,11019000000,3778000000,32.25,None,397.32,229.75
2025-12-28,ETN,9.99,26633001000.0,32.25,None,1.168,48.51,142000000,None,110000000,110000000,-402000000,145000000,24000000,-8000000,0,None,None,None,74000000,308000000,None,7936000000,7936000000,810000000,None,None,1785000000,None,None,409000000,244000000,4.06,0.0125,233000000,233000000,None,0.024,0.02,1042000000,1451000000,3.05,2014-09-30,24.1,3139000000,10191000000.0,3083000000,996000000,191000000,626000000,626000000,None,90000000,None,1099000000,None,None,1830000000,None,None,605000000,None,None,None,0.198,289000000,2038000000,1045000000,358000000,1524000000,None,None,None,None,None,None,None,2.364,6.67,4.709,None,None,None,None,None,-168000000,None,0.147,None,2175000000,2025-11-04,quarterly,3.07,USD,pre-market,287000000,2376000000,0.0803,0.206,0.101,68.05,2044000000,2464000000,634000000,226000000,339.13,353.0,0.6557,10218000000,3578000000,2968000000,6440000000,6640000000,3472000000,11019000000,3778000000,32.25,None,397.32,229.75
2025-12-28,ETN,9.99,26633001000.0,32.25,None,1.168,48.51,126000000,None,110000000,110000000,-635000000,-156000000,-153000000,5000000,0,None,None,None,74000000,308000000,None,7936000000,7936000000,810000000,None,None,1785000000,None,None,409000000,250000000,4.06,0.0125,238000000,238000000,None,0.024,0.02,1042000000,1451000000,3.05,2014-06-30,24.1,3139000000,10191000000.0,3083000000,996000000,191000000,626000000,626000000,None,90000000,None,1099000000,None,None,1830000000,None,None,172000000,None,None,None,0.198,633000000,2038000000,1045000000,358000000,1524000000,None,None,None,None,None,None,None,2.364,6.67,4.709,None,None,None,None,None,-99000000,None,0.147,None,2175000000,2025-11-04,quarterly,3.07,USD,pre-market,287000000,2376000000,0.0803,0.206,0.101,68.05,2044000000,2464000000,634000000,226000000,339.13,353.0,0.6557,10218000000,3578000000,2968000000,6440000000,6640000000,3472000000,11019000000,3778000000,32.25,None,397.32,229.75
2025-12-28,ETN,9.99,26633001000.0,32.25,None,1.168,48.51,110000000,None,110000000,110000000,-443000000,304000000,-131000000,-4000000,0,None,None,None,74000000,308000000,None,7936000000,7936000000,810000000,None,None,1785000000,None,None,409000000,249000000,4.06,0.0125,229000000,229000000,None,0.024,0.02,1042000000,1451000000,3.05,2014-03-31,24.1,3139000000,10191000000.0,3083000000,996000000,191000000,626000000,626000000,None,90000000,None,1099000000,None,None,1830000000,None,None,441000000,None,None,None,0.198,12000000,2038000000,1045000000,358000000,1524000000,None,None,None,None,None,None,None,2.364,6.67,4.709,None,None,None,None,None,23000000,None,0.147,None,2175000000,2025-11-04,quarterly,3.07,USD,pre-market,287000000,2376000000,0.0803,0.206,0.101,68.05,2044000000,2464000000,634000000,226000000,339.13,353.0,0.6557,10218000000,3578000000,2968000000,6440000000,6640000000,3472000000,11019000000,3778000000,32.25,None,397.32,229.75
2025-12-28,ETN,9.99,26633001000.0,32.25,None,1.168,48.51,242000000,None,110000000,110000000,-251000000,-345000000,273000000,-3000000,-92000000,None,None,231000000,74000000,308000000,None,7936000000,7936000000,810000000,None,None,1785000000,None,None,409000000,257000000,4.06,0.0125,199000000,199000000,None,0.024,0.02,1042000000,1451000000,3.05,2013-12-31,24.1,3139000000,10191000000.0,3083000000,996000000,191000000,626000000,626000000,None,90000000,None,1099000000,None,None,1830000000,None,None,482000000,None,None,None,0.198,872000000,2038000000,1045000000,358000000,1524000000,None,None,None,None,None,None,None,2.364,6.67,4.709,None,None,None,None,None,23000000,None,0.147,None,2175000000,2025-11-04,quarterly,3.07,USD,pre-market,287000000,2376000000,0.0803,0.206,0.101,68.05,2044000000,2464000000,634000000,226000000,339.13,353.0,0.6557,10218000000,3578000000,2968000000,6440000000,6640000000,3472000000,11019000000,3778000000,32.25,None,397.32,229.75
2025-12-28,ETN,9.99,26633001000.0,32.25,None,1.168,48.51,121000000,None,110000000,110000000,-235000000,-463000000,14000000,8000000,0,None,None,None,74000000,308000000,None,7936000000,7936000000,810000000,None,None,1785000000,None,None,409000000,250000000,4.06,0.0125,200000000,200000000,None,0.024,0.02,1042000000,1451000000,3.05,2013-09-30,24.1,3139000000,10191000000.0,3083000000,996000000,191000000,626000000,626000000,None,90000000,None,1099000000,None,None,1830000000,None,None,514000000,None,None,None,0.198,704000000,2038000000,1045000000,358000000,1524000000,None,None,None,None,None,None,None,2.364,6.67,4.709,None,None,None,None,None,20000000,None,0.147,None,2175000000,2025-11-04,quarterly,3.07,USD,pre-market,287000000,2376000000,0.0803,0.206,0.101,68.05,2044000000,2464000000,634000000,226000000,339.13,353.0,0.6557,10218000000,3578000000,2968000000,6440000000,6640000000,3472000000,11019000000,3778000000,32.25,None,397.32,229.75
2025-12-28,ETN,9.99,26633001000.0,32.25,None,1.168,48.51,129000000,None,110000000,110000000,-440000000,-167000000,-11000000,-13000000,0,None,None,None,74000000,308000000,None,7936000000,7936000000,810000000,None,None,1785000000,None,None,409000000,245000000,4.06,0.0125,203000000,203000000,None,0.024,0.02,1042000000,1451000000,3.05,2013-06-30,24.1,3139000000,10191000000.0,3083000000,996000000,191000000,626000000,626000000,None,90000000,None,1099000000,None,None,1830000000,None,None,494000000,None,None,None,0.198,609000000,2038000000,1045000000,358000000,1524000000,None,None,None,None,None,None,None,2.364,6.67,4.709,None,None,None,None,None,22000000,None,0.147,None,2175000000,2025-11-04,quarterly,3.07,USD,pre-market,287000000,2376000000,0.0803,0.206,0.101,68.05,2044000000,2464000000,634000000,226000000,339.13,353.0,0.6557,10218000000,3578000000,2968000000,6440000000,6640000000,3472000000,11019000000,3778000000,32.25,None,397.32,229.75
2025-12-28,ETN,9.99,26633001000.0,32.25,None,1.168,48.51,122000000,None,110000000,110000000,-810000000,773000000,62000000,-1000000,0,None,None,None,74000000,308000000,None,7936000000,7936000000,810000000,None,None,1785000000,None,None,409000000,245000000,4.06,0.0125,194000000,194000000,None,0.024,0.02,1042000000,1451000000,3.05,2013-03-31,24.1,3139000000,10191000000.0,3083000000,996000000,191000000,626000000,626000000,None,90000000,None,1099000000,None,None,1830000000,None,None,380000000,None,None,None,0.198,100000000,2038000000,1045000000,358000000,1524000000,None,None,None,None,None,None,None,2.364,6.67,4.709,None,None,None,None,None,56000000,None,0.147,None,2175000000,2025-11-04,quarterly,3.07,USD,pre-market,287000000,2376000000,0.0803,0.206,0.101,68.05,2044000000,2464000000,634000000,226000000,339.13,353.0,0.6557,10218000000,3578000000,2968000000,6440000000,6640000000,3472000000,11019000000,3778000000,32.25,None,397.32,229.75
2025-12-28,ETN,9.99,26633001000.0,32.25,None,1.168,48.51,236000000,None,110000000,110000000,5576000000,-6115000000,None,None,166000000,None,None,None,74000000,308000000,None,7936000000,7936000000,810000000,None,None,1785000000,None,None,409000000,179000000,4.06,0.0125,128000000,128000000,None,0.024,0.02,1042000000,1451000000,3.05,2012-12-31,24.1,3139000000,10191000000.0,3083000000,996000000,191000000,626000000,626000000,None,90000000,None,1099000000,None,None,1830000000,None,None,182000000,None,None,None,0.198,687000000,2038000000,1045000000,358000000,1524000000,None,None,None,None,None,None,None,2.364,6.67,4.709,None,None,None,None,None,0,None,0.147,None,2175000000,2025-11-04,quarterly,3.07,USD,pre-market,287000000,2376000000,0.0803,0.206,0.101,68.05,2044000000,2464000000,634000000,226000000,339.13,353.0,0.6557,10218000000,3578000000,2968000000,6440000000,6640000000,3472000000,11019000000,3778000000,32.25,None,397.32,229.75
2025-12-28,ETN,9.99,26633001000.0,32.25,None,1.168,48.51,126000000,None,110000000,110000000,-441000000,-275000000,None,None,0,None,None,None,74000000,308000000,None,7936000000,7936000000,810000000,None,None,1785000000,None,None,409000000,141000000,4.06,0.0125,129000000,129000000,None,0.024,0.02,1042000000,1451000000,3.05,2012-09-30,24.1,3139000000,10191000000.0,3083000000,996000000,191000000,626000000,626000000,None,90000000,None,1099000000,None,None,1830000000,None,None,347000000,None,None,None,0.198,606000000,2038000000,1045000000,358000000,1524000000,None,None,None,None,None,None,None,2.364,6.67,4.709,None,None,None,None,None,0,None,0.147,None,2175000000,2025-11-04,quarterly,3.07,USD,pre-market,287000000,2376000000,0.0803,0.206,0.101,68.05,2044000000,2464000000,634000000,226000000,339.13,353.0,0.6557,10218000000,3578000000,2968000000,6440000000,6640000000,3472000000,11019000000,3778000000,32.25,None,397.32,229.75
2025-12-28,ETN,9.99,26633001000.0,32.25,None,1.168,48.51,126000000,None,110000000,110000000,414000000,-723000000,None,None,None,None,None,None,74000000,308000000,None,7936000000,7936000000,810000000,None,None,1785000000,None,None,409000000,138000000,4.06,0.0125,128000000,128000000,None,0.024,0.02,1042000000,1451000000,3.05,2012-06-30,24.1,3139000000,10191000000.0,3083000000,996000000,191000000,626000000,626000000,None,90000000,None,1099000000,None,None,1830000000,None,None,382000000,None,None,None,0.198,469000000,2038000000,1045000000,358000000,1524000000,None,None,None,None,None,None,None,2.364,6.67,4.709,None,None,None,None,None,None,None,0.147,None,2175000000,2025-11-04,quarterly,3.07,USD,pre-market,287000000,2376000000,0.0803,0.206,0.101,68.05,2044000000,2464000000,634000000,226000000,339.13,353.0,0.6557,10218000000,3578000000,2968000000,6440000000,6640000000,3472000000,11019000000,3778000000,32.25,None,397.32,229.75
2025-12-28,ETN,9.99,26633001000.0,32.25,None,1.168,48.51,105000000,None,110000000,110000000,-69000000,141000000,None,None,None,None,None,None,74000000,308000000,None,7936000000,7936000000,810000000,None,None,1785000000,None,None,409000000,140000000,4.06,0.0125,127000000,127000000,None,0.024,0.02,1042000000,1451000000,3.05,2012-03-31,24.1,3139000000,10191000000.0,3083000000,996000000,191000000,626000000,626000000,None,90000000,None,1099000000,None,None,1830000000,None,None,311000000,None,None,None,0.198,-98000000,2038000000,1045000000,358000000,1524000000,None,None,None,None,None,None,None,2.364,6.67,4.709,None,None,None,None,None,None,None,0.147,None,2175000000,2025-11-04,quarterly,3.07,USD,pre-market,287000000,2376000000,0.0803,0.206,0.101,68.05,2044000000,2464000000,634000000,226000000,339.13,353.0,0.6557,10218000000,3578000000,2968000000,6440000000,6640000000,3472000000,11019000000,3778000000,32.25,None,397.32,229.75
2025-12-28,ETN,9.99,26633001000.0,32.25,None,1.168,48.51,184000000,None,110000000,110000000,-52000000,-391000000,None,None,None,None,None,None,74000000,308000000,None,7936000000,7936000000,810000000,None,None,1785000000,None,None,409000000,137000000,4.06,0.0125,114000000,114000000,None,0.024,0.02,1042000000,1451000000,3.05,2011-12-31,24.1,3139000000,10191000000.0,3083000000,996000000,191000000,626000000,626000000,None,90000000,None,1099000000,None,None,1830000000,None,None,361000000,None,None,None,0.198,559000000,2038000000,1045000000,358000000,1524000000,None,None,None,None,None,None,None,2.364,6.67,4.709,None,None,None,None,None,None,None,0.147,None,2175000000,2025-11-04,quarterly,3.07,USD,pre-market,287000000,2376000000,0.0803,0.206,0.101,68.05,2044000000,2464000000,634000000,226000000,339.13,353.0,0.6557,10218000000,3578000000,2968000000,6440000000,6640000000,3472000000,11019000000,3778000000,32.25,None,397.32,229.75
2025-12-28,ETN,9.99,26633001000.0,32.25,None,1.168,48.51,163000000,None,110000000,110000000,-394000000,-234000000,None,None,None,None,None,None,74000000,308000000,None,7936000000,7936000000,810000000,None,None,1785000000,None,None,409000000,139000000,4.06,0.0125,116000000,116000000,None,0.024,0.02,1042000000,1451000000,3.05,2011-09-30,24.1,3139000000,10191000000.0,3083000000,996000000,191000000,626000000,626000000,None,90000000,None,1099000000,None,None,1830000000,None,None,367000000,None,None,None,0.198,642000000,2038000000,1045000000,358000000,1524000000,None,None,None,None,None,None,None,2.364,6.67,4.709,None,None,None,None,None,-275000000,None,0.147,None,2175000000,2025-11-04,quarterly,3.07,USD,pre-market,287000000,2376000000,0.0803,0.206,0.101,68.05,2044000000,2464000000,634000000,226000000,339.13,353.0,0.6557,10218000000,3578000000,2968000000,6440000000,6640000000,3472000000,11019000000,3778000000,32.25,None,397.32,229.75
2025-12-28,ETN,9.99,26633001000.0,32.25,None,1.168,48.51,133000000,None,110000000,110000000,171000000,-441000000,None,None,None,None,None,None,74000000,308000000,None,7936000000,7936000000,810000000,None,None,1785000000,None,None,409000000,141000000,4.06,0.0125,116000000,116000000,None,0.024,0.02,1042000000,1451000000,3.05,2011-06-30,24.1,3139000000,10191000000.0,3083000000,996000000,191000000,626000000,626000000,None,90000000,None,1099000000,None,None,1830000000,None,None,338000000,None,None,None,0.198,351000000,2038000000,1045000000,358000000,1524000000,None,None,None,None,None,None,None,2.364,6.67,4.709,None,None,None,None,None,-18000000,None,0.147,None,2175000000,2025-11-04,quarterly,3.07,USD,pre-market,287000000,2376000000,0.0803,0.206,0.101,68.05,2044000000,2464000000,634000000,226000000,339.13,353.0,0.6557,10218000000,3578000000,2968000000,6440000000,6640000000,3472000000,11019000000,3778000000,32.25,None,397.32,229.75
2025-12-28,ETN,9.99,26633001000.0,32.25,None,1.168,48.51,88000000,None,110000000,110000000,-106000000,266000000,None,None,None,None,None,None,74000000,308000000,None,7936000000,7936000000,810000000,None,None,1785000000,None,None,409000000,139000000,4.06,0.0125,116000000,116000000,None,0.024,0.02,1042000000,1451000000,3.05,2011-03-31,24.1,3139000000,10191000000.0,3083000000,996000000,191000000,626000000,626000000,None,90000000,None,1099000000,None,None,1830000000,None,None,286000000,None,None,None,0.198,-304000000,2038000000,1045000000,358000000,1524000000,None,None,None,None,None,None,None,2.364,6.67,4.709,None,None,None,None,None,-50000000,None,0.147,None,2175000000,2025-11-04,quarterly,3.07,USD,pre-market,287000000,2376000000,0.0803,0.206,0.101,68.05,2044000000,2464000000,634000000,226000000,339.13,353.0,0.6557,10218000000,3578000000,2968000000,6440000000,6640000000,3472000000,11019000000,3778000000,32.25,None,397.32,229.75
2025-12-28,ETN,9.99,26633001000.0,32.25,None,1.168,48.51,187000000,None,110000000,110000000,-35000000,-580000000,None,None,None,None,None,None,74000000,308000000,None,7936000000,7936000000,810000000,None,None,1785000000,None,None,409000000,138000000,4.06,0.0125,98000000,98000000,None,0.024,0.02,1042000000,1451000000,3.05,2010-12-31,24.1,3139000000,10191000000.0,3083000000,996000000,191000000,626000000,626000000,None,90000000,None,1099000000,None,None,1830000000,None,None,283000000,None,None,None,0.198,555000000,2038000000,1045000000,358000000,1524000000,None,None,None,None,None,None,None,2.364,6.67,4.709,None,None,None,None,None,None,None,0.147,None,2175000000,2025-11-04,quarterly,3.07,USD,pre-market,287000000,2376000000,0.0803,0.206,0.101,68.05,2044000000,2464000000,634000000,226000000,339.13,353.0,0.6557,10218000000,3578000000,2968000000,6440000000,6640000000,3472000000,11019000000,3778000000,32.25,None,397.32,229.75
2025-12-28,ETN,9.99,26633001000.0,32.25,None,1.168,48.51,106000000,None,110000000,110000000,-76000000,-216000000,None,None,None,None,None,None,74000000,308000000,None,7936000000,7936000000,810000000,None,None,1785000000,None,None,409000000,136000000,4.06,0.0125,97000000,97000000,None,0.024,0.02,1042000000,1451000000,3.05,2010-09-30,24.1,3139000000,10191000000.0,3083000000,996000000,191000000,626000000,626000000,None,90000000,None,1099000000,None,None,1830000000,None,None,269000000,None,None,None,0.198,420000000,2038000000,1045000000,358000000,1524000000,None,None,None,None,None,None,None,2.364,6.67,4.709,None,None,None,None,None,None,None,0.147,None,2175000000,2025-11-04,quarterly,3.07,USD,pre-market,287000000,2376000000,0.0803,0.206,0.101,68.05,2044000000,2464000000,634000000,226000000,339.13,353.0,0.6557,10218000000,3578000000,2968000000,6440000000,6640000000,3472000000,11019000000,3778000000,32.25,None,397.32,229.75
2025-12-28,ETN,9.99,26633001000.0,32.25,None,1.168,48.51,63000000,None,110000000,110000000,-68000000,-282000000,None,None,None,None,None,None,74000000,308000000,None,7936000000,7936000000,810000000,None,None,1785000000,None,None,409000000,136000000,4.06,0.0125,84000000,84000000,None,0.024,0.02,1042000000,1451000000,3.05,2010-06-30,24.1,3139000000,10191000000.0,3083000000,996000000,191000000,626000000,626000000,None,90000000,None,1099000000,None,None,1830000000,None,None,229000000,None,None,None,0.198,469000000,2038000000,1045000000,358000000,1524000000,None,None,None,None,None,None,None,2.364,6.67,4.709,None,None,None,None,None,None,None,0.147,None,2175000000,2025-11-04,quarterly,3.07,USD,pre-market,287000000,2376000000,0.0803,0.206,0.101,68.05,2044000000,2464000000,634000000,226000000,339.13,353.0,0.6557,10218000000,3578000000,2968000000,6440000000,6640000000,3472000000,11019000000,3778000000,32.25,None,397.32,229.75
2025-12-28,ETN,9.99,26633001000.0,32.25,None,1.168,48.51,38000000,None,110000000,110000000,-82000000,66000000,None,None,None,None,None,None,74000000,308000000,None,7936000000,7936000000,810000000,None,None,1785000000,None,None,409000000,141000000,4.06,0.0125,84000000,84000000,None,0.024,0.02,1042000000,1451000000,3.05,2010-03-31,24.1,3139000000,10191000000.0,3083000000,996000000,191000000,626000000,626000000,None,90000000,None,1099000000,None,None,1830000000,None,None,156000000,None,None,None,0.198,-162000000,2038000000,1045000000,358000000,1524000000,None,None,None,None,None,None,None,2.364,6.67,4.709,None,None,None,None,None,None,None,0.147,None,2175000000,2025-11-04,quarterly,3.07,USD,pre-market,287000000,2376000000,0.0803,0.206,0.101,68.05,2044000000,2464000000,634000000,226000000,339.13,353.0,0.6557,10218000000,3578000000,2968000000,6440000000,6640000000,3472000000,11019000000,3778000000,32.25,None,397.32,229.75
2025-12-28,ETN,9.99,26633001000.0,32.25,None,1.168,48.51,59000000,None,110000000,110000000,-360000000,9000000,None,None,292000000,None,None,None,74000000,308000000,None,7936000000,7936000000,810000000,None,None,1785000000,None,None,409000000,130000000,4.06,0.0125,84000000,84000000,None,0.024,0.02,1042000000,1451000000,3.05,2009-12-31,24.1,3139000000,10191000000.0,3083000000,996000000,191000000,626000000,626000000,None,90000000,None,1099000000,None,None,1830000000,None,None,212000000,None,None,None,0.198,469000000,2038000000,1045000000,358000000,1524000000,None,None,None,None,None,None,None,2.364,6.67,4.709,None,None,None,None,None,None,None,0.147,None,2175000000,2025-11-04,quarterly,3.07,USD,pre-market,287000000,2376000000,0.0803,0.206,0.101,68.05,2044000000,2464000000,634000000,226000000,339.13,353.0,0.6557,10218000000,3578000000,2968000000,6440000000,6640000000,3472000000,11019000000,3778000000,32.25,None,397.32,229.75
2025-12-28,ETN,9.99,26633001000.0,32.25,None,1.168,48.51,40000000,None,110000000,110000000,-358000000,-69000000,None,None,None,None,None,None,74000000,308000000,None,7936000000,7936000000,810000000,None,None,1785000000,None,None,409000000,153000000,4.06,0.0125,83000000,83000000,None,0.024,0.02,1042000000,1451000000,3.05,2009-09-30,24.1,3139000000,10191000000.0,3083000000,996000000,191000000,626000000,626000000,None,90000000,None,1099000000,None,None,1830000000,None,None,194000000,None,None,None,0.198,471000000,2038000000,1045000000,358000000,1524000000,None,None,None,None,None,None,None,2.364,6.67,4.709,None,None,None,None,None,None,None,0.147,None,2175000000,2025-11-04,quarterly,3.07,USD,pre-market,287000000,2376000000,0.0803,0.206,0.101,68.05,2044000000,2464000000,634000000,226000000,339.13,353.0,0.6557,10218000000,3578000000,2968000000,6440000000,6640000000,3472000000,11019000000,3778000000,32.25,None,397.32,229.75
2025-12-28,ETN,9.99,26633001000.0,32.25,None,1.168,48.51,48000000,None,110000000,110000000,-205000000,-153000000,None,None,None,None,None,None,74000000,308000000,None,7936000000,7936000000,810000000,None,None,1785000000,None,None,409000000,147000000,4.06,0.0125,84000000,84000000,None,0.024,0.02,1042000000,1451000000,3.05,2009-06-30,24.1,3139000000,10191000000.0,3083000000,996000000,191000000,626000000,626000000,None,90000000,None,1099000000,None,None,1830000000,None,None,29000000,None,None,None,0.198,361000000,2038000000,1045000000,358000000,1524000000,None,None,None,None,None,None,None,2.364,6.67,4.709,None,None,None,None,None,None,None,0.147,None,2175000000,2025-11-04,quarterly,3.07,USD,pre-market,287000000,2376000000,0.0803,0.206,0.101,68.05,2044000000,2464000000,634000000,226000000,339.13,353.0,0.6557,10218000000,3578000000,2968000000,6440000000,6640000000,3472000000,11019000000,3778000000,32.25,None,397.32,229.75
2025-12-28,ETN,9.99,26633001000.0,32.25,None,1.168,48.51,48000000,None,110000000,110000000,-138000000,-12000000,None,None,None,None,None,None,74000000,308000000,None,7936000000,7936000000,810000000,None,None,1785000000,None,None,409000000,143000000,4.06,0.0125,83000000,83000000,None,0.024,0.02,1042000000,1451000000,3.05,2009-03-31,24.1,3139000000,10191000000.0,3083000000,996000000,191000000,626000000,626000000,None,90000000,None,1099000000,None,None,1830000000,None,None,-50000000,None,None,None,0.198,107000000,2038000000,1045000000,358000000,1524000000,None,None,None,None,None,None,None,2.364,6.67,4.709,None,None,None,None,None,None,None,0.147,None,2175000000,2025-11-04,quarterly,3.07,USD,pre-market,287000000,2376000000,0.0803,0.206,0.101,68.05,2044000000,2464000000,634000000,226000000,339.13,353.0,0.6557,10218000000,3578000000,2968000000,6440000000,6640000000,3472000000,11019000000,3778000000,32.25,None,397.32,229.75
2025-12-28,ETN,9.99,26633001000.0,32.25,None,1.168,48.51,110000000,None,110000000,110000000,-327000000,-290000000,None,None,118000000,None,None,None,74000000,308000000,None,7936000000,7936000000,810000000,None,None,1785000000,None,None,409000000,157000000,4.06,0.0125,82000000,82000000,None,0.024,0.02,1042000000,1451000000,3.05,2008-12-31,24.1,3139000000,10191000000.0,3083000000,996000000,191000000,626000000,626000000,None,90000000,None,1099000000,None,None,1830000000,None,None,163000000,None,None,None,0.198,624000000,2038000000,1045000000,358000000,1524000000,None,None,None,None,None,None,None,2.364,6.67,4.709,None,None,None,None,None,-1000000,None,0.147,None,2175000000,2025-11-04,quarterly,3.07,USD,pre-market,287000000,2376000000,0.0803,0.206,0.101,68.05,2044000000,2464000000,634000000,226000000,339.13,353.0,0.6557,10218000000,3578000000,2968000000,6440000000,6640000000,3472000000,11019000000,3778000000,32.25,None,397.32,229.75
2025-12-28,ETN,9.99,26633001000.0,32.25,None,1.168,48.51,121000000,None,110000000,110000000,-453000000,-18000000,None,None,None,None,None,None,74000000,308000000,None,7936000000,7936000000,810000000,None,None,1785000000,None,None,409000000,155000000,4.06,0.0125,82000000,82000000,None,0.024,0.02,1042000000,1451000000,3.05,2008-09-30,24.1,3139000000,10191000000.0,3083000000,996000000,191000000,626000000,626000000,None,90000000,None,1099000000,None,None,1830000000,None,None,315000000,None,None,None,0.198,433000000,2038000000,1045000000,358000000,1524000000,None,None,None,None,None,None,None,2.364,6.67,4.709,None,None,None,None,None,None,None,0.147,None,2175000000,2025-11-04,quarterly,3.07,USD,pre-market,287000000,2376000000,0.0803,0.206,0.101,68.05,2044000000,2464000000,634000000,226000000,339.13,353.0,0.6557,10218000000,3578000000,2968000000,6440000000,6640000000,3472000000,11019000000,3778000000,32.25,None,397.32,229.75
2025-12-28,ETN,9.99,26633001000.0,32.25,None,1.168,48.51,134000000,None,110000000,110000000,1969000000,-2283000000,None,None,None,None,None,None,74000000,308000000,None,7936000000,7936000000,810000000,None,None,1785000000,None,None,409000000,154000000,4.06,0.0125,83000000,83000000,None,0.024,0.02,1042000000,1451000000,3.05,2008-06-30,24.1,3139000000,10191000000.0,3083000000,996000000,191000000,626000000,626000000,None,90000000,None,1099000000,None,None,1830000000,None,None,333000000,None,None,None,0.198,376000000,2038000000,1045000000,358000000,1524000000,None,None,None,None,None,None,None,2.364,6.67,4.709,None,None,None,None,None,None,None,0.147,None,2175000000,2025-11-04,quarterly,3.07,USD,pre-market,287000000,2376000000,0.0803,0.206,0.101,68.05,2044000000,2464000000,634000000,226000000,339.13,353.0,0.6557,10218000000,3578000000,2968000000,6440000000,6640000000,3472000000,11019000000,3778000000,32.25,None,397.32,229.75
2025-12-28,ETN,9.99,26633001000.0,32.25,None,1.168,48.51,83000000,None,110000000,110000000,640000000,-608000000,None,None,None,None,None,None,74000000,308000000,None,7936000000,7936000000,810000000,None,None,1785000000,None,None,409000000,126000000,4.06,0.0125,73000000,73000000,None,0.024,0.02,1042000000,1451000000,3.05,2008-03-31,24.1,3139000000,10191000000.0,3083000000,996000000,191000000,626000000,626000000,None,90000000,None,1099000000,None,None,1830000000,None,None,247000000,None,None,None,0.198,-17000000,2038000000,1045000000,358000000,1524000000,None,None,None,None,None,None,None,2.364,6.67,4.709,None,None,None,None,None,None,None,0.147,None,2175000000,2025-11-04,quarterly,3.07,USD,pre-market,287000000,2376000000,0.0803,0.206,0.101,68.05,2044000000,2464000000,634000000,226000000,339.13,353.0,0.6557,10218000000,3578000000,2968000000,6440000000,6640000000,3472000000,11019000000,3778000000,32.25,None,397.32,229.75
2025-12-28,ETN,9.99,26633001000.0,32.25,None,1.168,48.51,126000000,None,110000000,110000000,232000000,-689000000,None,None,None,None,None,None,74000000,308000000,None,7936000000,7936000000,810000000,None,None,1785000000,None,None,409000000,125000000,4.06,0.0125,63000000,63000000,None,0.024,0.02,1042000000,1451000000,3.05,2007-12-31,24.1,3139000000,10191000000.0,3083000000,996000000,191000000,626000000,626000000,None,90000000,None,1099000000,None,None,1830000000,None,None,256000000,None,None,None,0.198,428000000,2038000000,1045000000,358000000,1524000000,None,None,None,None,None,None,None,2.364,6.67,4.709,None,None,None,None,None,None,None,0.147,None,2175000000,2025-11-04,quarterly,3.07,USD,pre-market,287000000,2376000000,0.0803,0.206,0.101,68.05,2044000000,2464000000,634000000,226000000,339.13,353.0,0.6557,10218000000,3578000000,2968000000,6440000000,6640000000,3472000000,11019000000,3778000000,32.25,None,397.32,229.75
2025-12-28,ETN,9.99,26633001000.0,32.25,None,1.168,48.51,85000000,None,110000000,110000000,-286000000,-150000000,None,None,None,None,None,None,74000000,308000000,None,7936000000,7936000000,810000000,None,None,1785000000,None,None,409000000,117000000,4.06,0.0125,62000000,62000000,None,0.024,0.02,1042000000,1451000000,3.05,2007-09-30,24.1,3139000000,10191000000.0,3083000000,996000000,191000000,626000000,626000000,None,90000000,None,1099000000,None,None,1830000000,None,None,258000000,None,None,None,0.198,495000000,2038000000,1045000000,358000000,1524000000,None,None,None,None,None,None,None,2.364,6.67,4.709,None,None,None,None,None,-31000000,None,0.147,None,2175000000,2025-11-04,quarterly,3.07,USD,pre-market,287000000,2376000000,0.0803,0.206,0.101,68.05,2044000000,2464000000,634000000,226000000,339.13,353.0,0.6557,10218000000,3578000000,2968000000,6440000000,6640000000,3472000000,11019000000,3778000000,32.25,None,397.32,229.75
2025-12-28,ETN,9.99,26633001000.0,32.25,None,1.168,48.51,76000000,None,110000000,110000000,-171000000,-175000000,None,None,None,None,None,None,74000000,308000000,None,7936000000,7936000000,810000000,None,None,1785000000,None,None,409000000,118000000,4.06,0.0125,63000000,63000000,None,0.024,0.02,1042000000,1451000000,3.05,2007-06-30,24.1,3139000000,10191000000.0,3083000000,996000000,191000000,626000000,626000000,None,90000000,None,1099000000,None,None,1830000000,None,None,246000000,None,None,None,0.198,352000000,2038000000,1045000000,358000000,1524000000,None,None,None,None,None,None,None,2.364,6.67,4.709,None,None,None,None,None,-131000000,None,0.147,None,2175000000,2025-11-04,quarterly,3.07,USD,pre-market,287000000,2376000000,0.0803,0.206,0.101,68.05,2044000000,2464000000,634000000,226000000,339.13,353.0,0.6557,10218000000,3578000000,2968000000,6440000000,6640000000,3472000000,11019000000,3778000000,32.25,None,397.32,229.75
2025-12-28,ETN,9.99,26633001000.0,32.25,None,1.168,48.51,67000000,None,110000000,110000000,552000000,-446000000,None,None,None,None,None,None,74000000,308000000,None,7936000000,7936000000,810000000,None,None,1785000000,None,None,409000000,109000000,4.06,0.0125,63000000,63000000,None,0.024,0.02,1042000000,1451000000,3.05,2007-03-31,24.1,3139000000,10191000000.0,3083000000,996000000,191000000,626000000,626000000,None,90000000,None,1099000000,None,None,1830000000,None,None,234000000,None,None,None,0.198,-114000000,2038000000,1045000000,358000000,1524000000,None,None,None,None,None,None,None,2.364,6.67,4.709,None,None,None,None,None,-178000000,None,0.147,None,2175000000,2025-11-04,quarterly,3.07,USD,pre-market,287000000,2376000000,0.0803,0.206,0.101,68.05,2044000000,2464000000,634000000,226000000,339.13,353.0,0.6557,10218000000,3578000000,2968000000,6440000000,6640000000,3472000000,11019000000,3778000000,32.25,None,397.32,229.75
2025-12-28,ETN,9.99,26633001000.0,32.25,None,1.168,48.51,137000000,None,110000000,110000000,-209000000,-221000000,None,None,None,None,None,None,74000000,308000000,None,7936000000,7936000000,810000000,None,None,1785000000,None,None,409000000,112000000,4.06,0.0125,58000000,58000000,None,0.024,0.02,1042000000,1451000000,3.05,2006-12-31,24.1,3139000000,10191000000.0,3083000000,996000000,191000000,626000000,626000000,None,90000000,None,1099000000,None,None,1830000000,None,None,241000000,None,None,None,0.198,415000000,2038000000,1045000000,358000000,1524000000,None,None,None,None,None,None,None,2.364,6.67,4.709,None,None,None,None,None,-254000000,None,0.147,None,2175000000,2025-11-04,quarterly,3.07,USD,pre-market,287000000,2376000000,0.0803,0.206,0.101,68.05,2044000000,2464000000,634000000,226000000,339.13,353.0,0.6557,10218000000,3578000000,2968000000,6440000000,6640000000,3472000000,11019000000,3778000000,32.25,None,397.32,229.75
2025-12-28,ETN,9.99,26633001000.0,32.25,None,1.168,48.51,84000000,None,110000000,110000000,-100000000,-344000000,None,None,None,None,None,None,74000000,308000000,None,7936000000,7936000000,810000000,None,None,1785000000,None,None,409000000,108000000,4.06,0.0125,58000000,58000000,None,0.024,0.02,1042000000,1451000000,3.05,2006-09-30,24.1,3139000000,10191000000.0,3083000000,996000000,191000000,626000000,626000000,None,90000000,None,1099000000,None,None,1830000000,None,None,248000000,None,None,None,0.198,448000000,2038000000,1045000000,358000000,1524000000,None,None,None,None,None,None,None,2.364,6.67,4.709,None,None,None,None,None,-69000000,None,0.147,None,2175000000,2025-11-04,quarterly,3.07,USD,pre-market,287000000,2376000000,0.0803,0.206,0.101,68.05,2044000000,2464000000,634000000,226000000,339.13,353.0,0.6557,10218000000,3578000000,2968000000,6440000000,6640000000,3472000000,11019000000,3778000000,32.25,None,397.32,229.75
2025-12-28,ETN,9.99,26633001000.0,32.25,None,1.168,48.51,77000000,None,110000000,110000000,-317000000,-107000000,None,None,None,None,None,None,74000000,308000000,None,7936000000,7936000000,810000000,None,None,1785000000,None,None,409000000,108000000,4.06,0.0125,52000000,52000000,None,0.024,0.02,1042000000,1451000000,3.05,2006-06-30,24.1,3139000000,10191000000.0,3083000000,996000000,191000000,626000000,626000000,None,90000000,None,1099000000,None,None,1830000000,None,None,253000000,None,None,None,0.198,441000000,2038000000,1045000000,358000000,1524000000,None,None,None,None,None,None,None,2.364,6.67,4.709,None,None,None,None,None,None,None,0.147,None,2175000000,2025-11-04,quarterly,3.07,USD,pre-market,287000000,2376000000,0.0803,0.206,0.101,68.05,2044000000,2464000000,634000000,226000000,339.13,353.0,0.6557,10218000000,3578000000,2968000000,6440000000,6640000000,3472000000,11019000000,3778000000,32.25,None,397.32,229.75
2025-12-28,ETN,9.99,26633001000.0,32.25,None,1.168,48.51,62000000,None,110000000,110000000,210000000,-339000000,None,None,None,None,None,None,74000000,308000000,None,7936000000,7936000000,810000000,None,None,1785000000,None,None,409000000,106000000,4.06,0.0125,52000000,52000000,None,0.024,0.02,1042000000,1451000000,3.05,2006-03-31,24.1,3139000000,10191000000.0,3083000000,996000000,191000000,626000000,626000000,None,90000000,None,1099000000,None,None,1830000000,None,None,208000000,None,None,None,0.198,127000000,2038000000,1045000000,358000000,1524000000,None,None,None,None,None,None,None,2.364,6.67,4.709,None,None,None,None,None,None,None,0.147,None,2175000000,2025-11-04,quarterly,3.07,USD,pre-market,287000000,2376000000,0.0803,0.206,0.101,68.05,2044000000,2464000000,634000000,226000000,339.13,353.0,0.6557,10218000000,3578000000,2968000000,6440000000,6640000000,3472000000,11019000000,3778000000,32.25,None,397.32,229.75
2025-12-28,ETN,9.99,26633001000.0,32.25,None,1.168,48.51,131000000,None,110000000,110000000,299000000,-705000000,None,None,None,None,None,None,74000000,308000000,None,7936000000,7936000000,810000000,None,None,1785000000,None,None,409000000,109000000,4.06,0.0125,46000000,46000000,None,0.024,0.02,1042000000,1451000000,3.05,2005-12-31,24.1,3139000000,10191000000.0,3083000000,996000000,191000000,626000000,626000000,None,90000000,None,1099000000,None,None,1830000000,None,None,210000000,None,None,None,0.198,424000000,2038000000,1045000000,358000000,1524000000,None,None,None,None,None,None,None,2.364,6.67,4.709,None,None,None,None,None,None,None,0.147,None,2175000000,2025-11-04,quarterly,3.07,USD,pre-market,287000000,2376000000,0.0803,0.206,0.101,68.05,2044000000,2464000000,634000000,226000000,339.13,353.0,0.6557,10218000000,3578000000,2968000000,6440000000,6640000000,3472000000,11019000000,3778000000,32.25,None,397.32,229.75
2025-12-28,ETN,9.99,26633001000.0,32.25,None,1.168,48.51,88000000,None,110000000,110000000,-96000000,-238000000,None,None,None,None,None,None,74000000,308000000,None,7936000000,7936000000,810000000,None,None,1785000000,None,None,409000000,101000000,4.06,0.0125,45000000,45000000,None,0.024,0.02,1042000000,1451000000,3.05,2005-09-30,24.1,3139000000,10191000000.0,3083000000,996000000,191000000,626000000,626000000,None,90000000,None,1099000000,None,None,1830000000,None,None,199000000,None,None,None,0.198,296000000,2038000000,1045000000,358000000,1524000000,None,None,None,None,None,None,None,2.364,6.67,4.709,None,None,None,None,None,None,None,0.147,None,2175000000,2025-11-04,quarterly,3.07,USD,pre-market,287000000,2376000000,0.0803,0.206,0.101,68.05,2044000000,2464000000,634000000,226000000,339.13,353.0,0.6557,10218000000,3578000000,2968000000,6440000000,6640000000,3472000000,11019000000,3778000000,32.25,None,397.32,229.75
2025-12-28,ETN,9.99,26633001000.0,32.25,None,1.168,48.51,808000000,None,110000000,110000000,-3936000000,-271000000,None,None,-566000000,None,None,None,74000000,308000000,None,7936000000,7936000000,810000000,None,None,1785000000,None,None,409000000,921000000,4.06,0.0125,1500000000,1500000000,None,0.024,0.02,1042000000,1451000000,3.05,2024-12-31,24.1,3139000000,10191000000.0,3083000000,996000000,191000000,626000000,626000000,None,90000000,None,1099000000,None,None,1830000000,None,None,3798000000,None,None,None,0.198,4327000000,2038000000,1045000000,358000000,1524000000,None,None,None,None,None,None,None,2.364,6.67,4.709,None,None,None,None,None,-2492000000,None,0.147,None,2175000000,2025-11-04,annual,3.07,USD,pre-market,287000000,2376000000,0.0803,0.206,0.101,68.05,2044000000,2464000000,634000000,226000000,339.13,353.0,0.6557,10218000000,3578000000,2968000000,6440000000,6640000000,3472000000,11019000000,3778000000,32.25,None,397.32,229.75
2025-12-28,ETN,9.99,26633001000.0,32.25,None,1.168,48.51,757000000,None,110000000,110000000,-871000000,-2575000000,None,None,-282000000,None,None,None,74000000,308000000,None,7936000000,7936000000,810000000,None,None,1785000000,None,None,409000000,926000000,4.06,0.0125,1379000000,1379000000,None,0.024,0.02,1042000000,1451000000,3.05,2023-12-31,24.1,3139000000,10191000000.0,3083000000,996000000,191000000,626000000,626000000,None,90000000,None,1099000000,None,None,1830000000,None,None,3218000000,None,None,None,0.198,3624000000,2038000000,1045000000,358000000,1524000000,None,None,None,None,None,None,None,2.364,6.67,4.709,None,None,None,None,None,-49000000,None,0.147,None,2175000000,2025-11-04,annual,3.07,USD,pre-market,287000000,2376000000,0.0803,0.206,0.101,68.05,2044000000,2464000000,634000000,226000000,339.13,353.0,0.6557,10218000000,3578000000,2968000000,6440000000,6640000000,3472000000,11019000000,3778000000,32.25,None,397.32,229.75
2025-12-28,ETN,9.99,26633001000.0,32.25,None,1.168,48.51,598000000,None,110000000,110000000,-1340000000,-1200000000,-7000000,None,-490000000,None,None,-743000000,74000000,308000000,None,7936000000,7936000000,810000000,None,None,1785000000,None,None,409000000,954000000,4.06,0.0125,1299000000,1299000000,None,0.024,0.02,1042000000,1451000000,3.05,2022-12-31,24.1,3139000000,10191000000.0,3083000000,996000000,191000000,626000000,626000000,None,90000000,None,1099000000,None,None,1830000000,None,None,2465000000,None,None,None,0.198,2533000000,2038000000,1045000000,358000000,1524000000,None,None,None,None,None,None,None,2.364,6.67,4.709,None,None,None,None,None,-286000000,None,0.147,None,2175000000,2025-11-04,annual,3.07,USD,pre-market,287000000,2376000000,0.0803,0.206,0.101,68.05,2044000000,2464000000,634000000,226000000,339.13,353.0,0.6557,10218000000,3578000000,2968000000,6440000000,6640000000,3472000000,11019000000,3778000000,32.25,None,397.32,229.75
2025-12-28,ETN,9.99,26633001000.0,32.25,None,1.168,48.51,575000000,None,110000000,110000000,-535000000,-1764000000,-136000000,None,-629000000,None,None,-271000000,74000000,308000000,None,7936000000,7936000000,810000000,None,None,1785000000,None,None,409000000,922000000,4.06,0.0125,1219000000,1219000000,None,0.024,0.02,1042000000,1451000000,3.05,2021-12-31,24.1,3139000000,10191000000.0,3083000000,996000000,191000000,626000000,626000000,None,90000000,None,1099000000,None,None,1830000000,None,None,2146000000,None,None,None,0.198,2163000000,2038000000,1045000000,358000000,1524000000,None,None,None,None,None,None,None,2.364,6.67,4.709,None,None,None,None,None,-122000000,None,0.147,None,2175000000,2025-11-04,annual,3.07,USD,pre-market,287000000,2376000000,0.0803,0.206,0.101,68.05,2044000000,2464000000,634000000,226000000,339.13,353.0,0.6557,10218000000,3578000000,2968000000,6440000000,6640000000,3472000000,11019000000,3778000000,32.25,None,397.32,229.75
2025-12-28,ETN,9.99,26633001000.0,32.25,None,1.168,48.51,389000000,None,110000000,110000000,-3258000000,397000000,83000000,None,371000000,None,None,219000000,74000000,308000000,None,7936000000,7936000000,810000000,None,None,1785000000,None,None,409000000,811000000,4.06,0.0125,1175000000,1175000000,None,0.024,0.02,1042000000,1451000000,3.05,2020-12-31,24.1,3139000000,10191000000.0,3083000000,996000000,191000000,626000000,626000000,None,90000000,None,1099000000,None,None,1830000000,None,None,1415000000,None,None,None,0.198,2944000000,2038000000,1045000000,358000000,1524000000,None,None,None,None,None,None,None,2.364,6.67,4.709,None,None,None,None,None,-1608000000,None,0.147,None,2175000000,2025-11-04,annual,3.07,USD,pre-market,287000000,2376000000,0.0803,0.206,0.101,68.05,2044000000,2464000000,634000000,226000000,339.13,353.0,0.6557,10218000000,3578000000,2968000000,6440000000,6640000000,3472000000,11019000000,3778000000,32.25,None,397.32,229.75
2025-12-28,ETN,9.99,26633001000.0,32.25,None,1.168,48.51,587000000,None,110000000,110000000,-1494000000,-1866000000,87000000,-4000000,-60000000,None,None,200000000,74000000,308000000,None,7936000000,7936000000,810000000,None,None,1785000000,None,None,409000000,884000000,4.06,0.0125,1201000000,1201000000,None,0.024,0.02,1042000000,1451000000,3.05,2019-12-31,24.1,3139000000,10191000000.0,3083000000,996000000,191000000,626000000,626000000,None,90000000,None,1099000000,None,None,1830000000,None,None,2213000000,None,None,None,0.198,3451000000,2038000000,1045000000,358000000,1524000000,None,None,None,None,None,None,None,2.364,6.67,4.709,None,None,None,None,None,-1029000000,None,0.147,None,2175000000,2025-11-04,annual,3.07,USD,pre-market,287000000,2376000000,0.0803,0.206,0.101,68.05,2044000000,2464000000,634000000,226000000,339.13,353.0,0.6557,10218000000,3578000000,2968000000,6440000000,6640000000,3472000000,11019000000,3778000000,32.25,None,397.32,229.75
2025-12-28,ETN,9.99,26633001000.0,32.25,None,1.168,48.51,565000000,None,110000000,110000000,-2581000000,-398000000,-278000000,43000000,-242000000,None,None,-123000000,74000000,308000000,None,7936000000,7936000000,810000000,None,None,1785000000,None,None,409000000,903000000,4.06,0.0125,1149000000,1149000000,None,0.024,0.02,1042000000,1451000000,3.05,2018-12-31,24.1,3139000000,10191000000.0,3083000000,996000000,191000000,626000000,626000000,None,90000000,None,1099000000,None,None,1830000000,None,None,2146000000,None,None,None,0.198,2658000000,2038000000,1045000000,358000000,1524000000,None,None,None,None,None,None,None,2.364,6.67,4.709,None,None,None,None,None,-1271000000,None,0.147,None,2175000000,2025-11-04,annual,3.07,USD,pre-market,287000000,2376000000,0.0803,0.206,0.101,68.05,2044000000,2464000000,634000000,226000000,339.13,353.0,0.6557,10218000000,3578000000,2968000000,6440000000,6640000000,3472000000,11019000000,3778000000,32.25,None,397.32,229.75
2025-12-28,ETN,9.99,26633001000.0,32.25,None,1.168,48.51,520000000,None,110000000,110000000,-2442000000,-217000000,18000000,11000000,-202000000,None,None,-231000000,74000000,308000000,None,7936000000,7936000000,810000000,None,None,1785000000,None,None,409000000,914000000,4.06,0.0125,1068000000,1068000000,None,0.024,0.02,1042000000,1451000000,3.05,2017-12-31,24.1,3139000000,10191000000.0,3083000000,996000000,191000000,626000000,626000000,None,90000000,None,1099000000,None,None,1830000000,None,None,2986000000,None,None,None,0.198,2666000000,2038000000,1045000000,358000000,1524000000,None,None,None,None,None,None,None,2.364,6.67,4.709,None,None,None,None,None,-850000000,None,0.147,None,2175000000,2025-11-04,annual,3.07,USD,pre-market,287000000,2376000000,0.0803,0.206,0.101,68.05,2044000000,2464000000,634000000,226000000,339.13,353.0,0.6557,10218000000,3578000000,2968000000,6440000000,6640000000,3472000000,11019000000,3778000000,32.25,None,397.32,229.75
2025-12-28,ETN,9.99,26633001000.0,32.25,None,1.168,48.51,497000000,None,110000000,110000000,-1738000000,-529000000,275000000,-28000000,34000000,None,None,-170000000,74000000,308000000,None,7936000000,7936000000,810000000,None,None,1785000000,None,None,409000000,929000000,4.06,0.0125,1037000000,1037000000,None,0.024,0.02,1042000000,1451000000,3.05,2016-12-31,24.1,3139000000,10191000000.0,3083000000,996000000,191000000,626000000,626000000,None,90000000,None,1099000000,None,None,1830000000,None,None,1925000000,None,None,None,0.198,2570000000,2038000000,1045000000,358000000,1524000000,None,None,None,None,None,None,None,2.364,6.67,4.709,None,None,None,None,None,-730000000,None,0.147,None,2175000000,2025-11-04,annual,3.07,USD,pre-market,287000000,2376000000,0.0803,0.206,0.101,68.05,2044000000,2464000000,634000000,226000000,339.13,353.0,0.6557,10218000000,3578000000,2968000000,6440000000,6640000000,3472000000,11019000000,3778000000,32.25,None,397.32,229.75
2025-12-28,ETN,9.99,26633001000.0,32.25,None,1.168,48.51,506000000,None,110000000,110000000,-2305000000,-575000000,-513000000,-42000000,-20000000,None,None,5000000,74000000,308000000,None,7936000000,7936000000,810000000,None,None,1785000000,None,None,409000000,925000000,4.06,0.0125,1026000000,1026000000,None,0.024,0.02,1042000000,1451000000,3.05,2015-12-31,24.1,3139000000,10191000000.0,3083000000,996000000,191000000,626000000,626000000,None,90000000,None,1099000000,None,None,1830000000,None,None,1981000000,None,None,None,0.198,2409000000,2038000000,1045000000,358000000,1524000000,None,None,None,None,None,None,None,2.364,6.67,4.709,None,None,None,None,None,-682000000,None,0.147,None,2175000000,2025-11-04,annual,3.07,USD,pre-market,287000000,2376000000,0.0803,0.206,0.101,68.05,2044000000,2464000000,634000000,226000000,339.13,353.0,0.6557,10218000000,3578000000,2968000000,6440000000,6640000000,3472000000,11019000000,3778000000,32.25,None,397.32,229.75
2025-12-28,ETN,9.99,26633001000.0,32.25,None,1.168,48.51,632000000,None,110000000,110000000,-2130000000,143000000,-134000000,-25000000,-152000000,None,None,205000000,74000000,308000000,None,7936000000,7936000000,810000000,None,None,1785000000,None,None,409000000,983000000,4.06,0.0125,929000000,929000000,None,0.024,0.02,1042000000,1451000000,3.05,2014-12-31,24.1,3139000000,10191000000.0,3083000000,996000000,191000000,626000000,626000000,None,90000000,None,1099000000,None,None,1830000000,None,None,1793000000,None,None,None,0.198,1878000000,2038000000,1045000000,358000000,1524000000,None,None,None,None,None,None,None,2.364,6.67,4.709,None,None,None,None,None,-650000000,None,0.147,None,2175000000,2025-11-04,annual,3.07,USD,pre-market,287000000,2376000000,0.0803,0.206,0.101,68.05,2044000000,2464000000,634000000,226000000,339.13,353.0,0.6557,10218000000,3578000000,2968000000,6440000000,6640000000,3472000000,11019000000,3778000000,32.25,None,397.32,229.75
2025-12-28,ETN,9.99,26633001000.0,32.25,None,1.168,48.51,614000000,None,110000000,110000000,-1736000000,-202000000,338000000,-9000000,-92000000,None,None,231000000,74000000,308000000,None,7936000000,7936000000,810000000,None,None,1785000000,None,None,409000000,997000000,4.06,0.0125,796000000,796000000,None,0.024,0.02,1042000000,1451000000,3.05,2013-12-31,24.1,3139000000,10191000000.0,3083000000,996000000,191000000,626000000,626000000,None,90000000,None,1099000000,None,None,1830000000,None,None,1861000000,None,None,None,0.198,2285000000,2038000000,1045000000,358000000,1524000000,None,None,None,None,None,None,None,2.364,6.67,4.709,None,None,None,None,None,121000000,None,0.147,None,2175000000,2025-11-04,annual,3.07,USD,pre-market,287000000,2376000000,0.0803,0.206,0.101,68.05,2044000000,2464000000,634000000,226000000,339.13,353.0,0.6557,10218000000,3578000000,2968000000,6440000000,6640000000,3472000000,11019000000,3778000000,32.25,None,397.32,229.75
2025-12-28,ETN,9.99,26633001000.0,32.25,None,1.168,48.51,593000000,None,110000000,110000000,5480000000,-6972000000,192000000,20000000,166000000,None,None,108000000,74000000,308000000,None,7936000000,7936000000,810000000,None,None,1785000000,None,None,409000000,598000000,4.06,0.0125,512000000,512000000,None,0.024,0.02,1042000000,1451000000,3.05,2012-12-31,24.1,3139000000,10191000000.0,3083000000,996000000,191000000,626000000,626000000,None,90000000,None,1099000000,None,None,1830000000,None,None,1220000000,None,None,None,0.198,1664000000,2038000000,1045000000,358000000,1524000000,None,None,None,None,None,None,None,2.364,6.67,4.709,None,None,None,None,None,254000000,None,0.147,None,2175000000,2025-11-04,annual,3.07,USD,pre-market,287000000,2376000000,0.0803,0.206,0.101,68.05,2044000000,2464000000,634000000,226000000,339.13,353.0,0.6557,10218000000,3578000000,2968000000,6440000000,6640000000,3472000000,11019000000,3778000000,32.25,None,397.32,229.75
2025-12-28,ETN,9.99,26633001000.0,32.25,None,1.168,48.51,568000000,None,110000000,110000000,-381000000,-800000000,None,None,-113000000,None,None,None,74000000,308000000,None,7936000000,7936000000,810000000,None,None,1785000000,None,None,409000000,556000000,4.06,0.0125,462000000,462000000,None,0.024,0.02,1042000000,1451000000,3.05,2011-12-31,24.1,3139000000,10191000000.0,3083000000,996000000,191000000,626000000,626000000,None,90000000,None,1099000000,None,None,1830000000,None,None,1352000000,None,None,None,0.198,1248000000,2038000000,1045000000,358000000,1524000000,None,None,None,None,None,None,None,2.364,6.67,4.709,None,None,None,None,None,-343000000,None,0.147,None,2175000000,2025-11-04,annual,3.07,USD,pre-market,287000000,2376000000,0.0803,0.206,0.101,68.05,2044000000,2464000000,634000000,226000000,339.13,353.0,0.6557,10218000000,3578000000,2968000000,6440000000,6640000000,3472000000,11019000000,3778000000,32.25,None,397.32,229.75
2025-12-28,ETN,9.99,26633001000.0,32.25,None,1.168,48.51,394000000,None,110000000,110000000,-261000000,-1012000000,None,None,-219000000,None,None,None,74000000,308000000,None,7936000000,7936000000,810000000,None,None,1785000000,None,None,409000000,551000000,4.06,0.0125,363000000,363000000,None,0.024,0.02,1042000000,1451000000,3.05,2010-12-31,24.1,3139000000,10191000000.0,3083000000,996000000,191000000,626000000,626000000,None,90000000,None,1099000000,None,None,1830000000,None,None,937000000,None,None,None,0.198,1282000000,2038000000,1045000000,358000000,1524000000,None,None,None,None,None,None,None,2.364,6.67,4.709,None,None,None,None,None,None,None,0.147,None,2175000000,2025-11-04,annual,3.07,USD,pre-market,287000000,2376000000,0.0803,0.206,0.101,68.05,2044000000,2464000000,634000000,226000000,339.13,353.0,0.6557,10218000000,3578000000,2968000000,6440000000,6640000000,3472000000,11019000000,3778000000,32.25,None,397.32,229.75
2025-12-28,ETN,9.99,26633001000.0,32.25,None,1.168,48.51,195000000,None,110000000,110000000,-1061000000,-225000000,None,None,292000000,None,None,None,74000000,308000000,None,7936000000,7936000000,810000000,None,None,1785000000,None,None,409000000,573000000,4.06,0.0125,334000000,334000000,None,0.024,0.02,1042000000,1451000000,3.05,2009-12-31,24.1,3139000000,10191000000.0,3083000000,996000000,191000000,626000000,626000000,None,90000000,None,1099000000,None,None,1830000000,None,None,385000000,None,None,None,0.198,1408000000,2038000000,1045000000,358000000,1524000000,None,None,None,None,None,None,None,2.364,6.67,4.709,None,None,None,None,None,None,None,0.147,None,2175000000,2025-11-04,annual,3.07,USD,pre-market,287000000,2376000000,0.0803,0.206,0.101,68.05,2044000000,2464000000,634000000,226000000,339.13,353.0,0.6557,10218000000,3578000000,2968000000,6440000000,6640000000,3472000000,11019000000,3778000000,32.25,None,397.32,229.75
2025-12-28,ETN,9.99,26633001000.0,32.25,None,1.168,48.51,448000000,None,110000000,110000000,1829000000,-3199000000,None,None,118000000,None,None,None,74000000,308000000,None,7936000000,7936000000,810000000,None,None,1785000000,None,None,409000000,592000000,4.06,0.0125,320000000,320000000,None,0.024,0.02,1042000000,1451000000,3.05,2008-12-31,24.1,3139000000,10191000000.0,3083000000,996000000,191000000,626000000,626000000,None,90000000,None,1099000000,None,None,1830000000,None,None,1058000000,None,None,None,0.198,1416000000,2038000000,1045000000,358000000,1524000000,None,None,None,None,None,None,None,2.364,6.67,4.709,None,None,None,None,None,-100000000,None,0.147,None,2175000000,2025-11-04,annual,3.07,USD,pre-market,287000000,2376000000,0.0803,0.206,0.101,68.05,2044000000,2464000000,634000000,226000000,339.13,353.0,0.6557,10218000000,3578000000,2968000000,6440000000,6640000000,3472000000,11019000000,3778000000,32.25,None,397.32,229.75
2025-12-28,ETN,9.99,26633001000.0,32.25,None,1.168,48.51,354000000,None,110000000,110000000,327000000,-1460000000,None,None,-79000000,None,None,None,74000000,308000000,None,7936000000,7936000000,810000000,None,None,1785000000,None,None,409000000,469000000,4.06,0.0125,251000000,251000000,None,0.024,0.02,1042000000,1451000000,3.05,2007-12-31,24.1,3139000000,10191000000.0,3083000000,996000000,191000000,626000000,626000000,None,90000000,None,1099000000,None,None,1830000000,None,None,994000000,None,None,None,0.198,1161000000,2038000000,1045000000,358000000,1524000000,None,None,None,None,None,None,None,2.364,6.67,4.709,None,None,None,None,None,-340000000,None,0.147,None,2175000000,2025-11-04,annual,3.07,USD,pre-market,287000000,2376000000,0.0803,0.206,0.101,68.05,2044000000,2464000000,634000000,226000000,339.13,353.0,0.6557,10218000000,3578000000,2968000000,6440000000,6640000000,3472000000,11019000000,3778000000,32.25,None,397.32,229.75
2025-12-28,ETN,9.99,26633001000.0,32.25,None,1.168,48.51,360000000,None,110000000,110000000,-416000000,-1011000000,None,None,-129000000,None,None,None,74000000,308000000,None,7936000000,7936000000,810000000,None,None,1785000000,None,None,409000000,434000000,4.06,0.0125,220000000,220000000,None,0.024,0.02,1042000000,1451000000,3.05,2006-12-31,24.1,3139000000,10191000000.0,3083000000,996000000,191000000,626000000,626000000,None,90000000,None,1099000000,None,None,1830000000,None,None,950000000,None,None,None,0.198,1431000000,2038000000,1045000000,358000000,1524000000,None,None,None,None,None,None,None,2.364,6.67,4.709,None,None,None,None,None,-386000000,None,0.147,None,2175000000,2025-11-04,annual,3.07,USD,pre-market,287000000,2376000000,0.0803,0.206,0.101,68.05,2044000000,2464000000,634000000,226000000,339.13,353.0,0.6557,10218000000,3578000000,2968000000,6440000000,6640000000,3472000000,11019000000,3778000000,32.25,None,397.32,229.75
2025-12-28,ETN,9.99,26633001000.0,32.25,None,1.168,48.51,363000000,None,110000000,110000000,158000000,-1268000000,None,None,-28000000,None,None,None,74000000,308000000,None,7936000000,7936000000,810000000,None,None,1785000000,None,None,409000000,409000000,4.06,0.0125,184000000,184000000,None,0.024,0.02,1042000000,1451000000,3.05,2005-12-31,24.1,3139000000,10191000000.0,3083000000,996000000,191000000,626000000,626000000,None,90000000,None,1099000000,None,None,1830000000,None,None,805000000,None,None,None,0.198,1135000000,2038000000,1045000000,358000000,1524000000,None,None,None,None,None,None,None,2.364,6.67,4.709,None,None,None,None,None,-450000000,None,0.147,None,2175000000,2025-11-04,annual,3.07,USD,pre-market,287000000,2376000000,0.0803,0.206,0.101,68.05,2044000000,2464000000,634000000,226000000,339.13,353.0,0.6557,10218000000,3578000000,2968000000,6440000000,6640000000,3472000000,11019000000,3778000000,32.25,None,397.32,229.75
