date,symbol,eps,revenue_ttm,pe_ratio,accumulateddepreciationamortizationppe,beta,book_value,capitalexpenditures,capitalleaseobligations,cashandcashequivalentsatcarryingvalue,cashandshortterminvestments,cashflowfromfinancing,cashflowfrominvestment,changeincashandcashequivalents,changeinexchangerate,changeininventory,changeinoperatingassets,changeinoperatingliabilities,changeinreceivables,commonstock,commonstocksharesoutstanding,comprehensiveincomenetoftax,costofgoodsandservicessold,costofrevenue,currentaccountspayable,currentdebt,currentlongtermdebt,currentnetreceivables,deferredrevenue,depreciation,depreciationandamortization,depreciationdepletionandamortization,dividend_per_share,dividend_yield,dividendpayout,dividendpayoutcommonstock,dividendpayoutpreferredstock,earnings_growth_yoy,earnings_surprise,ebit,ebitda,estimated_eps,fiscaldateending,forward_pe,goodwill,gross_profit_ttm,grossprofit,incomebeforetax,incometaxexpense,intangibleassets,intangibleassetsexcludinggoodwill,interestanddebtexpense,interestexpense,interestincome,inventory,investmentincomenet,investments,longtermdebt,longtermdebtnoncurrent,longterminvestments,netincome,netincomefromcontinuingoperations,netinterestincome,noninterestincome,operating_margin_ttm,operatingcashflow,operatingexpenses,operatingincome,othercurrentassets,othercurrentliabilities,othernoncurrentassets,othernoncurrentliabilities,othernonoperatingincome,paymentsforoperatingactivities,paymentsforrepurchaseofcommonstock,paymentsforrepurchaseofequity,paymentsforrepurchaseofpreferredstock,peg_ratio,price_to_book,price_to_sales_ttm,proceedsfromissuanceofcommonstock,proceedsfromissuanceoflongtermdebtandcapitalsecuritiesnet,proceedsfromissuanceofpreferredstock,proceedsfromoperatingactivities,proceedsfromrepaymentsofshorttermdebt,proceedsfromrepurchaseofequity,proceedsfromsaleoftreasurystock,profit_margin,profitloss,propertyplantequipment,report_date,report_type,reported_eps,reportedcurrency,reporttime,researchanddevelopment,retainedearnings,return_on_assets_ttm,return_on_equity_ttm,revenue_growth_yoy,revenue_per_share_ttm,sellinggeneralandadministrative,shortlongtermdebttotal,shorttermdebt,shortterminvestments,sma_200,sma_50,surprise_pct,totalassets,totalcurrentassets,totalcurrentliabilities,totalliabilities,totalnoncurrentassets,totalnoncurrentliabilities,totalrevenue,totalshareholderequity,trailing_pe,treasurystock,week_52_high,week_52_low
1996-03-31,ETR,,,,,,,,,,,,,,,,,,,,,,,,,,,,,,,,,,,,,,0.1,,,0.28,,,,,,,,,,,,,,,,,,,,,,,,,,,,,,,,,,,,,,,,,,,,,,,,,1996-04-23,,0.38,,pre-market,,,,,,,,,,,,,35.7143,,,,,,,,,,,,
1996-06-30,ETR,,,,,,,,,,,,,,,,,,,,,,,,,,,,,,,,,,,,,,0.07,,,0.75,,,,,,,,,,,,,,,,,,,,,,,,,,,,,,,,,,,,,,,,,,,,,,,,,1996-07-30,,0.82,,pre-market,,,,,,,,,,,,,9.3333,,,,,,,,,,,,
1996-09-30,ETR,,,,,,,,,,,,,,,,,,,,,,,,,,,,,,,,,,,,,,-0.01,,,1.11,,,,,,,,,,,,,,,,,,,,,,,,,,,,,,,,,,,,,,,,,,,,,,,,,1996-10-24,,1.1,,pre-market,,,,,,,,,,,,,-0.9009,,,,,,,,,,,,
1996-12-31,ETR,,,,,,,,,,,,,,,,,,,,,,,,,,,,,,,,,,,,,,0.0,,,0.18,,,,,,,,,,,,,,,,,,,,,,,,,,,,,,,,,,,,,,,,,,,,,,,,,1997-02-13,,0.18,,pre-market,,,,,,,,,,,,,0.0,,,,,,,,,,,,
1997-03-31,ETR,,,,,,,,,,,,,,,,,,,,,,,,,,,,,,,,,,,,,,0.09,,,0.38,,,,,,,,,,,,,,,,,,,,,,,,,,,,,,,,,,,,,,,,,,,,,,,,,1997-05-01,,0.47,,pre-market,,,,,,,,,,,,,23.6842,,,,,,,,,,,,
1997-06-30,ETR,,,,,,,,,,,,,,,,,,,,,,,,,,,,,,,,,,,,,,-0.21,,,0.81,,,,,,,,,,,,,,,,,,,,,,,,,,,,,,,,,,,,,,,,,,,,,,,,,1997-08-01,,0.6,,pre-market,,,,,,,,,,,,,-25.9259,,,,,,,,,,,,
1997-09-30,ETR,,,,,,,,,,,,,,,,,,,,,,,,,,,,,,,,,,,,,,-0.03,,,1.08,,,,,,,,,,,,,,,,,,,,,,,,,,,,,,,,,,,,,,,,,,,,,,,,,1997-10-20,,1.05,,pre-market,,,,,,,,,,,,,-2.7778,,,,,,,,,,,,
1997-12-31,ETR,,,,,,,,,,,,,,,,,,,,,,,,,,,,,,,,,,,,,,-0.1,,,0.22,,,,,,,,,,,,,,,,,,,,,,,,,,,,,,,,,,,,,,,,,,,,,,,,,1998-03-06,,0.12,,pre-market,,,,,,,,,,,,,-45.4545,,,,,,,,,,,,
1998-03-31,ETR,,,,,,,,,,,,,,,,,,,,,,,,,,,,,,,,,,,,,,-0.2,,,0.4,,,,,,,,,,,,,,,,,,,,,,,,,,,,,,,,,,,,,,,,,,,,,,,,,1998-04-28,,0.2,,pre-market,,,,,,,,,,,,,-50.0,,,,,,,,,,,,
1998-06-30,ETR,,,,,,,,,,,,,,,,,,,,,,,,,,,,,,,,,,,,,,0.23,,,0.6,,,,,,,,,,,,,,,,,,,,,,,,,,,,,,,,,,,,,,,,,,,,,,,,,1998-08-03,,0.83,,pre-market,,,,,,,,,,,,,38.3333,,,,,,,,,,,,
1998-09-30,ETR,,,,,,,,,,,,,,,,,,,,,,,,,,,,,,,,,,,,,,0.05,,,0.96,,,,,,,,,,,,,,,,,,,,,,,,,,,,,,,,,,,,,,,,,,,,,,,,,1998-10-16,,1.01,,pre-market,,,,,,,,,,,,,5.2083,,,,,,,,,,,,
1998-12-31,ETR,,,,,,,,,,,,,,,,,,,,,,,,,,,,,,,,,,,,,,0.15,,,0.02,,,,,,,,,,,,,,,,,,,,,,,,,,,,,,,,,,,,,,,,,,,,,,,,,1999-02-18,,0.17,,pre-market,,,,,,,,,,,,,750.0,,,,,,,,,,,,
1999-03-31,ETR,,,,,,,,,,,,,,,,,,,,,,,,,,,,,,,,,,,,,,0.07,,,0.18,,,,,,,,,,,,,,,,,,,,,,,,,,,,,,,,,,,,,,,,,,,,,,,,,1999-04-22,,0.25,,pre-market,,,,,,,,,,,,,38.8889,,,,,,,,,,,,
1999-06-30,ETR,,,,,,,,,,,,,,,,,,,,,,,,,,,,,,,,,,,,,,0.06,,,0.75,,,,,,,,,,,,,,,,,,,,,,,,,,,,,,,,,,,,,,,,,,,,,,,,,1999-07-22,,0.81,,pre-market,,,,,,,,,,,,,8.0,,,,,,,,,,,,
1999-09-30,ETR,,,,,,,,,,,,,,,,,,,,,,,,,,,,,,,,,,,,,,0.17,,,0.98,,,,,,,,,,,,,,,,,,,,,,,,,,,,,,,,,,,,,,,,,,,,,,,,,1999-10-15,,1.15,,pre-market,,,,,,,,,,,,,17.3469,,,,,,,,,,,,
1999-12-31,ETR,,,,,,,,,,,,,,,,,,,,,,,,,,,,,,,,,,,,,,-0.01,,,0.09,,,,,,,,,,,,,,,,,,,,,,,,,,,,,,,,,,,,,,,,,,,,,,,,,2000-02-17,,0.08,,pre-market,,,,,,,,,,,,,-11.1111,,,,,,,,,,,,
2000-03-31,ETR,,,,,,,,,,,,,,,,,,,,,,,,,,,,,,,,,,,,,,0.21,,,0.27,,,,,,,,,,,,,,,,,,,,,,,,,,,,,,,,,,,,,,,,,,,,,,,,,2000-04-24,,0.48,,pre-market,,,,,,,,,,,,,77.7778,,,,,,,,,,,,
2000-06-30,ETR,,,,,,,,,,,,,,,,,,,,,,,,,,,,,,,,,,,,,,0.17,,,0.81,,,,,,,,,,,,,,,,,,,,,,,,,,,,,,,,,,,,,,,,,,,,,,,,,2000-07-26,,0.98,,pre-market,,,,,,,,,,,,,20.9877,,,,,,,,,,,,
2000-09-30,ETR,,,,,,,,,,,,,,,,,,,,,,,,,,,,,,,,,,,,,,0.23,,,1.14,,,,,,,,,,,,,,,,,,,,,,,,,,,,,,,,,,,,,,,,,,,,,,,,,2000-10-19,,1.37,,pre-market,,,,,,,,,,,,,20.1754,,,,,,,,,,,,
2000-12-31,ETR,,,,,,,,,,,,,,,,,,,,,,,,,,,,,,,,,,,,,,0.07,,,0.24,,,,,,,,,,,,,,,,,,,,,,,,,,,,,,,,,,,,,,,,,,,,,,,,,2001-02-01,,0.31,,pre-market,,,,,,,,,,,,,29.1667,,,,,,,,,,,,
2001-03-31,ETR,,,,,,,,,,,,,,,,,,,,,,,,,,,,,,,,,,,,,,0.12,,,0.63,,,,,,,,,,,,,,,,,,,,,,,,,,,,,,,,,,,,,,,,,,,,,,,,,2001-04-25,,0.75,,pre-market,,,,,,,,,,,,,19.0476,,,,,,,,,,,,
2001-06-30,ETR,,,,,,,,,,,,,,,,,,,,,,,,,,,,,,,,,,,,,,0.13,,,0.93,,,,,,,,,,,,,,,,,,,,,,,,,,,,,,,,,,,,,,,,,,,,,,,,,2001-07-31,,1.06,,pre-market,,,,,,,,,,,,,13.9785,,,,,,,,,,,,
2001-09-30,ETR,,,,,,,,,,,,,,,,,,,,,,,,,,,,,,,,,,,,,,0.04,,,1.2,,,,,,,,,,,,,,,,,,,,,,,,,,,,,,,,,,,,,,,,,,,,,,,,,2001-10-22,,1.24,,pre-market,,,,,,,,,,,,,3.3333,,,,,,,,,,,,
2001-12-31,ETR,,,,,,,,,,,,,,,,,,,,,,,,,,,,,,,,,,,,,,0.03,,,0.15,,,,,,,,,,,,,,,,,,,,,,,,,,,,,,,,,,,,,,,,,,,,,,,,,2002-01-31,,0.18,,pre-market,,,,,,,,,,,,,20.0,,,,,,,,,,,,
2002-03-31,ETR,,,,,,,,,,,,,,,,,,,,,,,,,,,,,,,,,,,,,,0.05,,,0.75,,,,,,,,,,,,,,,,,,,,,,,,,,,,,,,,,,,,,,,,,,,,,,,,,2002-04-25,,0.8,,pre-market,,,,,,,,,,,,,6.6667,,,,,,,,,,,,
2002-06-30,ETR,,,,,,,,,,,,,,,,,,,,,,,,,,,,,,,,,,,,,,0.04,,,1.13,,,,,,,,,,,,,,,,,,,,,,,,,,,,,,,,,,,,,,,,,,,,,,,,,2002-07-30,,1.17,,pre-market,,,,,,,,,,,,,3.5398,,,,,,,,,,,,
2002-09-30,ETR,,,,,,,,,,,,,,,,,,,,,,,,,,,,,,,,,,,,,,0.05,,,1.45,,,,,,,,,,,,,,,,,,,,,,,,,,,,,,,,,,,,,,,,,,,,,,,,,2002-10-30,,1.5,,pre-market,,,,,,,,,,,,,3.4483,,,,,,,,,,,,
2002-12-31,ETR,,,,,,,,,,,,,,,,,,,,,,,,,,,,,,,,,,,,,,0.08,,,0.26,,,,,,,,,,,,,,,,,,,,,,,,,,,,,,,,,,,,,,,,,,,,,,,,,2003-02-04,,0.34,,pre-market,,,,,,,,,,,,,30.7692,,,,,,,,,,,,
2003-03-31,ETR,,,,,,,,,,,,,,,,,,,,,,,,,,,,,,,,,,,,,,0.07,,,1.05,,,,,,,,,,,,,,,,,,,,,,,,,,,,,,,,,,,,,,,,,,,,,,,,,2003-04-28,,1.12,,pre-market,,,,,,,,,,,,,6.6667,,,,,,,,,,,,
2003-06-30,ETR,,,,,,,,,,,,,,,,,,,,,,,,,,,,,,,,,,,,,,0.0,,,1.17,,,,,,,,,,,,,,,,,,,,,,,,,,,,,,,,,,,,,,,,,,,,,,,,,2003-07-28,,1.17,,pre-market,,,,,,,,,,,,,0.0,,,,,,,,,,,,
2003-09-30,ETR,,,,,,,,,,,,,,,,,,,,,,,,,,,,,,,,,,,,,,0.03,,,1.54,,,,,,,,,,,,,,,,,,,,,,,,,,,,,,,,,,,,,,,,,,,,,,,,,2003-10-23,,1.57,,pre-market,,,,,,,,,,,,,1.9481,,,,,,,,,,,,
2003-12-31,ETR,,,,,,,,,,,,,,,,,,,,,,,,,,,,,,,,,,,,,,0.01,,,0.37,,,,,,,,,,,,,,,,,,,,,,,,,,,,,,,,,,,,,,,,,,,,,,,,,2004-02-02,,0.38,,pre-market,,,,,,,,,,,,,2.7027,,,,,,,,,,,,
2004-03-31,ETR,,,,,,,,,,,,,,,,,,,,,,,,,,,,,,,,,,,,,,-0.06,,,0.87,,,,,,,,,,,,,,,,,,,,,,,,,,,,,,,,,,,,,,,,,,,,,,,,,2004-04-26,,0.81,,pre-market,,,,,,,,,,,,,-6.8966,,,,,,,,,,,,
2004-06-30,ETR,,,,,,,,,,,,,,,,,,,,,,,,,,,,,,,,,,,,,,-0.06,,,1.14,,,,,,,,,,,,,,,,,,,,,,,,,,,,,,,,,,,,,,,,,,,,,,,,,2004-08-02,,1.08,,pre-market,,,,,,,,,,,,,-5.2632,,,,,,,,,,,,
2004-09-30,ETR,,,,,,,,,,,,,,,,,,,,,,,,,,,,,,,,,,,,,,0.03,,,1.36,,,,,,,,,,,,,,,,,,,,,,,,,,,,,,,,,,,,,,,,,,,,,,,,,2004-10-21,,1.39,,pre-market,,,,,,,,,,,,,2.2059,,,,,,,,,,,,
2004-12-31,ETR,,,,,,,,,,,,,,,,,,,,,,,,,,,,,,,,,,,,,,0.01,,,0.49,,,,,,,,,,,,,,,,,,,,,,,,,,,,,,,,,,,,,,,,,,,,,,,,,2005-01-31,,0.5,,pre-market,,,,,,,,,,,,,2.0408,,,,,,,,,,,,
2005-03-31,ETR,,,,,,,,,,,,,,,,,,,,,,,,,,,,,,,,,,,,,,-0.01,,,0.8,,,,,,,,,,,,,,,,,,,,,,,,,,,,,,,,,,,,,,,,,,,,,,,,,2005-04-25,,0.79,,pre-market,,,,,,,,,,,,,-1.25,,,,,,,,,,,,
2005-06-30,ETR,,,,,,,,,,,,,,,,,,,,,,,,,,,,,,,,,,,,,,0.03,,,1.3,,,,,,,,,,,,,,,,,,,,,,,,,,,,,,,,,,,,,,,,,,,,,,,,,2005-08-01,,1.33,,pre-market,,,,,,,,,,,,,2.3077,,,,,,,,,,,,
2005-09-30,ETR,,,,,,,,,,,,,,,,,,,,,,,,,,,,,,,,,,,,,,0.01,,,1.64,,,,,,,,,,,,,,,,,,,,,,,,,,,,,,,,,,,,,,,,,,,,,,,,,2005-11-01,,1.65,,pre-market,,,,,,,,,,,,,0.6098,,,,,,,,,,,,
2005-12-31,ETR,,,,,,,,,,,,,,,,,,,,,,,,,,,,,,,,,,,,,,0.05,,,0.54,,,,,,,,,,,,,,,,,,,,,,,,,,,,,,,,,,,,,,,,,,,,,,,,,2006-01-31,,0.59,,pre-market,,,,,,,,,,,,,9.2593,,,,,,,,,,,,
2006-03-31,ETR,,,,,,,,,,,,,,,,,,,,,,,,,,,,,,,,,,,,,,0.03,,,0.87,,,,,,,,,,,,,,,,,,,,,,,,,,,,,,,,,,,,,,,,,,,,,,,,,2006-05-02,,0.9,,pre-market,,,,,,,,,,,,,3.4483,,,,,,,,,,,,
2006-06-30,ETR,,,,,,,,,,,,,,,,,,,,,,,,,,,,,,,,,,,,,,-0.03,,,1.25,,,,,,,,,,,,,,,,,,,,,,,,,,,,,,,,,,,,,,,,,,,,,,,,,2006-08-08,,1.22,,pre-market,,,,,,,,,,,,,-2.4,,,,,,,,,,,,
2006-09-30,ETR,,,,,,,,,,,,,,,,,,,,,,,,,,,,,,,,,,,,,,-0.02,,,1.82,,,,,,,,,,,,,,,,,,,,,,,,,,,,,,,,,,,,,,,,,,,,,,,,,2006-10-31,,1.8,,pre-market,,,,,,,,,,,,,-1.0989,,,,,,,,,,,,
2006-12-31,ETR,,,,,,,,,,,,,,,,,,,,,,,,,,,,,,,,,,,,,,0.04,,,0.75,,,,,,,,,,,,,,,,,,,,,,,,,,,,,,,,,,,,,,,,,,,,,,,,,2007-01-30,,0.79,,pre-market,,,,,,,,,,,,,5.3333,,,,,,,,,,,,
2007-03-31,ETR,,,,,,,,,,,,,,,,,,,,,,,,,,,,,,,,,,,,,,-0.02,,,1.04,,,,,,,,,,,,,,,,,,,,,,,,,,,,,,,,,,,,,,,,,,,,,,,,,2007-04-26,,1.02,,pre-market,,,,,,,,,,,,,-1.9231,,,,,,,,,,,,
2007-06-30,ETR,,,,,,,,,,,,,,,,,,,,,,,,,,,,,,,,,,,,,,-0.05,,,1.37,,,,,,,,,,,,,,,,,,,,,,,,,,,,,,,,,,,,,,,,,,,,,,,,,2007-07-31,,1.32,,pre-market,,,,,,,,,,,,,-3.6496,,,,,,,,,,,,
2007-09-30,ETR,,,,,,,,,,,,,,,,,,,,,,,,,,,,,,,,,,,,,,0.12,,,2.18,,,,,,,,,,,,,,,,,,,,,,,,,,,,,,,,,,,,,,,,,,,,,,,,,2007-11-05,,2.3,,pre-market,,,,,,,,,,,,,5.5046,,,,,,,,,,,,
2007-12-31,ETR,,,,,,,,,,,,,,,,,,,,,,,,,,,,,,,,,,,,,,0.06,,,1.06,,,,,,,,,,,,,,,,,,,,,,,,,,,,,,,,,,,,,,,,,,,,,,,,,2008-01-29,,1.12,,pre-market,,,,,,,,,,,,,5.6604,,,,,,,,,,,,
2008-03-31,ETR,,,,,,,,,,,,,,,,,,,,,,,,,,,,,,,,,,,,,,0.05,,,1.51,,,,,,,,,,,,,,,,,,,,,,,,,,,,,,,,,,,,,,,,,,,,,,,,,2008-04-25,,1.56,,pre-market,,,,,,,,,,,,,3.3113,,,,,,,,,,,,
2008-06-30,ETR,,,,,,,,,,,,,,,,,,,,,,,,,,,,,,,,,,,,,,-0.05,,,1.51,,,,,,,,,,,,,,,,,,,,,,,,,,,,,,,,,,,,,,,,,,,,,,,,,2008-07-29,,1.46,,pre-market,,,,,,,,,,,,,-3.3113,,,,,,,,,,,,
2008-09-30,ETR,,,,,,,,,,,,,,,,,,,,,,,,,,,,,,,,,,,,,,-0.02,,,2.52,,,,,,,,,,,,,,,,,,,,,,,,,,,,,,,,,,,,,,,,,,,,,,,,,2008-10-28,,2.5,,pre-market,,,,,,,,,,,,,-0.7937,,,,,,,,,,,,
2008-12-31,ETR,,,,,,,,,,,,,,,,,,,,,,,,,,,,,,,,,,,,,,-0.02,,,1.01,,,,,,,,,,,,,,,,,,,,,,,,,,,,,,,,,,,,,,,,,,,,,,,,,2009-02-03,,0.99,,pre-market,,,,,,,,,,,,,-1.9802,,,,,,,,,,,,
2009-03-31,ETR,,,,,,,,,,,,,,,,,,,,,,,,,,,,,,,,,,,,,,-0.05,,,1.34,,,,,,,,,,,,,,,,,,,,,,,,,,,,,,,,,,,,,,,,,,,,,,,,,2009-05-04,,1.29,,pre-market,,,,,,,,,,,,,-3.7313,,,,,,,,,,,,
2009-06-30,ETR,,,,,,,,,,,,,,,,,,,,,,,,,,,,,,,,,,,,,,-0.03,,,1.26,,,,,,,,,,,,,,,,,,,,,,,,,,,,,,,,,,,,,,,,,,,,,,,,,2009-08-04,,1.23,,pre-market,,,,,,,,,,,,,-2.381,,,,,,,,,,,,
2009-09-30,ETR,,,,,,,,,,,,,,,,,,,,,,,,,,,,,,,,,,,,,,-0.08,,,2.48,,,,,,,,,,,,,,,,,,,,,,,,,,,,,,,,,,,,,,,,,,,,,,,,,2009-10-22,,2.4,,pre-market,,,,,,,,,,,,,-3.2258,,,,,,,,,,,,
2009-12-31,ETR,,,,,,,,,,,,,,,,,,,,,,,,,,,,,,,,,,,,,,0.2,,,1.55,,,,,,,,,,,,,,,,,,,,,,,,,,,,,,,,,,,,,,,,,,,,,,,,,2010-02-02,,1.75,,pre-market,,,,,,,,,,,,,12.9032,,,,,,,,,,,,
2010-03-31,ETR,,,,,,,,,,,,,,,,,,,,,,,,,,,,,,,,,,,,,,0.01,,,1.32,,,,,,,,,,,,,,,,,,,,,,,,,,,,,,,,,,,,,,,,,,,,,,,,,2010-04-29,,1.33,,pre-market,,,,,,,,,,,,,0.7576,,,,,,,,,,,,
2010-06-30,ETR,,,,,,,,,,,,,,,,,,,,,,,,,,,,,,,,,,,,,,0.09,,,1.62,,,,,,,,,,,,,,,,,,,,,,,,,,,,,,,,,,,,,,,,,,,,,,,,,2010-08-03,,1.71,,pre-market,,,,,,,,,,,,,5.5556,,,,,,,,,,,,
2010-09-30,ETR,,,,,,,,,,,,,,,,,,,,,,,,,,,,,,,,,,,,,,0.11,,,2.65,,,,,,,,,,,,,,,,,,,,,,,,,,,,,,,,,,,,,,,,,,,,,,,,,2010-10-21,,2.76,,pre-market,,,,,,,,,,,,,4.1509,,,,,,,,,,,,
2010-12-31,ETR,,,,,,,,,,,,,,,,,,,,,,,,,,,,,,,,,,,,,,0.06,,,1.24,,,,,,,,,,,,,,,,,,,,,,,,,,,,,,,,,,,,,,,,,,,,,,,,,2011-02-08,,1.3,,pre-market,,,,,,,,,,,,,4.8387,,,,,,,,,,,,
2011-03-31,ETR,,,,,,,,,,,,,,,,,,,,,,,,,,,,,,,,,,,,,,0.04,,,1.34,,,,,,,,,,,,,,,,,,,,,,,,,,,,,,,,,,,,,,,,,,,,,,,,,2011-04-29,,1.38,,pre-market,,,,,,,,,,,,,2.9851,,,,,,,,,,,,
2011-06-30,ETR,,,,,,,,,,,,,,,,,,,,,,,,,,,,,,,,,,,,,,0.02,,,1.74,,,,,,,,,,,,,,,,,,,,,,,,,,,,,,,,,,,,,,,,,,,,,,,,,2011-08-02,,1.76,,pre-market,,,,,,,,,,,,,1.1494,,,,,,,,,,,,
2011-09-30,ETR,,,,,,,,,,,,,,,,,,,,,,,,,,,,,,,,,,,,,,0.01,,,3.52,,,,,,,,,,,,,,,,,,,,,,,,,,,,,,,,,,,,,,,,,,,,,,,,,2011-11-01,,3.53,,pre-market,,,,,,,,,,,,,0.2841,,,,,,,,,,,,
2011-12-31,ETR,,,,,,,,,,,,,,,,,,,,,,,,,,,,,,,,,,,,,,0.04,,,0.9,,,,,,,,,,,,,,,,,,,,,,,,,,,,,,,,,,,,,,,,,,,,,,,,,2012-01-31,,0.94,,pre-market,,,,,,,,,,,,,4.4444,,,,,,,,,,,,
2012-03-31,ETR,,,,,,,,,,,,,,,,,,,,,,,,,,,,,,,,,,,,,,-0.32,,,0.76,,,,,,,,,,,,,,,,,,,,,,,,,,,,,,,,,,,,,,,,,,,,,,,,,2012-04-26,,0.44,,pre-market,,,,,,,,,,,,,-42.1053,,,,,,,,,,,,
2012-06-30,ETR,,,,,,,,,,,,,,,,,,,,,,,,,,,,,,,,,,,,,,0.45,,,1.66,,,,,,,,,,,,,,,,,,,,,,,,,,,,,,,,,,,,,,,,,,,,,,,,,2012-07-31,,2.11,,pre-market,,,,,,,,,,,,,27.1084,,,,,,,,,,,,
2012-09-30,ETR,,,,,,,,,,,,,,,,,,,,,,,,,,,,,,,,,,,,,,-0.05,,,2.0,,,,,,,,,,,,,,,,,,,,,,,,,,,,,,,,,,,,,,,,,,,,,,,,,2012-11-05,,1.95,,pre-market,,,,,,,,,,,,,-2.5,,,,,,,,,,,,
2012-12-31,ETR,,,,,,,,,,,,,,,,,,,,,,,,,,,,,,,,,,,,,,0.28,,,1.44,,,,,,,,,,,,,,,,,,,,,,,,,,,,,,,,,,,,,,,,,,,,,,,,,2013-02-08,,1.72,,pre-market,,,,,,,,,,,,,19.4444,,,,,,,,,,,,
2013-03-31,ETR,,,,,,,,,,,,,,,,,,,,,,,,,,,,,,,,,,,,,,0.11,,,0.83,,,,,,,,,,,,,,,,,,,,,,,,,,,,,,,,,,,,,,,,,,,,,,,,,2013-04-25,,0.94,,pre-market,,,,,,,,,,,,,13.253,,,,,,,,,,,,
2013-06-30,ETR,,,,,,,,,,,,,,,,,,,,,,,,,,,,,,,,,,,,,,-0.14,,,1.15,,,,,,,,,,,,,,,,,,,,,,,,,,,,,,,,,,,,,,,,,,,,,,,,,2013-07-30,,1.01,,pre-market,,,,,,,,,,,,,-12.1739,,,,,,,,,,,,
2013-09-30,ETR,,,,,,,,,,,,,,,,,,,,,,,,,,,,,,,,,,,,,,0.25,,,2.16,,,,,,,,,,,,,,,,,,,,,,,,,,,,,,,,,,,,,,,,,,,,,,,,,2013-10-29,,2.41,,pre-market,,,,,,,,,,,,,11.5741,,,,,,,,,,,,
2013-12-31,ETR,,,,,,,,,,,,,,,,,,,,,,,,,,,,,,,,,,,,,,0.19,,,0.81,,,,,,,,,,,,,,,,,,,,,,,,,,,,,,,,,,,,,,,,,,,,,,,,,2014-02-11,,1.0,,pre-market,,,,,,,,,,,,,23.4568,,,,,,,,,,,,
2014-03-31,ETR,,,,,,,,,,,,,,,,,,,,,,,,,,,,,,,,,,,,,,0.71,,,1.58,,,,,,,,,,,,,,,,,,,,,,,,,,,,,,,,,,,,,,,,,,,,,,,,,2014-04-24,,2.29,,pre-market,,,,,,,,,,,,,44.9367,,,,,,,,,,,,
2014-06-30,ETR,,,,,,,,,,,,,,,,,,,,,,,,,,,,,,,,,,,,,,-0.03,,,1.14,,,,,,,,,,,,,,,,,,,,,,,,,,,,,,,,,,,,,,,,,,,,,,,,,2014-07-29,,1.11,,pre-market,,,,,,,,,,,,,-2.6316,,,,,,,,,,,,
2014-09-30,ETR,,,,,,,,,,,,,,,,,,,,,,,,,,,,,,,,,,,,,,-0.18,,,1.86,,,,,,,,,,,,,,,,,,,,,,,,,,,,,,,,,,,,,,,,,,,,,,,,,2014-11-04,,1.68,,pre-market,,,,,,,,,,,,,-9.6774,,,,,,,,,,,,
2014-12-31,ETR,,,,,,,,,,,,,,,,,,,,,,,,,,,,,,,,,,,,,,-0.05,,,0.8,,,,,,,,,,,,,,,,,,,,,,,,,,,,,,,,,,,,,,,,,,,,,,,,,2015-02-05,,0.75,,pre-market,,,,,,,,,,,,,-6.25,,,,,,,,,,,,
2015-03-31,ETR,,,,,,,,,,,,,,,,,,,,,,,,,,,,,,,,,,,,,,0.38,,,1.3,,,,,,,,,,,,,,,,,,,,,,,,,,,,,,,,,,,,,,,,,,,,,,,,,2015-04-28,,1.68,,pre-market,,,,,,,,,,,,,29.2308,,,,,,,,,,,,
2015-06-30,ETR,,,,,,,,,,,,,,,,,,,,,,,,,,,,,,,,,,,,,,-0.31,,,1.14,,,,,,,,,,,,,,,,,,,,,,,,,,,,,,,,,,,,,,,,,,,,,,,,,2015-08-04,,0.83,,pre-market,,,,,,,,,,,,,-27.193,,,,,,,,,,,,
2015-09-30,ETR,,,,,,,,,,,,,,,,,,,,,,,,,,,,,,,,,,,,,,-0.1,,,2.0,,,,,,,,,,,,,,,,,,,,,,,,,,,,,,,,,,,,,,,,,,,,,,,,,2015-11-02,,1.9,,pre-market,,,,,,,,,,,,,-5.0,,,,,,,,,,,,
2015-12-31,ETR,,,,,,,,,,,,,,,,,,,,,,,,,,,,,,,,,,,,,,0.13,,,1.45,,,,,,,,,,,,,,,,,,,,,,,,,,,,,,,,,,,,,,,,,,,,,,,,,2016-02-18,,1.58,,pre-market,,,,,,,,,,,,,8.9655,,,,,,,,,,,,
2016-03-31,ETR,,,,,,,,,,,,,,,,,,,,,,,,,,,,,,,,,,,,,,0.17,,,1.18,,,,,,,,,,,,,,,,,,,,,,,,,,,,,,,,,,,,,,,,,,,,,,,,,2016-04-26,,1.35,,pre-market,,,,,,,,,,,,,14.4068,,,,,,,,,,,,
2016-06-30,ETR,,,,,,,,,,,,,,,,,,,,,,,,,,,,,,,,,,,,,,2.06,,,1.05,,,,,,,,,,,,,,,,,,,,,,,,,,,,,,,,,,,,,,,,,,,,,,,,,2016-08-02,,3.11,,pre-market,,,,,,,,,,,,,196.1905,,,,,,,,,,,,
2016-09-30,ETR,,,,,,,,,,,,,,,,,,,,,,,,,,,,,,,,,,,,,,0.29,,,2.02,,,,,,,,,,,,,,,,,,,,,,,,,,,,,,,,,,,,,,,,,,,,,,,,,2016-10-25,,2.31,,pre-market,,,,,,,,,,,,,14.3564,,,,,,,,,,,,
2016-12-31,ETR,,,,,,,,,,,,,,,,,,,,,,,,,,,,,,,,,,,,,,0.18,,,0.13,,,,,,,,,,,,,,,,,,,,,,,,,,,,,,,,,,,,,,,,,,,,,,,,,2017-02-15,,0.31,,pre-market,,,,,,,,,,,,,138.4615,,,,,,,,,,,,
2017-03-31,ETR,,,,,,,,,,,,,,,,,,,,,,,,,,,,,,,,,,,,,,-0.08,,,1.07,,,,,,,,,,,,,,,,,,,,,,,,,,,,,,,,,,,,,,,,,,,,,,,,,2017-04-26,,0.99,,pre-market,,,,,,,,,,,,,-7.4766,,,,,,,,,,,,
2017-06-30,ETR,,,,,,,,,,,,,,,,,,,,,,,,,,,,,,,,,,,,,,1.92,,,1.19,,,,,,,,,,,,,,,,,,,,,,,,,,,,,,,,,,,,,,,,,,,,,,,,,2017-08-02,,3.11,,pre-market,,,,,,,,,,,,,161.3445,,,,,,,,,,,,
2017-09-30,ETR,,,,,,,,,,,,,,,,,,,,,,,,,,,,,,,,,,,,,,0.16,,,2.19,,,,,,,,,,,,,,,,,,,,,,,,,,,,,,,,,,,,,,,,,,,,,,,,,2017-10-24,,2.35,,pre-market,,,,,,,,,,,,,7.3059,,,,,,,,,,,,
2017-12-31,ETR,,,,,,,,,,,,,,,,,,,,,,,,,,,,,,,,,,,,,,0.3,,,0.46,,,,,,,,,,,,,,,,,,,,,,,,,,,,,,,,,,,,,,,,,,,,,,,,,2018-02-23,,0.76,,pre-market,,,,,,,,,,,,,65.2174,,,,,,,,,,,,
2018-03-31,ETR,,,,,,,,,,,,,,,,,,,,,,,,,,,,,,,,,,,,,,-0.12,,,1.28,,,,,,,,,,,,,,,,,,,,,,,,,,,,,,,,,,,,,,,,,,,,,,,,,2018-04-25,,1.16,,pre-market,,,,,,,,,,,,,-9.375,,,,,,,,,,,,
2018-06-30,ETR,,,,,,,,,,,,,,,,,,,,,,,,,,,,,,,,,,,,,,0.48,,,1.31,,,,,,,,,,,,,,,,,,,,,,,,,,,,,,,,,,,,,,,,,,,,,,,,,2018-08-01,,1.79,,pre-market,,,,,,,,,,,,,36.6412,,,,,,,,,,,,
2018-09-30,ETR,,,,,,,,,,,,,,,,,,,,,,,,,,,,,,,,,,,,,,0.77,,,3.0,,,,,,,,,,,,,,,,,,,,,,,,,,,,,,,,,,,,,,,,,,,,,,,,,2018-10-31,,3.77,,pre-market,,,,,,,,,,,,,25.6667,,,,,,,,,,,,
2018-12-31,ETR,,,,,,,,,,,,,,,,,,,,,,,,,,,,,,,,,,,,,,0.19,,,0.41,,,,,,,,,,,,,,,,,,,,,,,,,,,,,,,,,,,,,,,,,,,,,,,,,2019-02-20,,0.6,,pre-market,,,,,,,,,,,,,46.3415,,,,,,,,,,,,
2019-03-31,ETR,,,,,,,,,,,,,,,,,,,,,,,,,,,,,,,,,,,,,,-0.16,,,0.98,,,,,,,,,,,,,,,,,,,,,,,,,,,,,,,,,,,,,,,,,,,,,,,,,2019-05-01,,0.82,,pre-market,,,,,,,,,,,,,-16.3265,,,,,,,,,,,,
2019-06-30,ETR,,,,,,,,,,,,,,,,,,,,,,,,,,,,,,,,,,,,,,-0.02,,,1.37,,,,,,,,,,,,,,,,,,,,,,,,,,,,,,,,,,,,,,,,,,,,,,,,,2019-07-31,,1.35,,pre-market,,,,,,,,,,,,,-1.4599,,,,,,,,,,,,
2019-09-30,ETR,,,,,,,,,,,,,,,,,,,,,,,,,,,,,,,,,,,,,,0.23,,,2.29,,,,,,,,,,,,,,,,,,,,,,,,,,,,,,,,,,,,,,,,,,,,,,,,,2019-10-30,,2.52,,pre-market,,,,,,,,,,,,,10.0437,,,,,,,,,,,,
2019-12-31,ETR,,,,,,,,,,,,,,,,,,,,,,,,,,,,,,,,,,,,,,0.02,,,0.66,,,,,,,,,,,,,,,,,,,,,,,,,,,,,,,,,,,,,,,,,,,,,,,,,2020-02-19,,0.68,,pre-market,,,,,,,,,,,,,3.0303,,,,,,,,,,,,
2020-03-31,ETR,,,,,,,,,,,,,,,,,,,,,,,,,,,,,,,,,,,,,,0.21,,,0.93,,,,,,,,,,,,,,,,,,,,,,,,,,,,,,,,,,,,,,,,,,,,,,,,,2020-05-11,,1.14,,pre-market,,,,,,,,,,,,,22.5806,,,,,,,,,,,,
2020-06-30,ETR,,,,,,,,,,,,,,,,,,,,,,,,,,,,,,,,,,,,,,0.11,,,1.26,,,,,,,,,,,,,,,,,,,,,,,,,,,,,,,,,,,,,,,,,,,,,,,,,2020-07-29,,1.37,,pre-market,,,,,,,,,,,,,8.7302,,,,,,,,,,,,
2020-09-30,ETR,,,,,,,,,,,,,,,,,,,,,,,,,,,,,,,,,,,,,,0.05,,,2.39,,,,,,,,,,,,,,,,,,,,,,,,,,,,,,,,,,,,,,,,,,,,,,,,,2020-10-28,,2.44,,pre-market,,,,,,,,,,,,,2.0921,,,,,,,,,,,,
2020-12-31,ETR,,,,,,,,,,,,,,,,,,,,,,,,,,,,,,,,,,,,,,0.05,,,0.66,,,,,,,,,,,,,,,,,,,,,,,,,,,,,,,,,,,,,,,,,,,,,,,,,2021-02-24,,0.71,,pre-market,,,,,,,,,,,,,7.5758,,,,,,,,,,,,
2021-03-31,ETR,,,,,,,,,,,,,,,,,,,,,,,,,,,,,,,,,,,,,,0.3,,,1.17,,,,,,,,,,,,,,,,,,,,,,,,,,,,,,,,,,,,,,,,,,,,,,,,,2021-04-28,,1.47,,pre-market,,,,,,,,,,,,,25.641,,,,,,,,,,,,
2021-06-30,ETR,,,,,,,,,,,,,,,,,,,,,,,,,,,,,,,,,,,,,,-0.06,,,1.4,,,,,,,,,,,,,,,,,,,,,,,,,,,,,,,,,,,,,,,,,,,,,,,,,2021-08-04,,1.34,,pre-market,,,,,,,,,,,,,-4.2857,,,,,,,,,,,,
2021-09-30,ETR,,,,,,,,,,,,,,,,,,,,,,,,,,,,,,,,,,,,,,0.0,,,2.45,,,,,,,,,,,,,,,,,,,,,,,,,,,,,,,,,,,,,,,,,,,,,,,,,2021-11-03,,2.45,,pre-market,,,,,,,,,,,,,0.0,,,,,,,,,,,,
2021-12-31,ETR,,,,,,,,,,,,,,,,,,,,,,,,,,,,,,,,,,,,,,0.06,,,0.7,,,,,,,,,,,,,,,,,,,,,,,,,,,,,,,,,,,,,,,,,,,,,,,,,2022-02-23,,0.76,,pre-market,,,,,,,,,,,,,8.5714,,,,,,,,,,,,
2022-03-31,ETR,,,,,,,,,,,,,,,,,,,,,,,,,,,,,,,,,,,,,,-0.02,,,1.34,,,,,,,,,,,,,,,,,,,,,,,,,,,,,,,,,,,,,,,,,,,,,,,,,2022-04-27,,1.32,,pre-market,,,,,,,,,,,,,-1.4925,,,,,,,,,,,,
2022-06-30,ETR,,,,,,,,,,,,,,,,,,,,,,,,,,,,,,,,,,,,,,0.38,,,1.4,,,,,,,,,,,,,,,,,,,,,,,,,,,,,,,,,,,,,,,,,,,,,,,,,2022-08-03,,1.78,,pre-market,,,,,,,,,,,,,27.1429,,,,,,,,,,,,
2022-09-30,ETR,,,,,,,,,,,,,,,,,,,,,,,,,,,,,,,,,,,,,,0.18,,,2.66,,,,,,,,,,,,,,,,,,,,,,,,,,,,,,,,,,,,,,,,,,,,,,,,,2022-11-02,,2.84,,pre-market,,,,,,,,,,,,,6.7669,,,,,,,,,,,,
2022-12-31,ETR,,,,,,,,,,,,,,,,,,,,,,,,,,,,,,,,,,,,,,0.0,,,0.51,,,,,,,,,,,,,,,,,,,,,,,,,,,,,,,,,,,,,,,,,,,,,,,,,2023-02-16,,0.51,,pre-market,,,,,,,,,,,,,0.0,,,,,,,,,,,,
2023-03-31,ETR,,,,,,,,,,,,,,,,,,,,,,,,,,,,,,,,,,,,,,-0.28,,,1.42,,,,,,,,,,,,,,,,,,,,,,,,,,,,,,,,,,,,,,,,,,,,,,,,,2023-04-26,,1.14,,pre-market,,,,,,,,,,,,,-19.7183,,,,,,,,,,,,
2023-06-30,ETR,,,,,,,,,,,,,,,,,,,,,,,,,,,,,,,,,,,,,,0.18,,,1.66,,,,,,,,,,,,,,,,,,,,,,,,,,,,,,,,,,,,,,,,,,,,,,,,,2023-08-02,,1.84,,pre-market,,,,,,,,,,,,,10.8434,,,,,,,,,,,,
2023-09-30,ETR,,,,,,,,,,,,,,,,,,,,,,,,,,,,,,,,,,,,,,0.25,,,3.02,,,,,,,,,,,,,,,,,,,,,,,,,,,,,,,,,,,,,,,,,,,,,,,,,2023-11-01,,3.27,,pre-market,,,,,,,,,,,,,8.2781,,,,,,,,,,,,
2023-12-31,ETR,,,,,,,,,,,,,,,,,,,,,,,,,,,,,,,,,,,,,,0.0,,,0.52,,,,,,,,,,,,,,,,,,,,,,,,,,,,,,,,,,,,,,,,,,,,,,,,,2024-02-22,,0.52,,pre-market,,,,,,,,,,,,,0.0,,,,,,,,,,,,
2024-03-31,ETR,,,,,,,,,,,,,,,,,,,,,,,,,,,,,,,,,,,,,,-0.43,,,1.51,,,,,,,,,,,,,,,,,,,,,,,,,,,,,,,,,,,,,,,,,,,,,,,,,2024-04-24,,1.08,,pre-market,,,,,,,,,,,,,-28.4768,,,,,,,,,,,,
2024-06-30,ETR,,,,,,,,,,,,,,,,,,,,,,,,,,,,,,,,,,,,,,0.16,,,1.76,,,,,,,,,,,,,,,,,,,,,,,,,,,,,,,,,,,,,,,,,,,,,,,,,2024-08-01,,1.92,,pre-market,,,,,,,,,,,,,9.0909,,,,,,,,,,,,
2024-09-30,ETR,,,,,,,,,,,,,,,,,,,,,,,,,,,,,,,,,,,,,,0.02,,,2.97,,,,,,,,,,,,,,,,,,,,,,,,,,,,,,,,,,,,,,,,,,,,,,,,,2024-10-31,,2.99,,pre-market,,,,,,,,,,,,,0.6734,,,,,,,,,,,,
2024-12-31,ETR,,,,,,,,,,,,,,,,,,,,,,,,,,,,,,,,,,,,,,0.027,,,0.633,,,,,,,,,,,,,,,,,,,,,,,,,,,,,,,,,,,,,,,,,,,,,,,,,2025-02-20,,0.66,,pre-market,,,,,,,,,,,,,4.2654,,,,,,,,,,,,
2025-03-31,ETR,,,,,,,,,,,,,,,,,,,,,,,,,,,,,,,,,,,,,,0.1534,,,0.6666,,,,,,,,,,,,,,,,,,,,,,,,,,,,,,,,,,,,,,,,,,,,,,,,,2025-04-22,,0.82,,pre-market,,,,,,,,,,,,,23.0123,,,,,,,,,,,,
2025-06-30,ETR,,,,,,,,,,,,,,,,,,,,,,,,,,,,,,,,,,,,,,0.0717,,,0.9783,,,,,,,,,,,,,,,,,,,,,,,,,,,,,,,,,,,,,,,,,,,,,,,,,2025-07-30,,1.05,,pre-market,,,,,,,,,,,,,7.329,,,,,,,,,,,,
2025-09-30,ETR,,,,,,,,,,,,,,,,,,,,,,,,,,,,,,,,,,,,,,0.08,,,1.45,,,,,,,,,,,,,,,,,,,,,,,,,,,,,,,,,,,,,,,,,,,,,,,,,2025-10-29,,1.53,,pre-market,,,,,,,,,,,,,5.5172,,,,,,,,,,,,
2025-12-28,ETR,4.06,12730047000.0,22.87,,0.616,37.31,,,,,,,,,,,,,,,,,,,,,,,,,,2.41,0.026,,,,0.02,0.08,,,1.45,,21.14,,6190900000.0,,,,,,,,,,,,,,,,,,,0.301,,,,,,,,,,,,,1.297,2.484,3.257,,,,,,,,0.142,,,2025-10-29,,1.53,,pre-market,,,0.0313,0.112,0.125,29.17,,,,,88.13,94.86,5.5172,,,,,,,,,22.87,,97.93,72.67
2025-12-28,ETR,4.06,12730047000.0,22.87,,0.616,37.31,,,,,,,,,,,,,,,None,2471627000,2471627000,,,,,,None,646204000,,2.41,0.026,,,,0.02,0.08,1013731000,1659935000,1.45,2025-09-30,21.14,,6190900000.0,1340392000,903731000,205307000,,,None,110000000,106090000,,None,,,,,698424000,698424000,-218788000,None,0.301,,232371000,1108021000,,,,,None,,,,,1.297,2.484,3.257,,,,,,,,0.142,,,2025-10-29,quarterly,1.53,USD,pre-market,None,,0.0313,0.112,0.125,29.17,None,,,,88.13,94.86,5.5172,,,,,,,3812019000,,22.87,,97.93,72.67
2025-12-28,ETR,4.06,12730047000.0,22.87,,0.616,37.31,,,,,,,,,,,,,,,None,1766455000,1766455000,,,,,,None,632638000,,2.41,0.026,,,,0.02,0.08,932427000,1565065000,1.45,2025-06-30,21.14,,6190900000.0,1562394000,610353000,138399000,,,None,322074000,87419000,,None,,,,,471954000,471954000,-234655000,None,0.301,,724969000,837425000,,,,,None,,,,,1.297,2.484,3.257,,,,,,,,0.142,,,2025-10-29,quarterly,1.53,USD,pre-market,None,,0.0313,0.112,0.125,29.17,None,,,,88.13,94.86,5.5172,,,,,,,3328849000,,22.87,,97.93,72.67
2025-12-28,ETR,4.06,12730047000.0,22.87,,0.616,37.31,,,,,,,,,,,,,,,None,1395976000,1395976000,,,,,,None,622566000,,2.41,0.026,,,,0.02,0.08,792254000,1414820000,1.45,2025-03-31,21.14,,6190900000.0,1450898000,462463000,100041000,,,None,329791000,33406000,,None,,,,,360760000,362422000,-296385000,None,0.301,,750794000,700104000,,,,,None,,,,,1.297,2.484,3.257,,,,,,,,0.142,,,2025-10-29,quarterly,1.53,USD,pre-market,None,,0.0313,0.112,0.125,29.17,None,,,,88.13,94.86,5.5172,,,,,,,2846874000,,22.87,,97.93,72.67
2025-12-28,ETR,4.06,12730047000.0,22.87,,0.616,37.31,,,,,,,,,,,,,,,None,1487787000,1487787000,,,,,,None,622304000,,2.41,0.026,,,,0.02,0.08,696986000,1319290000,1.45,2024-12-31,21.14,,6190900000.0,1254518000,398086000,110924000,,,None,298900000,13265000,,None,,,,,286447000,287162000,-285635000,None,0.301,,584903000,669615000,,,,,None,,,,,1.297,2.484,3.257,,,,,,,,0.142,,,2025-10-29,quarterly,1.53,USD,pre-market,None,,0.0313,0.112,0.125,29.17,None,,,,88.13,94.86,5.5172,,,,,,,2742305000,,22.87,,97.93,72.67
2025-12-28,ETR,4.06,12730047000.0,22.87,,0.616,37.31,,,,,,,,,,,,,,,None,1620221000,1620221000,,,,,,None,614766000,,2.41,0.026,,,,0.02,0.08,1156372000,1771138000,1.45,2024-09-30,21.14,,6190900000.0,1768879000,861229000,215475000,,,None,295143000,64316000,,None,,,,,645754000,645754000,-230827000,None,0.301,,643017000,1125862000,,,,,None,,,,,1.297,2.484,3.257,,,,,,,,0.142,,,2025-10-29,quarterly,1.53,USD,pre-market,None,,0.0313,0.112,0.125,29.17,None,,,,88.13,94.86,5.5172,,,,,,,3389100000,,22.87,,97.93,72.67
2025-12-28,ETR,4.06,12730047000.0,22.87,,0.616,37.31,,,,,,,,,,,,,,,None,1463307000,1463307000,,,,,,None,606080000,,2.41,0.026,,,,0.02,0.08,374943000,981023000,1.45,2024-06-30,21.14,,6190900000.0,1490313000,85366000,33634000,,,None,289577000,70587000,,None,,,,,51732000,51732000,-218990000,None,0.301,,872683000,617630000,,,,,None,,,,,1.297,2.484,3.257,,,,,,,,0.142,,,2025-10-29,quarterly,1.53,USD,pre-market,None,,0.0313,0.112,0.125,29.17,None,,,,88.13,94.86,5.5172,,,,,,,2953620000,,22.87,,97.93,72.67
2025-12-28,ETR,4.06,12730047000.0,22.87,,0.616,37.31,,,,,,,,,,,,,,,None,1570053000,1570053000,,,,,,None,600412000,,2.41,0.026,,,,0.02,0.08,364730000,965142000,1.45,2024-03-31,21.14,,6190900000.0,1224575000,97530000,20994000,,,None,267200000,150697000,,None,,,,,76536000,76536000,-116503000,None,0.301,,986593000,237982000,,,,,None,,,,,1.297,2.484,3.257,,,,,,,,0.142,,,2025-10-29,quarterly,1.53,USD,pre-market,None,,0.0313,0.112,0.125,29.17,None,,,,88.13,94.86,5.5172,,,,,,,2794628000,,22.87,,97.93,72.67
2025-12-28,ETR,4.06,12730047000.0,22.87,,0.616,37.31,,,,,,,,,,,,,,,None,1719926000,1719926000,,,,,,None,575939000,,2.41,0.026,,,,0.02,0.08,269289000,845228000,1.45,2023-12-31,21.14,,6190900000.0,1004879000,14931000,-973353000,,,None,254358000,66476000,,None,,,,,988284000,988284000,-187882000,None,0.301,,748322000,256557000,,,,,None,,,,,1.297,2.484,3.257,,,,,,,,0.142,,,2025-10-29,quarterly,1.53,USD,pre-market,None,,0.0313,0.112,0.125,29.17,None,,,,88.13,94.86,5.5172,,,,,,,2724805000,,22.87,,97.93,72.67
2025-12-28,ETR,4.06,12730047000.0,22.87,,0.616,37.31,,,,,,,,,,,,,,,None,1807687000,1807687000,,,,,,None,551697000,,2.41,0.026,,,,0.02,0.08,1152152000,1703849000,1.45,2023-09-30,21.14,,6190900000.0,1787835000,896711000,226997000,,,None,255441000,2562000,,None,,,,,669714000,669714000,-252879000,None,0.301,,644452000,1143383000,,,,,None,,,,,1.297,2.484,3.257,,,,,,,,0.142,,,2025-10-29,quarterly,1.53,USD,pre-market,None,,0.0313,0.112,0.125,29.17,None,,,,88.13,94.86,5.5172,,,,,,,3595522000,,22.87,,97.93,72.67
2025-12-28,ETR,4.06,12730047000.0,22.87,,0.616,37.31,,,,,,,,,,,,,,,None,1484932000,1484932000,,,,,,None,563619000,,2.41,0.026,,,,0.02,0.08,777678000,1341297000,1.45,2023-06-30,21.14,,6190900000.0,1361094000,526810000,134796000,,,None,250868000,45428000,,None,,,,,392014000,392014000,-205440000,None,0.301,,605167000,755927000,,,,,21751000,,,,,1.297,2.484,3.257,,,,,,,,0.142,,,2025-10-29,quarterly,1.53,USD,pre-market,None,,0.0313,0.112,0.125,29.17,183578000,,,,88.13,94.86,5.5172,,,,,,,2846026000,,22.87,,97.93,72.67
2025-12-28,ETR,4.06,12730047000.0,22.87,,0.616,37.31,,,,,,,,,,,,,,,None,1805431000,1805431000,,,,,,None,553224000,,2.41,0.026,,,,0.02,0.08,479062000,1032286000,1.45,2023-03-31,21.14,,6190900000.0,1175628000,233324000,-78975000,,,None,245738000,197479000,,None,,,,,312299000,312299000,-197479000,None,0.301,,713519000,462109000,,,,,16953000,,,,,1.297,2.484,3.257,,,,,,,,0.142,,,2025-10-29,quarterly,1.53,USD,pre-market,None,,0.0313,0.112,0.125,29.17,185437000,,,,88.13,94.86,5.5172,,,,,,,2981059000,,22.87,,97.93,72.67
2025-12-28,ETR,4.06,12730047000.0,22.87,,0.616,37.31,,,,,,,,,,,,,,,None,2178575000,2178575000,,,,,,None,522615000,,2.41,0.026,,,,0.02,0.08,361676000,884291000,1.45,2022-12-31,21.14,,6190900000.0,1093925000,167708000,70056000,,,None,193968000,193969000,,None,,,,,97652000,97652000,-193969000,None,0.301,,645047000,448878000,,,,,-44780000,,,,,1.297,2.484,3.257,,,,,,,,0.142,,,2025-10-29,quarterly,1.53,USD,pre-market,None,,0.0313,0.112,0.125,29.17,191090000,,,,88.13,94.86,5.5172,,,,,,,3272500000,,22.87,,97.93,72.67
2025-12-28,ETR,4.06,12730047000.0,22.87,,0.616,37.31,,,,,,,,,,,,,,,None,2614729000,2614729000,,,,,,None,553802000,,2.41,0.026,,,,0.02,0.08,967454000,1521256000,1.45,2022-09-30,21.14,,6190900000.0,1603886000,739994000,184112000,,,None,227460000,224494000,,None,,,,,555882000,555882000,-224494000,None,0.301,,649181000,954705000,,,,,12749000,,,,,1.297,2.484,3.257,,,,,,,,0.142,,,2025-10-29,quarterly,1.53,USD,pre-market,None,,0.0313,0.112,0.125,29.17,190056000,,,,88.13,94.86,5.5172,,,,,,,4218615000,,22.87,,97.93,72.67
2025-12-28,ETR,4.06,12730047000.0,22.87,,0.616,37.31,,,,,,,,,,,,,,,None,2037205000,2037205000,,,,,,None,552223000,,2.41,0.026,,,,0.02,0.08,130278000,682501000,1.45,2022-06-30,21.14,,6190900000.0,1357991000,-195632000,-359643000,,,None,325910000,325910000,,None,,,,,159703000,164011000,-325910000,None,0.301,,1276859000,81132000,,,,,-49903000,,,,,1.297,2.484,3.257,,,,,,,,0.142,,,2025-10-29,quarterly,1.53,USD,pre-market,None,,0.0313,0.112,0.125,29.17,172244000,,,,88.13,94.86,5.5172,,,,,,,3395196000,,22.87,,97.93,72.67
2025-12-28,ETR,4.06,12730047000.0,22.87,,0.616,37.31,,,,,,,,,,,,,,,None,1658378000,1658378000,,,,,,None,561731000,,2.41,0.026,,,,0.02,0.08,589534000,1151265000,1.45,2022-03-31,21.14,,6190900000.0,1219547000,346090000,66497000,,,None,243444000,243444000,,None,,,,,279593000,279593000,-243444000,None,0.301,,653487000,566060000,,,,,1556000,,,,,1.297,2.484,3.257,,,,,,,,0.142,,,2025-10-29,quarterly,1.53,USD,pre-market,None,,0.0313,0.112,0.125,29.17,180148000,,,,88.13,94.86,5.5172,,,,,,,2877925000,,22.87,,97.93,72.67
2025-12-28,ETR,4.06,12730047000.0,22.87,,0.616,37.31,,,,,,,,,,,,,,,None,1743331000,1743331000,,,,,,None,546621000,,2.41,0.026,,,,0.02,0.08,442895000,989516000,1.45,2021-12-31,21.14,,6190900000.0,979125000,230952000,-14434000,,,None,211943000,140709000,,None,,,,,258898000,245386000,-71234000,None,0.301,,637576000,341549000,,,,,101345000,,,,,1.297,2.484,3.257,,,,,,,,0.142,,,2025-10-29,quarterly,1.53,USD,pre-market,None,,0.0313,0.112,0.125,29.17,165330000,,,,88.13,94.86,5.5172,,,,,,,2722456000,,22.87,,97.93,72.67
2025-12-28,ETR,4.06,12730047000.0,22.87,,0.616,37.31,,,,,,,,,,,,,,,None,1793021000,1793021000,,,,,,None,546029000,,2.41,0.026,,,,0.02,0.08,903365000,1449394000,1.45,2021-09-30,21.14,,6190900000.0,1560511000,693865000,158282000,,,None,209500000,75112000,,None,,,,,535583000,535583000,-134388000,None,0.301,,732641000,827870000,,,,,75495000,,,,,1.297,2.484,3.257,,,,,,,,0.142,,,2025-10-29,quarterly,1.53,USD,pre-market,None,,0.0313,0.112,0.125,29.17,182347000,,,,88.13,94.86,5.5172,,,,,,,3353532000,,22.87,,97.93,72.67
2025-12-28,ETR,4.06,12730047000.0,22.87,,0.616,37.31,,,,,,,,,,,,,,,None,1703253000,1703253000,,,,,,None,569723000,,2.41,0.026,,,,0.02,0.08,193566000,763289000,1.45,2021-06-30,21.14,,6190900000.0,1118817000,-19810000,-18416000,,,None,213376000,142047000,,None,,,,,-1394000,-1394000,-142047000,None,0.301,,950609000,168208000,,,,,25358000,,,,,1.297,2.484,3.257,,,,,,,,0.142,,,2025-10-29,quarterly,1.53,USD,pre-market,None,,0.0313,0.112,0.125,29.17,155911000,,,,88.13,94.86,5.5172,,,,,,,2822070000,,22.87,,97.93,72.67
2025-12-28,ETR,4.06,12730047000.0,22.87,,0.616,37.31,,,,,,,,,,,,,,,None,1631426000,1631426000,,,,,,None,580571000,,2.41,0.026,,,,0.02,0.08,604960000,1185531000,1.45,2021-03-31,21.14,,6190900000.0,1213412000,405087000,65942000,,,None,199873000,143315000,,None,,,,,339145000,339145000,-56558000,None,0.301,,705415000,507997000,,,,,96963000,,,,,1.297,2.484,3.257,,,,,,,,0.142,,,2025-10-29,quarterly,1.53,USD,pre-market,None,,0.0313,0.112,0.125,29.17,156702000,,,,88.13,94.86,5.5172,,,,,,,2844838000,,22.87,,97.93,72.67
2025-12-28,ETR,4.06,12730047000.0,22.87,,0.616,37.31,,,,,,,,,,,,,,,None,1472670000,1472670000,,,,,,None,562846000,,2.41,0.026,,,,0.02,0.08,297807000,860653000,1.45,2020-12-31,21.14,,6190900000.0,897432000,103676000,-288872000,,,None,194131000,2861000,,None,,,,,392548000,392547000,2861000,None,0.301,,745321000,152111000,,,,,145695000,,,,,1.297,2.484,3.257,,,,,,,,0.142,,,2025-10-29,quarterly,1.53,USD,pre-market,None,,0.0313,0.112,0.125,29.17,152475000,,,,88.13,94.86,5.5172,,,,,,,2370101000,,22.87,,97.93,72.67
2025-12-28,ETR,4.06,12730047000.0,22.87,,0.616,37.31,,,,,,,,,,,,,,,None,1482313000,1482313000,,,,,,None,563692000,,2.41,0.026,,,,0.02,0.08,871874000,1435566000,1.45,2020-09-30,21.14,,6190900000.0,1421255000,675143000,149444000,,,None,196731000,68874000,,None,,,,,525699000,525699000,-68874000,None,0.301,,643239000,778016000,,,,,93858000,,,,,1.297,2.484,3.257,,,,,,,,0.142,,,2025-10-29,quarterly,1.53,USD,pre-market,None,,0.0313,0.112,0.125,29.17,171425000,,,,88.13,94.86,5.5172,,,,,,,2903568000,,22.87,,97.93,72.67
2025-12-28,ETR,4.06,12730047000.0,22.87,,0.616,37.31,,,,,,,,,,,,,,,None,1334121000,1334121000,,,,,,None,562616000,,2.41,0.026,,,,0.02,0.08,658884000,1221500000,1.45,2020-06-30,21.14,,6190900000.0,1078667000,454228000,89115000,,,None,204656000,284823000,,None,,,,,365113000,365113000,80167000,None,0.301,,639356000,439311000,,,,,219573000,,,,,1.297,2.484,3.257,,,,,,,,0.142,,,2025-10-29,quarterly,1.53,USD,pre-market,None,,0.0313,0.112,0.125,29.17,158646000,,,,88.13,94.86,5.5172,,,,,,,2412788000,,22.87,,97.93,72.67
2025-12-28,ETR,4.06,12730047000.0,22.87,,0.616,37.31,,,,,,,,,,,,,,,None,1366319000,1366319000,,,,,,None,568596000,,2.41,0.026,,,,0.02,0.08,459098000,1027694000,1.45,2020-03-31,21.14,,6190900000.0,1060860000,52100000,-71194000,,,None,406998000,216853000,,None,,,,,123294000,123294000,-406998000,None,0.301,,661104000,399756000,,,,,-157511000,,,,,1.297,2.484,3.257,,,,,,,,0.142,,,2025-10-29,quarterly,1.53,USD,pre-market,None,,0.0313,0.112,0.125,29.17,170294000,,,,88.13,94.86,5.5172,,,,,,,2427179000,,22.87,,97.93,72.67
2025-12-28,ETR,4.06,12730047000.0,22.87,,0.616,37.31,,,,,,,,,,,,,,,None,1571443000,1571443000,,,,,,None,547636000,,2.41,0.026,,,,0.02,0.08,334292000,881928000,1.45,2019-12-31,21.14,,6190900000.0,890863000,146350000,-243255000,,,None,187942000,141249000,,None,,,,,385025000,389606000,-46693000,None,0.301,,642323000,248540000,,,,,85753000,,,,,1.297,2.484,3.257,,,,,,,,0.142,,,2025-10-29,quarterly,1.53,USD,pre-market,None,,0.0313,0.112,0.125,29.17,156031000,,,,88.13,94.86,5.5172,,,,,,,2462306000,,22.87,,97.93,72.67
2025-12-28,ETR,4.06,12730047000.0,22.87,,0.616,37.31,,,,,,,,,,,,,,,None,1771018000,1771018000,,,,,,None,565870000,,2.41,0.026,,,,0.02,0.08,585299000,1151169000,1.45,2019-09-30,21.14,,6190900000.0,1369557000,398660000,29201000,,,None,186639000,82295000,,None,,,,,365240000,369459000,-104344000,None,0.301,,849628000,519929000,,,,,65370000,,,,,1.297,2.484,3.257,,,,,,,,0.142,,,2025-10-29,quarterly,1.53,USD,pre-market,None,,0.0313,0.112,0.125,29.17,165731000,,,,88.13,94.86,5.5172,,,,,,,3140575000,,22.87,,97.93,72.67
2025-12-28,ETR,4.06,12730047000.0,22.87,,0.616,37.31,,,,,,,,,,,,,,,None,1706016000,1706016000,,,,,,None,538583000,,2.41,0.026,,,,0.02,0.08,426292000,964875000,1.45,2019-06-30,21.14,,6190900000.0,960193000,241991000,1458000,,,None,184301000,96218000,,None,,,,,236424000,240533000,-88083000,None,0.301,,621418000,338775000,,,,,87517000,,,,,1.297,2.484,3.257,,,,,,,,0.142,,,2025-10-29,quarterly,1.53,USD,pre-market,None,,0.0313,0.112,0.125,29.17,163408000,,,,88.13,94.86,5.5172,,,,,,,2666209000,,22.87,,97.93,72.67
2025-12-28,ETR,4.06,12730047000.0,22.87,,0.616,37.31,,,,,,,,,,,,,,,None,1651329000,1651329000,,,,,,None,530224000,,2.41,0.026,,,,0.02,0.08,484961000,1015185000,1.45,2019-03-31,21.14,,6190900000.0,958255000,301417000,42771000,,,None,183544000,44605000,,None,,,,,254537000,258646000,44605000,None,0.301,,675001000,283254000,,,,,201707000,,,,,1.297,2.484,3.257,,,,,,,,0.142,,,2025-10-29,quarterly,1.53,USD,pre-market,None,,0.0313,0.112,0.125,29.17,158575000,,,,88.13,94.86,5.5172,,,,,,,2609584000,,22.87,,97.93,72.67
2025-12-28,ETR,4.06,12730047000.0,22.87,,0.616,37.31,,,,,,,,,,,,,,,None,2057494000,2057494000,,,,,,None,523211000,,2.41,0.026,,,,0.02,0.08,-399234000,123977000,1.45,2018-12-31,21.14,,6190900000.0,454988000,-579211000,-516889000,,,None,179977000,None,,None,,,,,-62322000,-62323000,None,None,0.301,,683920000,-228932000,,,,,-170302000,,,,,1.297,2.484,3.257,,,,,,,,0.142,,,2025-10-29,quarterly,1.53,USD,pre-market,0,,0.0313,0.112,0.125,29.17,2427489000,,,,88.13,94.86,5.5172,,,,,,,2512482000,,22.87,,97.93,72.67
2025-12-28,ETR,4.06,12730047000.0,22.87,,0.616,37.31,,,,,,,,,,,,,,,None,2060599000,2060599000,,,,,,None,489735000,,2.41,0.026,,,,0.02,0.08,436879000,926614000,1.45,2018-09-30,21.14,,6190900000.0,1043720000,256812000,-283006000,,,None,180067000,None,,None,,,,,536379000,539818000,None,None,0.301,,772685000,271035000,,,,,165844000,,,,,1.297,2.484,3.257,,,,,,,,0.142,,,2025-10-29,quarterly,1.53,USD,pre-market,0,,0.0313,0.112,0.125,29.17,161916000,,,,88.13,94.86,5.5172,,,,,,,3104319000,,22.87,,97.93,72.67
2025-12-28,ETR,4.06,12730047000.0,22.87,,0.616,37.31,,,,,,,,,,,,,,,None,1758299000,1758299000,,,,,,None,502428000,,2.41,0.026,,,,0.02,0.08,145910000,648338000,1.45,2018-06-30,21.14,,6190900000.0,910471000,-31736000,-280596000,,,None,177646000,None,,None,,,,,245421000,248860000,None,None,0.301,,818874000,91597000,,,,,54313000,,,,,1.297,2.484,3.257,,,,,,,,0.142,,,2025-10-29,quarterly,1.53,USD,pre-market,0,,0.0313,0.112,0.125,29.17,998650000,,,,88.13,94.86,5.5172,,,,,,,2668770000,,22.87,,97.93,72.67
2025-12-28,ETR,4.06,12730047000.0,22.87,,0.616,37.31,,,,,,,,,,,,,,,None,1665664000,1665664000,,,,,,None,525181000,,2.41,0.026,,,,0.02,0.08,349521000,874702000,1.45,2018-03-31,21.14,,6190900000.0,1058217000,179863000,43663000,,,None,169658000,None,,None,,,,,132761000,136200000,None,None,0.301,,722553000,335664000,,,,,13857000,,,,,1.297,2.484,3.257,,,,,,,,0.142,,,2025-10-29,quarterly,1.53,USD,pre-market,0,,0.0313,0.112,0.125,29.17,948803000,,,,88.13,94.86,5.5172,,,,,,,2723881000,,22.87,,97.93,72.67
2025-12-28,ETR,4.06,12730047000.0,22.87,,0.616,37.31,,,,,,,,,,,,,,,None,1902796000,1902796000,,,,,,None,517013000,,2.41,0.026,,,,0.02,0.08,324957000,841970000,1.45,2017-12-31,21.14,,6190900000.0,721049000,154414000,630125000,,,None,170543000,None,,None,,,,,-475711000,985027000,None,None,0.301,,509148000,211901000,,,,,None,,,,,1.297,2.484,3.257,,,,,,,,0.142,,,2025-10-29,quarterly,1.53,USD,pre-market,0,,0.0313,0.112,0.125,29.17,5900000,,,,88.13,94.86,5.5172,,,,,,,2623845000,,22.87,,97.93,72.67
2025-12-28,ETR,4.06,12730047000.0,22.87,,0.616,37.31,,,,,,,,,,,,,,,None,1855585000,1855585000,,,,,,None,518894000,,2.41,0.026,,,,0.02,0.08,810338000,1329232000,1.45,2017-09-30,21.14,,6190900000.0,1388043000,643439000,241795000,,,None,166899000,None,,None,,,,,398198000,401644000,None,None,0.301,,629040000,759003000,,,,,80869000,,,,,1.297,2.484,3.257,,,,,,,,0.142,,,2025-10-29,quarterly,1.53,USD,pre-market,0,,0.0313,0.112,0.125,29.17,964009000,,,,88.13,94.86,5.5172,,,,,,,3243628000,,22.87,,97.93,72.67
2025-12-28,ETR,4.06,12730047000.0,22.87,,0.616,37.31,,,,,,,,,,,,,,,None,1839270000,1839270000,,,,,,None,511298000,,2.41,0.026,,,,0.02,0.08,239110000,750408000,1.45,2017-06-30,21.14,,6190900000.0,779280000,76256000,-337112000,,,None,162854000,None,,None,,,,,409922000,413368000,None,None,0.301,,610441000,168839000,,,,,95601000,,,,,1.297,2.484,3.257,,,,,,,,0.142,,,2025-10-29,quarterly,1.53,USD,pre-market,0,,0.0313,0.112,0.125,29.17,973561000,,,,88.13,94.86,5.5172,,,,,,,2618550000,,22.87,,97.93,72.67
2025-12-28,ETR,4.06,12730047000.0,22.87,,0.616,37.31,,,,,,,,,,,,,,,None,1876545000,1876545000,,,,,,None,531373000,,2.41,0.026,,,,0.02,0.08,255861000,787234000,1.45,2017-03-31,21.14,,6190900000.0,711913000,93814000,7763000,,,None,162047000,None,,None,,,,,82605000,86051000,None,None,0.301,,516420000,195493000,,,,,None,,,,,1.297,2.484,3.257,,,,,,,,0.142,,,2025-10-29,quarterly,1.53,USD,pre-market,0,,0.0313,0.112,0.125,29.17,0,,,,88.13,94.86,5.5172,,,,,,,2588458000,,22.87,,97.93,72.67
2025-12-28,ETR,4.06,12730047000.0,22.87,,0.616,37.31,,,,,,,,,,,,,,,None,4630758000,4630758000,,,,,,None,574419000,,2.41,0.026,,,,0.02,0.08,-2567130000,-1992711000,1.45,2016-12-31,21.14,,6190900000.0,-1982231000,-2731677000,-966138000,,,None,164546000,None,,None,,,,,-1765538000,35223000,None,None,0.301,,616770000,-2599001000,,,,,None,,,,,1.297,2.484,3.257,,,,,,,,0.142,,,2025-10-29,quarterly,1.53,USD,pre-market,0,,0.0313,0.112,0.125,29.17,5300000,,,,88.13,94.86,5.5172,,,,,,,2648527000,,22.87,,97.93,72.67
2025-12-28,ETR,4.06,12730047000.0,22.87,,0.616,37.31,,,,,,,,,,,,,,,None,1744789000,1744789000,,,,,,None,536119000,,2.41,0.026,,,,0.02,0.08,818305000,1354424000,1.45,2016-09-30,21.14,,6190900000.0,1379914000,651110000,257906000,,,None,167195000,None,,None,,,,,388170000,393204000,None,None,0.301,,607854000,772060000,,,,,46245000,,,,,1.297,2.484,3.257,,,,,,,,0.142,,,2025-10-29,quarterly,1.53,USD,pre-market,0,,0.0313,0.112,0.125,29.17,982252000,,,,88.13,94.86,5.5172,,,,,,,3124703000,,22.87,,97.93,72.67
2025-12-28,ETR,4.06,12730047000.0,22.87,,0.616,37.31,,,,,,,,,,,,,,,None,1437409000,1437409000,,,,,,None,512505000,,2.41,0.026,,,,0.02,0.08,494116000,1006621000,1.45,2016-06-30,21.14,,6190900000.0,1025153000,323617000,-248973000,,,None,170499000,None,,None,,,,,567314000,-368378000,None,None,0.301,,582895000,442258000,,,,,None,,,,,1.297,2.484,3.257,,,,,,,,0.142,,,2025-10-29,quarterly,1.53,USD,pre-market,0,,0.0313,0.112,0.125,29.17,0,,,,88.13,94.86,5.5172,,,,,,,2462562000,,22.87,,97.93,72.67
2025-12-28,ETR,4.06,12730047000.0,22.87,,0.616,37.31,,,,,,,,,,,,,,,None,1557796000,1557796000,,,,,,None,500248000,,2.41,0.026,,,,0.02,0.08,539316000,1039564000,1.45,2016-03-31,21.14,,6190900000.0,1052056000,375187000,139945000,,,None,164129000,None,,None,,,,,229966000,235242000,None,None,0.301,,553838000,498218000,,,,,41098000,,,,,1.297,2.484,3.257,,,,,,,,0.142,,,2025-10-29,quarterly,1.53,USD,pre-market,0,,0.0313,0.112,0.125,29.17,881693000,,,,88.13,94.86,5.5172,,,,,,,2609852000,,22.87,,97.93,72.67
2025-12-28,ETR,4.06,12730047000.0,22.87,,0.616,37.31,,,,,,,,,,,,,,,None,2226691000,2226691000,,,,,,None,504546000,,2.41,0.026,,,,0.02,0.08,-261293000,243253000,1.45,2015-12-31,21.14,,6190900000.0,281832000,-420666000,-525515000,,,None,159373000,None,,None,,,,,99573000,104848000,None,None,0.301,,536133000,-254301000,,,,,-6992000,,,,,1.297,2.484,3.257,,,,,,,,0.142,,,2025-10-29,quarterly,1.53,USD,pre-market,0,,0.0313,0.112,0.125,29.17,1052001000,,,,88.13,94.86,5.5172,,,,,,,2508523000,,22.87,,97.93,72.67
2025-12-28,ETR,4.06,12730047000.0,22.87,,0.616,37.31,,,,,,,,,,,,,,,None,3752399000,3752399000,,,,,,None,542802000,,2.41,0.026,,,,0.02,0.08,-921838000,-379036000,1.45,2015-09-30,21.14,,6190900000.0,-380993000,-1085898000,-367665000,,,None,164060000,None,,None,,,,,-718233000,-718233000,None,None,0.301,,584023000,-965016000,,,,,43178000,,,,,1.297,2.484,3.257,,,,,,,,0.142,,,2025-10-29,quarterly,1.53,USD,pre-market,0,,0.0313,0.112,0.125,29.17,1010519000,,,,88.13,94.86,5.5172,,,,,,,3371406000,,22.87,,97.93,72.67
2025-12-28,ETR,4.06,12730047000.0,22.87,,0.616,37.31,,,,,,,,,,,,,,,None,1767632000,1767632000,,,,,,None,543880000,,2.41,0.026,,,,0.02,0.08,413319000,957199000,1.45,2015-06-30,21.14,,6190900000.0,945599000,253503000,99781000,,,None,159816000,None,,None,,,,,148843000,153722000,None,None,0.301,,568216000,377383000,,,,,35936000,,,,,1.297,2.484,3.257,,,,,,,,0.142,,,2025-10-29,quarterly,1.53,USD,pre-market,0,,0.0313,0.112,0.125,29.17,984250000,,,,88.13,94.86,5.5172,,,,,,,2713231000,,22.87,,97.93,72.67
2025-12-28,ETR,4.06,12730047000.0,22.87,,0.616,37.31,,,,,,,,,,,,,,,None,1807456000,1807456000,,,,,,None,526008000,,2.41,0.026,,,,0.02,0.08,613620000,1139628000,1.45,2015-03-31,21.14,,6190900000.0,1112634000,453400000,150471000,,,None,160220000,None,,None,,,,,298050000,302929000,None,None,0.301,,569865000,542769000,,,,,70851000,,,,,1.297,2.484,3.257,,,,,,,,0.142,,,2025-10-29,quarterly,1.53,USD,pre-market,0,,0.0313,0.112,0.125,29.17,927633000,,,,88.13,94.86,5.5172,,,,,,,2920090000,,22.87,,97.93,72.67
2025-12-28,ETR,4.06,12730047000.0,22.87,,0.616,37.31,,,,,,,,,,,,,,,None,1983443000,1983443000,,,,,,None,542345000,,2.41,0.026,,,,0.02,0.08,367477000,909822000,1.45,2014-12-31,21.14,,6190900000.0,847875000,207130000,82123000,,,None,160347000,None,,None,,,,,120127000,125007000,None,None,0.301,,528202000,319673000,,,,,47801000,,,,,1.297,2.484,3.257,,,,,,,,0.142,,,2025-10-29,quarterly,1.53,USD,pre-market,0,,0.0313,0.112,0.125,29.17,1051675000,,,,88.13,94.86,5.5172,,,,,,,2831318000,,22.87,,97.93,72.67
2025-12-28,ETR,4.06,12730047000.0,22.87,,0.616,37.31,,,,,,,,,,,,,,,None,2401432000,2401432000,,,,,,None,543577000,,2.41,0.026,,,,0.02,0.08,552499000,1096076000,1.45,2014-09-30,21.14,,6190900000.0,1056678000,396681000,161765000,,,None,155818000,None,,None,,,,,230037000,234916000,None,None,0.301,,563819000,492859000,,,,,59640000,,,,,1.297,2.484,3.257,,,,,,,,0.142,,,2025-10-29,quarterly,1.53,USD,pre-market,0,,0.0313,0.112,0.125,29.17,1001674000,,,,88.13,94.86,5.5172,,,,,,,3458110000,,22.87,,97.93,72.67
2025-12-28,ETR,4.06,12730047000.0,22.87,,0.616,37.31,,,,,,,,,,,,,,,None,2005085000,2005085000,,,,,,None,525528000,,2.41,0.026,,,,0.02,0.08,478835000,1004363000,1.45,2014-06-30,21.14,,6190900000.0,991565000,323024000,128743000,,,None,155811000,None,,None,,,,,189383000,194281000,None,None,0.301,,537088000,454477000,,,,,24358000,,,,,1.297,2.484,3.257,,,,,,,,0.142,,,2025-10-29,quarterly,1.53,USD,pre-market,0,,0.0313,0.112,0.125,29.17,969345000,,,,88.13,94.86,5.5172,,,,,,,2996650000,,22.87,,97.93,72.67
2025-12-28,ETR,4.06,12730047000.0,22.87,,0.616,37.31,,,,,,,,,,,,,,,None,1915980000,1915980000,,,,,,None,516442000,,2.41,0.026,,,,0.02,0.08,778550000,1294992000,1.45,2014-03-31,21.14,,6190900000.0,1292863000,623019000,216966000,,,None,155531000,None,,None,,,,,401174000,406053000,None,None,0.301,,552986000,739877000,,,,,38673000,,,,,1.297,2.484,3.257,,,,,,,,0.142,,,2025-10-29,quarterly,1.53,USD,pre-market,0,,0.0313,0.112,0.125,29.17,892448000,,,,88.13,94.86,5.5172,,,,,,,3208843000,,22.87,,97.93,72.67
2025-12-28,ETR,4.06,12730047000.0,22.87,,0.616,37.31,,,,,,,,,,,,,,,None,1939564000,1939564000,,,,,,None,539091000,,2.41,0.026,,,,0.02,0.08,319178000,858269000,1.45,2013-12-31,21.14,,6190900000.0,752342000,163132000,11779000,,,None,156047000,None,,None,,,,,146929000,0,None,None,0.301,,526795000,225547000,,,,,None,,,,,1.297,2.484,3.257,,,,,,,,0.142,,,2025-10-29,quarterly,1.53,USD,pre-market,0,,0.0313,0.112,0.125,29.17,0,,,,88.13,94.86,5.5172,,,,,,,2691906000,,22.87,,97.93,72.67
2025-12-28,ETR,4.06,12730047000.0,22.87,,0.616,37.31,,,,,,,,,,,,,,,None,2406410000,2406410000,,,,,,None,524035000,,2.41,0.026,,,,0.02,0.08,419786000,943821000,1.45,2013-09-30,21.14,,6190900000.0,945549000,268735000,24553000,,,None,151051000,None,,None,,,,,239850000,244182000,None,None,0.301,,556655000,388894000,,,,,30892000,,,,,1.297,2.484,3.257,,,,,,,,0.142,,,2025-10-29,quarterly,1.53,USD,pre-market,0,,0.0313,0.112,0.125,29.17,996298000,,,,88.13,94.86,5.5172,,,,,,,3351959000,,22.87,,97.93,72.67
2025-12-28,ETR,4.06,12730047000.0,22.87,,0.616,37.31,,,,,,,,,,,,,,,None,1886011000,1886011000,,,,,,None,476017000,,2.41,0.026,,,,0.02,0.08,390145000,866162000,1.45,2013-06-30,21.14,,6190900000.0,852197000,241168000,73113000,,,None,148977000,None,,None,,,,,163723000,168055000,None,None,0.301,,505685000,346512000,,,,,43633000,,,,,1.297,2.484,3.257,,,,,,,,0.142,,,2025-10-29,quarterly,1.53,USD,pre-market,0,,0.0313,0.112,0.125,29.17,989083000,,,,88.13,94.86,5.5172,,,,,,,2738208000,,22.87,,97.93,72.67
2025-12-28,ETR,4.06,12730047000.0,22.87,,0.616,37.31,,,,,,,,,,,,,,,None,1698439000,1698439000,,,,,,None,472933000,,2.41,0.026,,,,0.02,0.08,431479000,904412000,1.45,2013-03-31,21.14,,6190900000.0,910435000,283518000,116536000,,,None,147961000,None,,None,,,,,161400000,0,None,None,0.301,,516390000,394045000,,,,,None,,,,,1.297,2.484,3.257,,,,,,,,0.142,,,2025-10-29,quarterly,1.53,USD,pre-market,0,,0.0313,0.112,0.125,29.17,0,,,,88.13,94.86,5.5172,,,,,,,2608874000,,22.87,,97.93,72.67
2025-12-28,ETR,4.06,12730047000.0,22.87,,0.616,37.31,,,,,,,,,,,,,,,None,4215782000,4215782000,,,,,,None,477982000,,2.41,0.026,,,,0.02,0.08,367564000,845546000,1.45,2012-12-31,21.14,,6190900000.0,-1779523000,222565000,-79285000,,,None,144999000,None,,None,,,,,296268000,0,None,None,0.301,,-2103725000,324202000,,,,,None,,,,,1.297,2.484,3.257,,,,,,,,0.142,,,2025-10-29,quarterly,1.53,USD,pre-market,0,,0.0313,0.112,0.125,29.17,288768000,,,,88.13,94.86,5.5172,,,,,,,2436259000,,22.87,,97.93,72.67
2025-12-28,ETR,4.06,12730047000.0,22.87,,0.616,37.31,,,,,,,,,,,,,,,None,1760646000,1760646000,,,,,,None,461005000,,2.41,0.026,,,,0.02,0.08,722970000,1183975000,1.45,2012-09-30,21.14,,6190900000.0,1202914000,575173000,232503000,,,None,147797000,None,,None,,,,,337088000,0,None,None,0.301,,512062000,690852000,,,,,None,,,,,1.297,2.484,3.257,,,,,,,,0.142,,,2025-10-29,quarterly,1.53,USD,pre-market,0,,0.0313,0.112,0.125,29.17,81273000,,,,88.13,94.86,5.5172,,,,,,,2963560000,,22.87,,97.93,72.67
2025-12-28,ETR,4.06,12730047000.0,22.87,,0.616,37.31,,,,,,,,,,,,,,,None,1613158000,1613158000,,,,,,None,382653000,,2.41,0.026,,,,0.02,0.08,387515000,770168000,1.45,2012-06-30,21.14,,6190900000.0,905442000,248382000,-122201000,,,None,139133000,None,,None,,,,,365001000,0,None,None,0.301,,562458000,342984000,,,,,None,,,,,1.297,2.484,3.257,,,,,,,,0.142,,,2025-10-29,quarterly,1.53,USD,pre-market,0,,0.0313,0.112,0.125,29.17,149592000,,,,88.13,94.86,5.5172,,,,,,,2518600000,,22.87,,97.93,72.67
2025-12-28,ETR,4.06,12730047000.0,22.87,,0.616,37.31,,,,,,,,,,,,,,,None,1964846000,1964846000,,,,,,None,450009000,,2.41,0.026,,,,0.02,0.08,-9548000,440461000,1.45,2012-03-31,21.14,,6190900000.0,418813000,-146902000,-162000,,,None,137354000,None,,None,,,,,-146740000,0,None,None,0.301,,475670000,-56857000,,,,,None,,,,,1.297,2.484,3.257,,,,,,,,0.142,,,2025-10-29,quarterly,1.53,USD,pre-market,0,,0.0313,0.112,0.125,29.17,57903000,,,,88.13,94.86,5.5172,,,,,,,2383659000,,22.87,,97.93,72.67
2025-12-28,ETR,4.06,12730047000.0,22.87,,0.616,37.31,,,,,,,,,,,,,,,None,911595000,911595000,,,,,,None,429725000,,2.41,0.026,,,,0.02,0.08,419651000,849376000,1.45,2011-12-31,21.14,,6190900000.0,1577437000,250217000,90191000,,,None,169434000,None,,None,,,,,154139000,0,None,None,0.301,,1234742000,342695000,,,,,None,,,,,1.297,2.484,3.257,,,,,,,,0.142,,,2025-10-29,quarterly,1.53,USD,pre-market,0,,0.0313,0.112,0.125,29.17,23366000,,,,88.13,94.86,5.5172,,,,,,,2489032000,,22.87,,97.93,72.67
2025-12-28,ETR,4.06,12730047000.0,22.87,,0.616,37.31,,,,,,,,,,,,,,,None,1389883000,1389883000,,,,,,None,463702000,,2.41,0.026,,,,0.02,0.08,641526000,1105228000,1.45,2011-09-30,21.14,,6190900000.0,2005670000,513938000,-119131000,,,None,127588000,None,,None,,,,,628054000,0,None,None,0.301,,1404761000,600909000,,,,,None,,,,,1.297,2.484,3.257,,,,,,,,0.142,,,2025-10-29,quarterly,1.53,USD,pre-market,0,,0.0313,0.112,0.125,29.17,56467000,,,,88.13,94.86,5.5172,,,,,,,3395553000,,22.87,,97.93,72.67
2025-12-28,ETR,4.06,12730047000.0,22.87,,0.616,37.31,,,,,,,,,,,,,,,None,1077526000,1077526000,,,,,,None,429617000,,2.41,0.026,,,,0.02,0.08,598450000,1028067000,1.45,2011-06-30,21.14,,6190900000.0,1725753000,471551000,150953000,,,None,126899000,None,,None,,,,,315583000,0,None,None,0.301,,1167015000,558738000,,,,,None,,,,,1.297,2.484,3.257,,,,,,,,0.142,,,2025-10-29,quarterly,1.53,USD,pre-market,0,,0.0313,0.112,0.125,29.17,55497000,,,,88.13,94.86,5.5172,,,,,,,2803279000,,22.87,,97.93,72.67
2025-12-28,ETR,4.06,12730047000.0,22.87,,0.616,37.31,,,,,,,,,,,,,,,None,934296000,934296000,,,,,,None,422411000,,2.41,0.026,,,,0.02,0.08,554062000,976473000,1.45,2011-03-31,21.14,,6190900000.0,1606912000,417928000,164250000,,,None,136134000,None,,None,,,,,248663000,0,None,None,0.301,,1096021000,510891000,,,,,None,,,,,1.297,2.484,3.257,,,,,,,,0.142,,,2025-10-29,quarterly,1.53,USD,pre-market,0,,0.0313,0.112,0.125,29.17,55265000,,,,88.13,94.86,5.5172,,,,,,,2541208000,,22.87,,97.93,72.67
2025-12-28,ETR,4.06,12730047000.0,22.87,,0.616,37.31,,,,,,,,,,,,,,,None,927594000,927594000,,,,,,None,445788000,,2.41,0.026,,,,0.02,0.08,469171000,914959000,1.45,2010-12-31,21.14,,6190900000.0,1605510000,314318000,81012000,,,None,154853000,None,,None,,,,,228291000,0,None,None,0.301,,1211730000,393780000,,,,,None,,,,,1.297,2.484,3.257,,,,,,,,0.142,,,2025-10-29,quarterly,1.53,USD,pre-market,0,,0.0313,0.112,0.125,29.17,54313000,,,,88.13,94.86,5.5172,,,,,,,2533104000,,22.87,,97.93,72.67
2025-12-28,ETR,4.06,12730047000.0,22.87,,0.616,37.31,,,,,,,,,,,,,,,None,1298442000,1298442000,,,,,,None,427758000,,2.41,0.026,,,,0.02,0.08,809663000,1237421000,1.45,2010-09-30,21.14,,6190900000.0,2033734000,682537000,184636000,,,None,127126000,None,,None,,,,,492886000,0,None,None,0.301,,1263092000,770642000,,,,,None,,,,,1.297,2.484,3.257,,,,,,,,0.142,,,2025-10-29,quarterly,1.53,USD,pre-market,0,,0.0313,0.112,0.125,29.17,53380000,,,,88.13,94.86,5.5172,,,,,,,3332176000,,22.87,,97.93,72.67
2025-12-28,ETR,4.06,12730047000.0,22.87,,0.616,37.31,,,,,,,,,,,,,,,None,1112225000,1112225000,,,,,,None,408353000,,2.41,0.026,,,,0.02,0.08,662046000,1070399000,1.45,2010-06-30,21.14,,6190900000.0,1750725000,524190000,203907000,,,None,137856000,None,,None,,,,,315266000,320283000,None,None,0.301,,1124484000,626241000,,,,,35805000,,,,,1.297,2.484,3.257,,,,,,,,0.142,,,2025-10-29,quarterly,1.53,USD,pre-market,0,,0.0313,0.112,0.125,29.17,52467000,,,,88.13,94.86,5.5172,,,,,,,2862950000,,22.87,,97.93,72.67
2025-12-28,ETR,4.06,12730047000.0,22.87,,0.616,37.31,,,,,,,,,,,,,,,None,1095860000,1095860000,,,,,,None,423432000,,2.41,0.026,,,,0.02,0.08,537697000,961129000,1.45,2010-03-31,21.14,,6190900000.0,1663487000,366499000,147685000,,,None,171198000,None,,None,,,,,213799000,0,None,None,0.301,,1186773000,476714000,,,,,None,,,,,1.297,2.484,3.257,,,,,,,,0.142,,,2025-10-29,quarterly,1.53,USD,pre-market,0,,0.0313,0.112,0.125,29.17,51576000,,,,88.13,94.86,5.5172,,,,,,,2759347000,,22.87,,97.93,72.67
2025-12-28,ETR,4.06,12730047000.0,22.87,,0.616,37.31,,,,,,,,,,,,,,,None,805715000,805715000,,,,,,None,334537000,,2.41,0.026,,,,0.02,0.08,370274000,704811000,1.45,2009-12-31,21.14,,6190900000.0,1692939000,417379000,98639000,,,None,77709000,None,,None,,,,,313775000,0,None,None,0.301,,1189738000,503201000,,,,,None,,,,,1.297,2.484,3.257,,,,,,,,0.142,,,2025-10-29,quarterly,1.53,USD,pre-market,0,,0.0313,0.112,0.125,29.17,0,,,,88.13,94.86,5.5172,,,,,,,2498654000,,22.87,,97.93,72.67
2025-12-28,ETR,4.06,12730047000.0,22.87,,0.616,37.31,,,,,,,,,,,,,,,None,1008878000,1008878000,,,,,,None,378910000,,2.41,0.026,,,,0.02,0.08,870713000,1249623000,1.45,2009-09-30,21.14,,6190900000.0,1928217000,740581000,280414000,,,None,130132000,None,,None,,,,,455169000,0,None,None,0.301,,1127913000,800304000,,,,,None,,,,,1.297,2.484,3.257,,,,,,,,0.142,,,2025-10-29,quarterly,1.53,USD,pre-market,0,,0.0313,0.112,0.125,29.17,0,,,,88.13,94.86,5.5172,,,,,,,2937095000,,22.87,,97.93,72.67
2025-12-28,ETR,4.06,12730047000.0,22.87,,0.616,37.31,,,,,,,,,,,,,,,None,904224000,904224000,,,,,,None,348761000,,2.41,0.026,,,,0.02,0.08,475096000,823857000,1.45,2009-06-30,21.14,,6190900000.0,1616565000,322452000,90641000,,,None,152644000,None,,None,,,,,226813000,0,None,None,0.301,,1142069000,474496000,,,,,None,,,,,1.297,2.484,3.257,,,,,,,,0.142,,,2025-10-29,quarterly,1.53,USD,pre-market,0,,0.0313,0.112,0.125,29.17,0,,,,88.13,94.86,5.5172,,,,,,,2520789000,,22.87,,97.93,72.67
2025-12-28,ETR,4.06,12730047000.0,22.87,,0.616,37.31,,,,,,,,,,,,,,,None,1226366000,1226366000,,,,,,None,348444000,,2.41,0.026,,,,0.02,0.08,550637000,899081000,1.45,2009-03-31,21.14,,6190900000.0,1562746000,403379000,163046000,,,None,147258000,None,,None,,,,,235335000,0,None,None,0.301,,1056219000,506527000,,,,,None,,,,,1.297,2.484,3.257,,,,,,,,0.142,,,2025-10-29,quarterly,1.53,USD,pre-market,0,,0.0313,0.112,0.125,29.17,0,,,,88.13,94.86,5.5172,,,,,,,2789112000,,22.87,,97.93,72.67
2025-12-28,ETR,4.06,12730047000.0,22.87,,0.616,37.31,,,,,,,,,,,,,,,None,1620258000,1620258000,,,,,,None,323324000,,2.41,0.026,,,,0.02,0.08,356733000,680057000,1.45,2008-12-31,21.14,,6190900000.0,1380610000,249285000,58742000,,,None,168600000,None,,None,,,,,185545000,0,None,None,0.301,,1023877000,356733000,,,,,None,,,,,1.297,2.484,3.257,,,,,,,,0.142,,,2025-10-29,quarterly,1.53,USD,pre-market,0,,0.0313,0.112,0.125,29.17,0,,,,88.13,94.86,5.5172,,,,,,,3000868000,,22.87,,97.93,72.67
2025-12-28,ETR,4.06,12730047000.0,22.87,,0.616,37.31,,,,,,,,,,,,,,,None,2034282000,2034282000,,,,,,None,311171000,,2.41,0.026,,,,0.02,0.08,752092000,1063263000,1.45,2008-09-30,21.14,,6190900000.0,1929602000,638528000,168239000,,,None,161974000,None,,None,,,,,465291000,0,None,None,0.301,,1177510000,752092000,,,,,None,,,,,1.297,2.484,3.257,,,,,,,,0.142,,,2025-10-29,quarterly,1.53,USD,pre-market,0,,0.0313,0.112,0.125,29.17,0,,,,88.13,94.86,5.5172,,,,,,,3963884000,,22.87,,97.93,72.67
2025-12-28,ETR,4.06,12730047000.0,22.87,,0.616,37.31,,,,,,,,,,,,,,,None,1530879000,1530879000,,,,,,None,294793000,,2.41,0.026,,,,0.02,0.08,601937000,896730000,1.45,2008-06-30,21.14,,6190900000.0,1733392000,458941000,183012000,,,None,142996000,None,,None,,,,,270954000,0,None,None,0.301,,1165283000,568109000,,,,,None,,,,,1.297,2.484,3.257,,,,,,,,0.142,,,2025-10-29,quarterly,1.53,USD,pre-market,0,,0.0313,0.112,0.125,29.17,0,,,,88.13,94.86,5.5172,,,,,,,3264271000,,22.87,,97.93,72.67
2025-12-28,ETR,4.06,12730047000.0,22.87,,0.616,37.31,,,,,,,,,,,,,,,None,1161143000,1161143000,,,,,,None,290981000,,2.41,0.026,,,,0.02,0.08,606233000,897214000,1.45,2008-03-31,21.14,,6190900000.0,1703591000,501752000,193003000,,,None,155682000,None,,None,,,,,303751000,0,None,None,0.301,,1097358000,606233000,,,,,None,,,,,1.297,2.484,3.257,,,,,,,,0.142,,,2025-10-29,quarterly,1.53,USD,pre-market,0,,0.0313,0.112,0.125,29.17,0,,,,88.13,94.86,5.5172,,,,,,,2864734000,,22.87,,97.93,72.67
2025-12-28,ETR,4.06,12730047000.0,22.87,,0.616,37.31,,,,,,,,,,,,,,,None,1163626000,1163626000,,,,,,None,297976000,,2.41,0.026,,,,0.02,0.08,329402000,627378000,1.45,2007-12-31,21.14,,6190900000.0,1568274000,224953000,31060000,,,None,163493000,None,,None,,,,,187572000,0,None,None,0.301,,1238872000,329402000,,,,,None,,,,,1.297,2.484,3.257,,,,,,,,0.142,,,2025-10-29,quarterly,1.53,USD,pre-market,0,,0.0313,0.112,0.125,29.17,0,,,,88.13,94.86,5.5172,,,,,,,2731900000,,22.87,,97.93,72.67
2025-12-28,ETR,4.06,12730047000.0,22.87,,0.616,37.31,,,,,,,,,,,,,,,None,1329905000,1329905000,,,,,,None,282661000,,2.41,0.026,,,,0.02,0.08,810332000,1092993000,1.45,2007-09-30,21.14,,6190900000.0,1959182000,691999000,230840000,,,None,185667000,None,,None,,,,,454784000,0,None,None,0.301,,1148850000,810332000,,,,,None,,,,,1.297,2.484,3.257,,,,,,,,0.142,,,2025-10-29,quarterly,1.53,USD,pre-market,0,,0.0313,0.112,0.125,29.17,0,,,,88.13,94.86,5.5172,,,,,,,3289087000,,22.87,,97.93,72.67
2025-12-28,ETR,4.06,12730047000.0,22.87,,0.616,37.31,,,,,,,,,,,,,,,None,1196602000,1196602000,,,,,,None,280733000,,2.41,0.026,,,,0.02,0.08,478040000,758773000,1.45,2007-06-30,21.14,,6190900000.0,1572750000,374053000,106451000,,,None,157610000,None,,None,,,,,261414000,0,None,None,0.301,,1094710000,478040000,,,,,None,,,,,1.297,2.484,3.257,,,,,,,,0.142,,,2025-10-29,quarterly,1.53,USD,pre-market,0,,0.0313,0.112,0.125,29.17,0,,,,88.13,94.86,5.5172,,,,,,,2769352000,,22.87,,97.93,72.67
2025-12-28,ETR,4.06,12730047000.0,22.87,,0.616,37.31,,,,,,,,,,,,,,,None,1231651000,1231651000,,,,,,None,270240000,,2.41,0.026,,,,0.02,0.08,438594000,708834000,1.45,2007-03-31,21.14,,6190900000.0,1462409000,356748000,146065000,,,None,155314000,None,,None,,,,,205974000,0,None,None,0.301,,1023815000,438594000,,,,,None,,,,,1.297,2.484,3.257,,,,,,,,0.142,,,2025-10-29,quarterly,1.53,USD,pre-market,0,,0.0313,0.112,0.125,29.17,0,,,,88.13,94.86,5.5172,,,,,,,2600230000,,22.87,,97.93,72.67
2025-12-28,ETR,4.06,12730047000.0,22.87,,0.616,37.31,,,,,,,,,,,,,,,None,1188391000,1188391000,,,,,,None,269526000,,2.41,0.026,,,,0.02,0.08,280725000,550251000,1.45,2006-12-31,21.14,,6190900000.0,1292513000,254866000,-1126000,,,None,157363000,None,,None,,,,,240505000,0,None,None,0.301,,1011788000,280725000,,,,,None,,,,,1.297,2.484,3.257,,,,,,,,0.142,,,2025-10-29,quarterly,1.53,USD,pre-market,0,,0.0313,0.112,0.125,29.17,0,,,,88.13,94.86,5.5172,,,,,,,2480904000,,22.87,,97.93,72.67
2025-12-28,ETR,4.06,12730047000.0,22.87,,0.616,37.31,,,,,,,,,,,,,,,None,1638380000,1638380000,,,,,,None,268995000,,2.41,0.026,,,,0.02,0.08,622845000,891840000,1.45,2006-09-30,21.14,,6190900000.0,1616339000,599181000,202437000,,,None,140942000,None,,None,,,,,388883000,0,None,None,0.301,,993494000,622845000,,,,,None,,,,,1.297,2.484,3.257,,,,,,,,0.142,,,2025-10-29,quarterly,1.53,USD,pre-market,0,,0.0313,0.112,0.125,29.17,0,,,,88.13,94.86,5.5172,,,,,,,3254719000,,22.87,,97.93,72.67
2025-12-28,ETR,4.06,12730047000.0,22.87,,0.616,37.31,,,,,,,,,,,,,,,None,1281573000,1281573000,,,,,,None,254825000,,2.41,0.026,,,,0.02,0.08,428364000,683189000,1.45,2006-06-30,21.14,,6190900000.0,1346929000,399358000,122901000,,,None,137906000,None,,None,,,,,274028000,0,None,None,0.301,,918565000,428364000,,,,,None,,,,,1.297,2.484,3.257,,,,,,,,0.142,,,2025-10-29,quarterly,1.53,USD,pre-market,0,,0.0313,0.112,0.125,29.17,0,,,,88.13,94.86,5.5172,,,,,,,2628502000,,22.87,,97.93,72.67
2025-12-28,ETR,4.06,12730047000.0,22.87,,0.616,37.31,,,,,,,,,,,,,,,None,1301541000,1301541000,,,,,,None,241807000,,2.41,0.026,,,,0.02,0.08,350745000,592552000,1.45,2006-03-31,21.14,,6190900000.0,1266490000,322735000,118830000,,,None,137742000,None,,None,,,,,193628000,0,None,None,0.301,,915745000,350745000,,,,,None,,,,,1.297,2.484,3.257,,,,,,,,0.142,,,2025-10-29,quarterly,1.53,USD,pre-market,0,,0.0313,0.112,0.125,29.17,0,,,,88.13,94.86,5.5172,,,,,,,2568031000,,22.87,,97.93,72.67
2025-12-28,ETR,4.06,12730047000.0,22.87,,0.616,37.31,,,,,,,,,,,,,,,None,791115000,791115000,,,,,,None,254455000,,2.41,0.026,,,,0.02,0.08,277436000,531891000,1.45,2005-12-31,21.14,,6190900000.0,1365525000,240406000,99169000,,,None,137395000,None,,None,,,,,90233000,0,None,None,0.301,,1088089000,277436000,,,,,None,,,,,1.297,2.484,3.257,,,,,,,,0.142,,,2025-10-29,quarterly,1.53,USD,pre-market,0,,0.0313,0.112,0.125,29.17,0,,,,88.13,94.86,5.5172,,,,,,,2156640000,,22.87,,97.93,72.67
2025-12-28,ETR,4.06,12730047000.0,22.87,,0.616,37.31,,,,,,,,,,,,,,,None,1397291000,1397291000,,,,,,None,252939000,,2.41,0.026,,,,0.02,0.08,654340000,907279000,1.45,2005-09-30,21.14,,6190900000.0,1500967000,574645000,222080000,,,None,129780000,None,,None,,,,,349952000,0,None,None,0.301,,846627000,654340000,,,,,None,,,,,1.297,2.484,3.257,,,,,,,,0.142,,,2025-10-29,quarterly,1.53,USD,pre-market,0,,0.0313,0.112,0.125,29.17,0,,,,88.13,94.86,5.5172,,,,,,,3129731000,,22.87,,97.93,72.67
2025-12-28,ETR,4.06,12730047000.0,22.87,,0.616,37.31,,,,,,,,,,,,,,,None,6141366000,6141366000,,,,,,None,2443562000,,2.41,0.026,,,,0.02,0.08,2593031000,5036593000,1.45,2024-12-31,21.14,,6190900000.0,5738287000,1442211000,381027000,,,None,1150820000,298865000,,None,,,,,1061184000,1061184000,-851955000,None,0.301,,3087197000,2651090000,,,,,None,,,,,1.297,2.484,3.257,,,,,,,,0.142,,,2025-10-29,annual,1.53,USD,pre-market,None,,0.0313,0.112,0.125,29.17,None,,,,88.13,94.86,5.5172,,,,,,,11879653000,,22.87,,97.93,72.67
2025-12-28,ETR,4.06,12730047000.0,22.87,,0.616,37.31,,,,,,,,,,,,,,,None,6817976000,6817976000,,,,,,None,2244479000,,2.41,0.026,,,,0.02,0.08,2678181000,4922660000,1.45,2023-12-31,21.14,,6190900000.0,5329436000,1671775000,-690535000,,,None,1006406000,162726000,,None,,,,,2362310000,1471678000,-843680000,None,0.301,,2711461000,2617975000,,,,,None,,,,,1.297,2.484,3.257,,,,,,,,0.142,,,2025-10-29,annual,1.53,USD,pre-market,None,,0.0313,0.112,0.125,29.17,None,,,,88.13,94.86,5.5172,,,,,,,12147412000,,22.87,,97.93,72.67
2025-12-28,ETR,4.06,12730047000.0,22.87,,0.616,37.31,,,,,,,,,,,,,,,None,8488886000,8488886000,,,,,,None,2190371000,,2.41,0.026,,,,0.02,0.08,2045978000,4236349000,1.45,2022-12-31,21.14,,6190900000.0,5275351000,1058160000,-38978000,,,None,987818000,987818000,,None,,,,,1097138000,1097138000,-987818000,None,0.301,,3224576000,2050775000,,,,,-80378000,,,,,1.297,2.484,3.257,,,,,,,,0.142,,,2025-10-29,annual,1.53,USD,pre-market,None,,0.0313,0.112,0.125,29.17,733538000,,,,88.13,94.86,5.5172,,,,,,,13764237000,,22.87,,97.93,72.67
2025-12-28,ETR,4.06,12730047000.0,22.87,,0.616,37.31,,,,,,,,,,,,,,,None,6871030000,6871030000,,,,,,None,2242944000,,2.41,0.026,,,,0.02,0.08,2144787000,4387731000,1.45,2021-12-31,21.14,,6190900000.0,4871866000,1310093000,191374000,,,None,834694000,404228000,,None,,,,,1118719000,1118719000,-404228000,None,0.301,,3026240000,1845626000,,,,,299161000,,,,,1.297,2.484,3.257,,,,,,,,0.142,,,2025-10-29,annual,1.53,USD,pre-market,None,,0.0313,0.112,0.125,29.17,660290000,,,,88.13,94.86,5.5172,,,,,,,11742896000,,22.87,,97.93,72.67
2025-12-28,ETR,4.06,12730047000.0,22.87,,0.616,37.31,,,,,,,,,,,,,,,None,5655422000,5655422000,,,,,,None,2257750000,,2.41,0.026,,,,0.02,0.08,2070810000,4328560000,1.45,2020-12-31,21.14,,6190900000.0,4458214000,1285147000,-121506000,,,None,785663000,392845000,,None,,,,,1406653000,1406653000,-392845000,None,0.301,,2689019000,1769195000,,,,,301615000,,,,,1.297,2.484,3.257,,,,,,,,0.142,,,2025-10-29,annual,1.53,USD,pre-market,None,,0.0313,0.112,0.125,29.17,652840000,,,,88.13,94.86,5.5172,,,,,,,10113636000,,22.87,,97.93,72.67
2025-12-28,ETR,4.06,12730047000.0,22.87,,0.616,37.31,,,,,,,,,,,,,,,None,6699806000,6699806000,,,,,,None,2182313000,,2.41,0.026,,,,0.02,0.08,1830844000,4013157000,1.45,2019-12-31,21.14,,6190900000.0,4178867000,1088419000,-169825000,,,None,742425000,547912000,,None,,,,,1258244000,1258244000,-194513000,None,0.301,,2788370000,1390497000,,,,,440347000,,,,,1.297,2.484,3.257,,,,,,,,0.142,,,2025-10-29,annual,1.53,USD,pre-market,None,,0.0313,0.112,0.125,29.17,643745000,,,,88.13,94.86,5.5172,,,,,,,10878673000,,22.87,,97.93,72.67
2025-12-28,ETR,4.06,12730047000.0,22.87,,0.616,37.31,,,,,,,,,,,,,,,None,7306815000,7306815000,,,,,,None,2040555000,,2.41,0.026,,,,0.02,0.08,533077000,2573632000,1.45,2018-12-31,21.14,,6190900000.0,3702637000,-174271000,-1036826000,,,None,707348000,63864000,,None,,,,,862555000,862555000,-643484000,None,0.301,,3233272000,469365000,,,,,63712000,,,,,1.297,2.484,3.257,,,,,,,,0.142,,,2025-10-29,annual,1.53,USD,pre-market,None,,0.0313,0.112,0.125,29.17,641952000,,,,88.13,94.86,5.5172,,,,,,,11009452000,,22.87,,97.93,72.67
2025-12-28,ETR,4.06,12730047000.0,22.87,,0.616,37.31,,,,,,,,,,,,,,,None,6894384000,6894384000,,,,,,None,2078578000,,2.41,0.026,,,,0.02,0.08,1630266000,3708844000,1.45,2017-12-31,21.14,,6190900000.0,4180097000,967923000,542570000,,,None,662343000,288197000,,None,,,,,425353000,425353000,-374146000,None,0.301,,2819690000,1360407000,,,,,370584000,,,,,1.297,2.484,3.257,,,,,,,,0.142,,,2025-10-29,annual,1.53,USD,pre-market,0,,0.0313,0.112,0.125,29.17,4041245000,,,,88.13,94.86,5.5172,,,,,,,11074481000,,22.87,,97.93,72.67
2025-12-28,ETR,4.06,12730047000.0,22.87,,0.616,37.31,,,,,,,,,,,,,,,None,9299519000,9299519000,,,,,,None,2123291000,,2.41,0.026,,,,0.02,0.08,-715392000,1407899000,1.45,2016-12-31,21.14,,6190900000.0,1546126000,-1381762000,-817259000,,,None,666370000,521243000,,None,,,,,-564503000,-564503000,-521243000,None,0.301,,2361357000,-815231000,,,,,None,,,,,1.297,2.484,3.257,,,,,,,,0.142,,,2025-10-29,annual,1.53,USD,pre-market,0,,0.0313,0.112,0.125,29.17,94243000,,,,88.13,94.86,5.5172,,,,,,,10845645000,,22.87,,97.93,72.67
2025-12-28,ETR,4.06,12730047000.0,22.87,,0.616,37.31,,,,,,,,,,,,,,,None,9554179000,9554179000,,,,,,None,2117236000,,2.41,0.026,,,,0.02,0.08,-156192000,1961044000,1.45,2015-12-31,21.14,,6190900000.0,1959072000,-799661000,-642927000,,,None,643469000,456407000,,None,,,,,-156734000,-156734000,None,None,0.301,,2258237000,-299165000,,,,,142973000,,,,,1.297,2.484,3.257,,,,,,,,0.142,,,2025-10-29,annual,1.53,USD,pre-market,0,,0.0313,0.112,0.125,29.17,3974403000,,,,88.13,94.86,5.5172,,,,,,,11513251000,,22.87,,97.93,72.67
2025-12-28,ETR,4.06,12730047000.0,22.87,,0.616,37.31,,,,,,,,,,,,,,,None,8305939000,8305939000,,,,,,None,2127892000,,2.41,0.026,,,,0.02,0.08,2177361000,4305253000,1.45,2014-12-31,21.14,,6190900000.0,4188982000,1549854000,589597000,,,None,627507000,None,,None,,,,,960257000,960257000,None,None,0.301,,2182093000,2006889000,,,,,170472000,,,,,1.297,2.484,3.257,,,,,,,,0.142,,,2025-10-29,annual,1.53,USD,pre-market,0,,0.0313,0.112,0.125,29.17,3915142000,,,,88.13,94.86,5.5172,,,,,,,12494921000,,22.87,,97.93,72.67
2025-12-28,ETR,4.06,12730047000.0,22.87,,0.616,37.31,,,,,,,,,,,,,,,None,7930422000,7930422000,,,,,,None,2012076000,,2.41,0.026,,,,0.02,0.08,1560590000,3572666000,1.45,2013-12-31,21.14,,6190900000.0,3460525000,956553000,225981000,,,None,604037000,None,,None,,,,,730572000,730572000,None,None,0.301,,2105526000,1354999000,,,,,205591000,,,,,1.297,2.484,3.257,,,,,,,,0.142,,,2025-10-29,annual,1.53,USD,pre-market,0,,0.0313,0.112,0.125,29.17,3932284000,,,,88.13,94.86,5.5172,,,,,,,11390947000,,22.87,,97.93,72.67
2025-12-28,ETR,4.06,12730047000.0,22.87,,0.616,37.31,,,,,,,,,,,,,,,None,6939151000,6939151000,,,,,,None,1771649000,,2.41,0.026,,,,0.02,0.08,1468502000,3240151000,1.45,2012-12-31,21.14,,6190900000.0,3362928000,899218000,30855000,,,None,569284000,None,,None,,,,,868363000,None,None,None,0.301,,2061747000,1301181000,,,,,None,,,,,1.297,2.484,3.257,,,,,,,,0.142,,,2025-10-29,annual,1.53,USD,pre-market,0,,0.0313,0.112,0.125,29.17,0,,,,88.13,94.86,5.5172,,,,,,,10302079000,,22.87,,97.93,72.67
2025-12-28,ETR,4.06,12730047000.0,22.87,,0.616,37.31,,,,,,,,,,,,,,,None,7181057000,7181057000,,,,,,None,1745455000,,2.41,0.026,,,,0.02,0.08,2167262000,3912717000,1.45,2011-12-31,21.14,,6190900000.0,4048016000,1653635000,286263000,,,None,513627000,None,,None,,,,,1367372000,None,None,None,0.301,,2034782000,2013234000,,,,,None,,,,,1.297,2.484,3.257,,,,,,,,0.142,,,2025-10-29,annual,1.53,USD,pre-market,0,,0.0313,0.112,0.125,29.17,190595000,,,,88.13,94.86,5.5172,,,,,,,11229073000,,22.87,,97.93,72.67
2025-12-28,ETR,4.06,12730047000.0,22.87,,0.616,37.31,,,,,,,,,,,,,,,None,4434121000,4434121000,,,,,,None,1705331000,,2.41,0.026,,,,0.02,0.08,2497690000,4203021000,1.45,2010-12-31,21.14,,6190900000.0,7053456000,1887544000,617239000,,,None,610146000,None,,None,,,,,1270305000,None,None,None,0.301,,4786079000,2267377000,,,,,None,,,,,1.297,2.484,3.257,,,,,,,,0.142,,,2025-10-29,annual,1.53,USD,pre-market,0,,0.0313,0.112,0.125,29.17,211736000,,,,88.13,94.86,5.5172,,,,,,,11487577000,,22.87,,97.93,72.67
2025-12-28,ETR,4.06,12730047000.0,22.87,,0.616,37.31,,,,,,,,,,,,,,,None,3946344000,3946344000,,,,,,None,1458861000,,2.41,0.026,,,,0.02,0.08,2454234000,3913095000,1.45,2009-12-31,21.14,,6190900000.0,6799306000,1883790000,632740000,,,None,570444000,None,,None,,,,,1251050000,1251050000,None,None,0.301,,4514780000,2284526000,,,,,169708000,,,,,1.297,2.484,3.257,,,,,,,,0.142,,,2025-10-29,annual,1.53,USD,pre-market,None,,0.0313,0.112,0.125,29.17,199063000,,,,88.13,94.86,5.5172,,,,,,,10745650000,,22.87,,97.93,72.67
2025-12-28,ETR,4.06,12730047000.0,22.87,,0.616,37.31,,,,,,,,,,,,,,,None,6290723000,6290723000,,,,,,None,1391689000,,2.41,0.026,,,,0.02,0.08,2452454000,3844143000,1.45,2008-12-31,21.14,,6190900000.0,6803033000,1843533000,602998000,,,None,608921000,None,,None,,,,,1240535000,None,None,None,0.301,,4519866000,2283167000,,,,,None,,,,,1.297,2.484,3.257,,,,,,,,0.142,,,2025-10-29,annual,1.53,USD,pre-market,None,,0.0313,0.112,0.125,29.17,249292000,,,,88.13,94.86,5.5172,,,,,,,13093756000,,22.87,,97.93,72.67
2025-12-28,ETR,4.06,12730047000.0,22.87,,0.616,37.31,,,,,,,,,,,,,,,None,4921783000,4921783000,,,,,,None,1131610000,,2.41,0.026,,,,0.02,0.08,2056368000,3187978000,1.45,2007-12-31,21.14,,6190900000.0,6562615000,1649266000,514417000,,,None,0,None,,None,,,,,1134849000,None,None,None,0.301,,4506247000,2056368000,,,,,None,,,,,1.297,2.484,3.257,,,,,,,,0.142,,,2025-10-29,annual,1.53,USD,pre-market,None,,0.0313,0.112,0.125,29.17,None,,,,88.13,94.86,5.5172,,,,,,,11484398000,,22.87,,97.93,72.67
2025-12-28,ETR,4.06,12730047000.0,22.87,,0.616,37.31,,,,,,,,,,,,,,,None,5451877000,5451877000,,,,,,None,1035153000,,2.41,0.026,,,,0.02,0.08,1682680000,2717833000,1.45,2006-12-31,21.14,,6190900000.0,5480281000,1576142000,443044000,,,None,0,None,,None,,,,,1132602000,None,None,None,0.301,,3797601000,1682680000,,,,,None,,,,,1.297,2.484,3.257,,,,,,,,0.142,,,2025-10-29,annual,1.53,USD,pre-market,None,,0.0313,0.112,0.125,29.17,145884000,,,,88.13,94.86,5.5172,,,,,,,10932158000,,22.87,,97.93,72.67
2025-12-28,ETR,4.06,12730047000.0,22.87,,0.616,37.31,,,,,,,,,,,,,,,None,4859915000,4859915000,,,,,,None,1001852000,,2.41,0.026,,,,0.02,0.08,1742107000,2743959000,1.45,2005-12-31,21.14,,6190900000.0,5246332000,1527836000,559284000,,,None,0,None,,None,,,,,923758000,None,None,None,0.301,,3504225000,1742107000,,,,,None,,,,,1.297,2.484,3.257,,,,,,,,0.142,,,2025-10-29,annual,1.53,USD,pre-market,None,,0.0313,0.112,0.125,29.17,None,,,,88.13,94.86,5.5172,,,,,,,10106247000,,22.87,,97.93,72.67
2025-12-28,ETR,4.06,12730047000.0,22.87,None,0.616,37.31,,None,1516969000,1516969000,,,,,,,,,5775000,445700889,None,4859915000,4859915000,2184702000,None,3390034000,1780439000,None,None,1001852000,,2.41,0.026,,,,0.02,0.08,1742107000,2743959000,1.45,2025-09-30,21.14,367582000,6190900000.0,5246332000,1527836000,559284000,None,None,None,0,None,1657842000,None,None,27058119000,None,6278989000,923758000,None,None,None,0.301,,3504225000,1742107000,603507000,1146792000,None,935942000,None,,,,,1.297,2.484,3.257,,,,,,,,0.142,,6281913000,2025-10-29,quarterly,1.53,USD,pre-market,None,12752150000,0.0313,0.112,0.125,29.17,None,30338153000,3380034000,None,88.13,94.86,5.5172,69848407000,5558757000,7791225000,52872643000,64376611000,45081418000,10106247000,16881112000,22.87,None,97.93,72.67
2025-12-28,ETR,4.06,12730047000.0,22.87,None,0.616,37.31,,None,1175631000,1175631000,,,,,,,,,5775000,445700889,None,4859915000,4859915000,2133797000,None,2290717000,1665444000,None,None,1001852000,,2.41,0.026,,,,0.02,0.08,1742107000,2743959000,1.45,2025-06-30,21.14,367582000,6190900000.0,5246332000,1527836000,559284000,None,None,None,0,None,1798643000,None,None,28114726000,None,5917843000,923758000,None,None,None,0.301,,3504225000,1742107000,346886000,687311000,None,909408000,None,,,,,1.297,2.484,3.257,,,,,,,,0.142,,5483570000,2025-10-29,quarterly,1.53,USD,pre-market,None,12326289000,0.0313,0.112,0.125,29.17,None,30405443000,2290717000,1011607000,88.13,94.86,5.5172,68383140000,4986604000,6512873000,52074200000,63396536000,45561327000,10106247000,16213000000,22.87,None,97.93,72.67
2025-12-28,ETR,4.06,12730047000.0,22.87,None,0.616,37.31,,None,1513410000,1513410000,,,,,,,,,5620000,440648000,None,4859915000,4859915000,1809891000,None,2660097000,1338922000,None,None,1001852000,,2.41,0.026,,,,0.02,0.08,1742107000,2743959000,1.45,2025-03-31,21.14,367696000,6190900000.0,5246332000,1527836000,559284000,None,None,None,0,None,1703685000,None,None,28264879000,None,5529627000,923758000,None,None,None,0.301,,3504225000,1742107000,556371000,1261683000,None,1151265000,None,,,,,1.297,2.484,3.257,,,,,,,,0.142,,4889170000,2025-10-29,quarterly,1.53,USD,pre-market,None,12116826000,0.0313,0.112,0.125,29.17,None,30924976000,2660097000,None,88.13,94.86,5.5172,66620409000,5112388000,6200255000,51338009000,61508021000,45137754000,10106247000,15185311000,22.87,None,97.93,72.67
2025-12-28,ETR,4.06,12730047000.0,22.87,None,0.616,37.31,,None,859703000,859703000,,,,,,,,,5620000,437981911,None,4859915000,4859915000,1929162000,None,2305381000,1390399000,None,None,1001852000,,2.41,0.026,,,,0.02,0.08,1742107000,2743959000,1.45,2024-12-31,21.14,367625000,6190900000.0,5246332000,1527836000,559284000,None,None,None,0,None,1797464000,None,None,26613505000,None,5644919000,923758000,None,None,None,0.301,,3504225000,1742107000,348671000,956965000,None,1112881000,None,,,,,1.297,2.484,3.257,,,,,,,,0.142,,3630072000,2025-10-29,quarterly,1.53,USD,pre-market,None,12014315000,0.0313,0.112,0.125,29.17,None,28918886000,2305381000,None,88.13,94.86,5.5172,64790032000,4396237000,6111037000,49605048000,60393795000,43494011000,10106247000,15118908000,22.87,None,97.93,72.67
2025-12-28,ETR,4.06,12730047000.0,22.87,None,0.616,37.31,,None,1411812000,1411812000,,,,,,,,,2810000,431388418,None,4859915000,4859915000,1523279000,None,2439499000,1666575000,None,None,1001852000,,2.41,0.026,,,,0.02,0.08,1742107000,2743959000,1.45,2024-09-30,21.14,374099000,6190900000.0,5246332000,1527836000,559284000,None,None,None,0,None,1779197000,None,None,26563350000,None,5614007000,923758000,None,None,None,0.301,,3504225000,1742107000,360222000,858673000,None,1455275000,None,,,,,1.297,2.484,3.257,,,,,,,,0.142,,3897061000,2025-10-29,quarterly,1.53,USD,pre-market,None,11985552000,0.0313,0.112,0.125,29.17,None,29002849000,2439499000,1320565000,88.13,94.86,5.5172,64462049000,5217806000,5859246000,49320338000,59244243000,43461092000,10106247000,15032842000,22.87,None,97.93,72.67
2025-12-28,ETR,4.06,12730047000.0,22.87,None,0.616,37.31,,None,1355164000,1355164000,,,,,,,,,2810000,428753442,None,4859915000,4859915000,1314661000,None,2449423000,1581009000,None,None,1001852000,,2.41,0.026,,,,0.02,0.08,1742107000,2743959000,1.45,2024-06-30,21.14,374099000,6190900000.0,5246332000,1527836000,559284000,None,None,None,0,None,1750934000,None,None,26301092000,None,5336923000,923758000,None,None,None,0.301,,3504225000,1742107000,247056000,810115000,None,1353919000,None,,,,,1.297,2.484,3.257,,,,,,,,0.142,,None,2025-10-29,quarterly,1.53,USD,pre-market,None,11582332000,0.0313,0.112,0.125,29.17,None,28750515000,2449423000,1272314000,88.13,94.86,5.5172,62766297000,4934163000,5487180000,48084642000,57619200000,42597462000,10106247000,14567729000,22.87,None,97.93,72.67
2025-12-28,ETR,4.06,12730047000.0,22.87,None,0.616,37.31,,None,1294859000,1294859000,,,,,,,,,2810000,427746256,None,4859915000,4859915000,1187454000,None,4090576000,1285534000,None,None,1001852000,,2.41,0.026,,,,0.02,0.08,1742107000,2743959000,1.45,2024-03-31,21.14,374099000,6190900000.0,5246332000,1527836000,559284000,None,None,None,0,None,1682613000,None,None,24309439000,None,5165779000,923758000,None,None,None,0.301,,3504225000,1742107000,231163000,780662000,None,1226187000,None,,,,,1.297,2.484,3.257,,,,,,,,0.142,,None,2025-10-29,quarterly,1.53,USD,pre-market,None,11774706000,0.0313,0.112,0.125,29.17,None,28400015000,4090576000,1229910000,88.13,94.86,5.5172,61629856000,4494169000,6884527000,47055490000,56872090000,40170963000,10106247000,14458340000,22.87,None,97.93,72.67
2025-12-28,ETR,4.06,12730047000.0,22.87,None,0.616,37.31,,None,132548000,132548000,,,,,,,,,7798221000,425870302,None,4859915000,4859915000,1566745000,None,3237228000,1393455000,None,None,1001852000,,2.41,0.026,,,,0.02,0.08,1742107000,2743959000,1.45,2023-12-31,21.14,374099000,6190900000.0,5246332000,1527836000,559284000,None,None,None,0,None,1611768000,None,None,23008839000,None,4863710000,923758000,None,None,None,0.301,,3504225000,1742107000,523098000,712160000,None,1116661000,None,,,,,1.297,2.484,3.257,,,,,,,,0.142,,None,2025-10-29,quarterly,1.53,USD,pre-market,None,11940384000,0.0313,0.112,0.125,29.17,None,26246067000,3237228000,None,88.13,94.86,5.5172,59703396000,3660869000,6396492000,44960290000,56042527000,38563798000,10106247000,14657647000,22.87,None,97.93,72.67
2025-12-28,ETR,4.06,12730047000.0,22.87,None,0.616,37.31,,None,1519774000,1519774000,,,,,,,,,7652167000,424476234,None,4859915000,4859915000,1336107000,None,2875162000,1712740000,None,None,1001852000,,2.41,0.026,,,,0.02,0.08,1742107000,2743959000,1.45,2023-09-30,21.14,377172000,6190900000.0,5246332000,1527836000,559284000,None,None,None,0,None,1544331000,None,None,24659343000,None,4417704000,923758000,None,None,None,0.301,,3504225000,1742107000,552814000,664415000,None,955309000,None,,,,,1.297,2.484,3.257,,,,,,,,0.142,,2716196000,2025-10-29,quarterly,1.53,USD,pre-market,None,11192276000,0.0313,0.112,0.125,29.17,None,27534505000,2875162000,1414486000,88.13,94.86,5.5172,60552147000,5329659000,5848692000,46733139000,55222488000,40884447000,10106247000,13691468000,22.87,None,97.93,72.67
2025-12-28,ETR,4.06,12730047000.0,22.87,None,0.616,37.31,,None,1194342000,1194342000,,,,,,,,,7637102000,424403058,None,4859915000,4859915000,1523747000,None,2957432000,1429998000,None,None,1001852000,,2.41,0.026,,,,0.02,0.08,1742107000,2743959000,1.45,2023-06-30,21.14,377172000,6190900000.0,5246332000,1527836000,559284000,None,None,None,0,None,1498862000,None,None,24321681000,None,5487323000,923758000,None,None,None,0.301,,3504225000,1742107000,569412000,566630000,None,10849235000,None,,,,,1.297,2.484,3.257,,,,,,,,0.142,,42858733000,2025-10-29,quarterly,1.53,USD,pre-market,None,10751778000,0.0313,0.112,0.125,29.17,None,27279113000,2957432000,1126621000,88.13,94.86,5.5172,59717236000,4692614000,5881282000,46349691000,55024622000,40468409000,10106247000,13237066000,22.87,-4958795000,97.93,72.67
2025-12-28,ETR,4.06,12730047000.0,22.87,None,0.616,37.31,,None,1970512000,1970512000,,,,,,,,,7620574000,424293014,None,4859915000,4859915000,1385949000,None,3124662000,1240657000,None,None,1001852000,,2.41,0.026,,,,0.02,0.08,1742107000,2743959000,1.45,2023-03-31,21.14,377172000,6190900000.0,5246332000,1527836000,559284000,None,None,None,0,None,1410603000,None,None,24464263000,None,4349892000,923758000,None,None,None,0.301,,3504225000,1742107000,644470000,528133000,None,733737000,None,,,,,1.297,2.484,3.257,,,,,,,,0.142,,2557920000,2025-10-29,quarterly,1.53,USD,pre-market,None,10586782000,0.0313,0.112,0.125,29.17,None,27588925000,3124662000,1907788000,88.13,94.86,5.5172,59203276000,5266242000,5825329000,46036348000,53937034000,40211019000,10106247000,13058234000,22.87,-4959395000,97.93,72.67
2025-12-28,ETR,4.06,12730047000.0,22.87,None,0.616,37.31,,None,224164000,224164000,,,,,,,,,7635692000,418209876,None,4859915000,4859915000,1777590000,None,3136658000,1495257000,None,None,1001852000,,2.41,0.026,,,,0.02,0.08,1742107000,2743959000,1.45,2022-12-31,21.14,377172000,6190900000.0,5246332000,1527836000,559284000,None,None,None,0,None,1330940000,None,None,23623512000,None,4121864000,923758000,None,None,None,0.301,,3504225000,1742107000,1044665000,606385000,None,688720000,None,,,,,1.297,2.484,3.257,,,,,,,,0.142,,2210576000,2025-10-29,quarterly,1.53,USD,pre-market,None,10502041000,0.0313,0.112,0.125,29.17,None,26760170000,3136658000,108874000,88.13,94.86,5.5172,58595191000,4095026000,6369447000,45530299000,54500165000,39160852000,10106247000,13001985000,22.87,-4978994000,97.93,72.67
2025-12-28,ETR,4.06,12730047000.0,22.87,None,0.616,37.31,,None,1003491000,1003491000,,,,,,,,,6767833000,409156026,None,4859915000,4859915000,1744246000,None,2970669000,1706761000,None,None,1001852000,,2.41,0.026,,,,0.02,0.08,1742107000,2743959000,1.45,2022-09-30,21.14,377172000,6190900000.0,5246332000,1527836000,559284000,None,None,None,0,None,1264627000,None,None,24635942000,None,4717784000,923758000,None,None,None,0.301,,3504225000,1742107000,1534926000,513446000,None,10885287000,None,,,,,1.297,2.484,3.257,,,,,,,,0.142,,41718847000,2025-10-29,quarterly,1.53,USD,pre-market,None,10621307000,0.0313,0.112,0.125,29.17,None,27606611000,2970669000,-22076000,88.13,94.86,5.5172,58975295000,5509805000,6154875000,46781029000,53465490000,40626154000,10106247000,12096351000,22.87,-4979419000,97.93,72.67
2025-12-28,ETR,4.06,12730047000.0,22.87,None,0.616,37.31,,None,579889000,579889000,,,,,,,,,6753088000,409424484,None,4859915000,4859915000,1935286000,None,2306901000,1562488000,None,None,1001852000,,2.41,0.026,,,,0.02,0.08,1742107000,2743959000,1.45,2022-06-30,21.14,377172000,6190900000.0,5246332000,1527836000,559284000,None,None,None,0,None,1232758000,None,None,24543896000,None,4893899000,923758000,None,None,None,0.301,,3504225000,1742107000,1420276000,469713000,None,11016791000,None,,,,,1.297,2.484,3.257,,,,,,,,0.142,,41572306000,2025-10-29,quarterly,1.53,USD,pre-market,None,10266189000,0.0313,0.112,0.125,29.17,None,26850797000,2306901000,513624000,88.13,94.86,5.5172,57827579000,4795411000,5541615000,46009008000,53032168000,40467393000,10106247000,11711079000,22.87,-4984160000,97.93,72.67
2025-12-28,ETR,4.06,12730047000.0,22.87,None,0.616,37.31,,None,701591000,701591000,,,,,,,,,6737874000,407776966,None,4859915000,4859915000,1741052000,None,2382146000,1215002000,None,None,1001852000,,2.41,0.026,,,,0.02,0.08,1742107000,2743959000,1.45,2022-03-31,21.14,377172000,6190900000.0,5246332000,1527836000,559284000,None,None,None,0,None,1206315000,None,None,26176449000,None,5232158000,923758000,None,None,None,0.301,,3504225000,1742107000,716093000,497500000,None,786581000,None,,,,,1.297,2.484,3.257,,,,,,,,0.142,,41551239000,2025-10-29,quarterly,1.53,USD,pre-market,None,10311894000,0.0313,0.112,0.125,29.17,None,28558595000,2382146000,408892000,88.13,94.86,5.5172,59833526000,3839001000,5363185000,48056700000,55994525000,42693515000,10106247000,11710103000,22.87,-5003087000,97.93,72.67
2025-12-28,ETR,4.06,12730047000.0,22.87,None,0.616,37.31,,None,442559000,442559000,,,,,,,,,6768959000,405596538,None,4859915000,4859915000,2610132000,None,2240506000,1370356000,None,None,1001852000,,2.41,0.026,,,,0.02,0.08,1742107000,2743959000,1.45,2021-12-31,21.14,377172000,6190900000.0,5246332000,1527836000,559284000,None,None,None,0,None,1196090000,None,None,24841572000,None,5536020000,923758000,None,None,None,0.301,,3504225000,1742107000,614590000,525092000,None,815284000,None,,,,,1.297,2.484,3.257,,,,,,,,0.142,,1869542000,2025-10-29,quarterly,1.53,USD,pre-market,None,10240552000,0.0313,0.112,0.125,29.17,None,27082078000,2240506000,270947000,88.13,94.86,5.5172,59454242000,3623595000,6190742000,47783848000,55830647000,41593106000,10106247000,11637284000,22.87,-5039699000,97.93,72.67
2025-12-28,ETR,4.06,12730047000.0,22.87,None,0.616,37.31,,None,1000036000,1000036000,,,,,,,,,6580555000,404006658,None,4859915000,4859915000,3452217000,None,1776650000,1530809000,None,None,1001852000,,2.41,0.026,,,,0.02,0.08,1742107000,2743959000,1.45,2021-09-30,21.14,377172000,6190900000.0,5246332000,1527836000,559284000,None,None,None,0,None,1158243000,None,None,23846675000,None,5257476000,923758000,None,None,None,0.301,,3504225000,1742107000,543579000,564988000,None,827024000,None,,,,,1.297,2.484,3.257,,,,,,,,0.142,,41541681000,2025-10-29,quarterly,1.53,USD,pre-market,None,10184645000,0.0313,0.112,0.125,29.17,None,25623325000,1776650000,955821,88.13,94.86,5.5172,58843499000,4232667000,6644900000,47555975000,54610832000,40911075000,10106247000,11252524000,22.87,-5040637000,97.93,72.67
2025-12-28,ETR,4.06,12730047000.0,22.87,None,0.616,37.31,,None,686881000,686881000,,,,,,,,,6564379000,401550790,None,4859915000,4859915000,1348734000,None,1151569000,1440004000,None,None,1001852000,,2.41,0.026,,,,0.02,0.08,1742107000,2743959000,1.45,2021-06-30,21.14,377172000,6190900000.0,5246332000,1527836000,559284000,None,None,None,0,None,1146304000,None,None,24211966000,None,5260682000,923758000,None,None,None,0.301,,3504225000,1742107000,521517000,542631000,None,771993000,None,,,,,1.297,2.484,3.257,,,,,,,,0.142,,1737181000,2025-10-29,quarterly,1.53,USD,pre-market,None,9844549000,0.0313,0.112,0.125,29.17,None,25363535000,1151569000,529616,88.13,94.86,5.5172,55949283000,3794706000,3804540000,45026336000,52154577000,41221796000,10106247000,10887947000,22.87,-5042242000,97.93,72.67
2025-12-28,ETR,4.06,12730047000.0,22.87,None,0.616,37.31,,None,1742656000,1742656000,,,,,,,,,6522752000,402119330,None,4859915000,4859915000,1697206000,None,1656648000,1338416000,None,None,1001852000,,2.41,0.026,,,,0.02,0.08,1742107000,2743959000,1.45,2021-03-31,21.14,377172000,6190900000.0,5246332000,1527836000,559284000,None,None,None,0,None,1118827000,None,None,24075456000,None,7864001000,923758000,None,None,None,0.301,,3504225000,1742107000,588655000,557191000,None,14022686000,None,,,,,1.297,2.484,3.257,,,,,,,,0.142,,39022033000,2025-10-29,quarterly,1.53,USD,pre-market,None,10041152000,0.0313,0.112,0.125,29.17,None,25732104000,1656648000,1675082,88.13,94.86,5.5172,58667628000,4788554000,4511906000,47615452000,53879074000,43103546000,10106247000,11017176000,22.87,-5046221000,97.93,72.67
2025-12-28,ETR,4.06,12730047000.0,22.87,None,0.616,37.31,,None,1759099000,1759099000,,,,,,,,,6552623000,402887472,None,4859915000,4859915000,2739437000,None,2791504000,1285727000,None,None,1001852000,,2.41,0.026,,,,0.02,0.08,1742107000,2743959000,1.45,2020-12-31,21.14,377172000,6190900000.0,5246332000,1527836000,559284000,None,None,None,0,None,1135119000,None,None,21205761000,None,7810765000,923758000,None,None,None,0.301,,3504225000,1742107000,379954000,687042000,None,14218127000,None,,,,,1.297,2.484,3.257,,,,,,,,0.142,,38852777000,2025-10-29,quarterly,1.53,USD,pre-market,None,9897182000,0.0313,0.112,0.125,29.17,None,23997265000,2791504000,1630248000,88.13,94.86,5.5172,58239212000,4559899000,7060506000,47278070000,53679313000,40217564000,10106247000,10926142000,22.87,-5074456000,97.93,72.67
2025-12-28,ETR,4.06,12730047000.0,22.87,None,0.616,37.31,,None,1239664000,1239664000,,,,,,,,,6538241000,402231536,None,4859915000,4859915000,2872447000,None,2448220000,1347420000,None,None,1001852000,,2.41,0.026,,,,0.02,0.08,1742107000,2743959000,1.45,2020-09-30,21.14,377172000,6190900000.0,5246332000,1527836000,559284000,None,None,None,0,None,1065046000,None,None,19612664000,None,7594050000,923758000,None,None,None,0.301,,3504225000,1742107000,410675000,705871000,None,13686052000,None,,,,,1.297,2.484,3.257,,,,,,,,0.142,,38000996000,2025-10-29,quarterly,1.53,USD,pre-market,None,9699435000,0.0313,0.112,0.125,29.17,None,22060884000,2448220000,1195805000,88.13,94.86,5.5172,56070251000,4062805000,6875526000,45263412000,52007446000,38387886000,10106247000,10771839000,22.87,-5075417000,97.93,72.67
2025-12-28,ETR,4.06,12730047000.0,22.87,None,0.616,37.31,,None,935468000,935468000,,,,,,,,,6527030000,401773498,None,4859915000,4859915000,1509355000,None,3151234000,1177420000,None,None,1001852000,,2.41,0.026,,,,0.02,0.08,1742107000,2743959000,1.45,2020-06-30,21.14,377172000,6190900000.0,5246332000,1527836000,559284000,None,None,None,0,None,1036308000,None,None,18278358000,None,7287056000,923758000,None,None,None,0.301,,3504225000,1742107000,397800000,769137000,None,13548958000,None,,,,,1.297,2.484,3.257,,,,,,,,0.142,,36307142000,2025-10-29,quarterly,1.53,USD,pre-market,None,9364523000,0.0313,0.112,0.125,29.17,None,21429592000,3151234000,None,88.13,94.86,5.5172,53365302000,3546996000,6115901000,42904314000,49818306000,36788413000,10106247000,10425988000,22.87,-5076961000,97.93,72.67
2025-12-28,ETR,4.06,12730047000.0,22.87,None,0.616,37.31,,None,1463833000,1463833000,,,,,,,,,6513383000,401802698,None,4859915000,4859915000,1502392000,None,3171831000,1076073000,None,None,1001852000,,2.41,0.026,,,,0.02,0.08,1742107000,2743959000,1.45,2020-03-31,21.14,377172000,6190900000.0,5246332000,1527836000,559284000,None,None,None,0,None,998720000,None,None,18228528000,None,6574168000,923758000,None,None,None,0.301,,3504225000,1742107000,435325000,745699000,None,13240675000,None,,,,,1.297,2.484,3.257,,,,,,,,0.142,,35781121000,2025-10-29,quarterly,1.53,USD,pre-market,None,9190141000,0.0313,0.112,0.125,29.17,None,21400359000,3171831000,None,88.13,94.86,5.5172,52555029000,3973951000,6017939000,42296062000,48581078000,36278123000,10106247000,10223967000,22.87,-5080570000,97.93,72.67
2025-12-28,ETR,4.06,12730047000.0,22.87,None,0.616,37.31,,None,425722000,425722000,,,,,,,,,6567136000,401819312,None,4859915000,4859915000,1499861000,None,2741739000,1208592000,None,None,1001852000,,2.41,0.026,,,,0.02,0.08,1742107000,2743959000,1.45,2019-12-31,21.14,377172000,6190900000.0,5246332000,1527836000,559284000,None,None,None,0,None,970465000,None,None,17078643000,None,7233346000,923758000,None,None,None,0.301,,3504225000,1742107000,441213000,736237000,None,13938418000,None,,,,,1.297,2.484,3.257,,,,,,,,0.142,,35182693000,2025-10-29,quarterly,1.53,USD,pre-market,None,9257609000,0.0313,0.112,0.125,29.17,None,19820382000,2741739000,None,88.13,94.86,5.5172,51723912000,3045992000,5620463000,41465237000,48677920000,35844774000,10106247000,10223675000,22.87,-5154150000,97.93,72.67
2025-12-28,ETR,4.06,12730047000.0,22.87,None,0.616,37.31,,None,955831000,955831000,,,,,,,,,6555709000,400985870,None,4859915000,4859915000,1328631000,None,2437800000,1338371000,None,None,1001852000,,2.41,0.026,,,,0.02,0.08,1742107000,2743959000,1.45,2019-09-30,21.14,377172000,6190900000.0,5246332000,1527836000,559284000,None,None,None,0,None,935546000,None,None,16938014000,None,6903491000,923758000,None,None,None,0.301,,3504225000,1742107000,431924000,675704000,None,13416443000,None,,,,,1.297,2.484,3.257,,,,,,,,0.142,,34120725000,2025-10-29,quarterly,1.53,USD,pre-market,None,9057749000,0.0313,0.112,0.125,29.17,None,19375814000,2437800000,None,88.13,94.86,5.5172,50506268000,3661672000,5103046000,40436207000,46844596000,35333161000,10106247000,10035061000,22.87,-5158625000,97.93,72.67
2025-12-28,ETR,4.06,12730047000.0,22.87,None,0.616,37.31,,None,635909000,635909000,,,,,,,,,6542233000,388476630,None,4859915000,4859915000,1412607000,None,1785472000,1234624000,None,None,1001852000,,2.41,0.026,,,,0.02,0.08,1742107000,2743959000,1.45,2019-06-30,21.14,377172000,6190900000.0,5246332000,1527836000,559284000,None,None,None,0,None,917718000,None,None,17204288000,None,7837269000,923758000,None,None,None,0.301,,3504225000,1742107000,495257000,698943000,None,14221744000,None,,,,,1.297,2.484,3.257,,,,,,,,0.142,,33544735000,2025-10-29,quarterly,1.53,USD,pre-market,None,8873465000,0.0313,0.112,0.125,29.17,None,18989760000,1785472000,None,88.13,94.86,5.5172,50565745000,3283508000,4522608000,40768242000,47282237000,36245634000,10106247000,9797503000,22.87,-5187791000,97.93,72.67
2025-12-28,ETR,4.06,12730047000.0,22.87,None,0.616,37.31,,None,983496000,983496000,,,,,,,,,5922799000,384468382,None,4859915000,4859915000,1406327000,None,2092332000,1074709000,None,None,1001852000,,2.41,0.026,,,,0.02,0.08,1742107000,2743959000,1.45,2019-03-31,21.14,377172000,6190900000.0,5246332000,1527836000,559284000,None,None,None,0,None,893412000,None,None,17167886000,None,7627929000,923758000,None,None,None,0.301,,3504225000,1742107000,456159000,742835000,None,13923313000,None,,,,,1.297,2.484,3.257,,,,,,,,0.142,,32652221000,2025-10-29,quarterly,1.53,USD,pre-market,None,8809902000,0.0313,0.112,0.125,29.17,None,19260218000,2092332000,None,88.13,94.86,5.5172,49605381000,3407776000,4861083000,40635014000,46197605000,35773931000,10106247000,8970367000,22.87,-5211182000,97.93,72.67
2025-12-28,ETR,4.06,12730047000.0,22.87,None,0.616,37.31,,20378000,480975000,480975000,,,,,,,,,5954047000,366167346,None,4859915000,4859915000,1496058000,None,650009000,1114405000,None,None,1001852000,,2.41,0.026,,,,0.02,0.08,1742107000,2743959000,1.45,2018-12-31,21.14,377172000,6190900000.0,5246332000,1527836000,559284000,None,None,None,0,None,870147000,None,None,15518303000,None,7661811000,923758000,None,None,None,0.301,,3504225000,1742107000,492537000,687775000,None,13908881000,None,,,,,1.297,2.484,3.257,,,,,,,,0.142,,31974446000,2025-10-29,quarterly,1.53,USD,pre-market,None,8721150000,0.0313,0.112,0.125,29.17,None,18132646000,2593965000,None,88.13,94.86,5.5172,48275066000,2958064000,5443544000,39430761000,45317002000,33987217000,10106247000,8844305000,22.87,-5273719000,97.93,72.67
2025-12-28,ETR,4.06,12730047000.0,22.87,None,0.616,37.31,,20887000,987981000,987981000,,,,,,,,,5444244000,367329166,None,4859915000,4859915000,1392114000,None,735009000,1366653000,None,None,1001852000,,2.41,0.026,,,,0.02,0.08,1742107000,2743959000,1.45,2018-09-30,21.14,377172000,6190900000.0,5246332000,1527836000,559284000,377172000,377172000,None,0,None,880686000,None,None,15780827000,None,8183855000,923758000,None,None,None,0.301,,3504225000,1742107000,459226000,1007667000,None,13667431000,None,,,,,1.297,2.484,3.257,,,,,,,,0.142,,31092736000,2025-10-29,quarterly,1.53,USD,pre-market,None,8953611000,0.0313,0.112,0.125,29.17,None,18484866000,2683152000,0,88.13,94.86,5.5172,48471172000,3694546000,5750563000,40058460000,44776626000,34307897000,10106247000,8412712000,22.87,-5353017000,97.93,72.67
2025-12-28,ETR,4.06,12730047000.0,22.87,None,0.616,37.31,,21263000,812787000,812787000,,,,,,,,,5431952000,365965260,None,4859915000,4859915000,1459432000,None,1016908000,1258466000,None,None,1001852000,,2.41,0.026,,,,0.02,0.08,1742107000,2743959000,1.45,2018-06-30,21.14,377172000,6190900000.0,5246332000,1527836000,559284000,377172000,377172000,None,0,None,926651000,None,None,14857686000,None,7946110000,923758000,None,None,None,0.301,,3504225000,1742107000,536546000,1158434000,None,13641718000,None,,,,,1.297,2.484,3.257,,,,,,,,0.142,,30512113000,2025-10-29,quarterly,1.53,USD,pre-market,None,8578276000,0.0313,0.112,0.125,29.17,None,17881402000,3002453000,0,88.13,94.86,5.5172,47622649000,3534450000,6232073000,39600188000,44088199000,33368115000,10106247000,8022461000,22.87,-5374125000,97.93,72.67
2025-12-28,ETR,4.06,12730047000.0,22.87,None,0.616,37.31,,21632000,1205596000,1205596000,,,,,,,,,5419811000,362863936,None,4859915000,4859915000,1260718000,None,1260008000,1081801000,None,None,1001852000,,2.41,0.026,,,,0.02,0.08,1742107000,2743959000,1.45,2018-03-31,21.14,377172000,6190900000.0,5246332000,1527836000,559284000,377172000,377172000,None,0,None,940581000,None,None,15591628000,None,7838826000,923758000,None,None,None,0.301,,3504225000,1742107000,427756000,1343657000,None,13593181000,None,,,,,1.297,2.484,3.257,,,,,,,,0.142,,30102674000,2025-10-29,quarterly,1.53,USD,pre-market,None,8493790000,0.0313,0.112,0.125,29.17,None,17679818000,2066558000,0,88.13,94.86,5.5172,47281525000,3655734000,5232672000,39306582000,43625791000,34073910000,10106247000,7974943000,22.87,-5377160000,97.93,72.67
2025-12-28,ETR,4.06,12730047000.0,22.87,None,0.616,37.31,,22015000,781273000,781273000,,,,,,,,,5435981000,360607010,None,4859915000,4859915000,1452216000,None,760007000,1212950000,None,None,1001852000,,2.41,0.026,,,,0.02,0.08,1742107000,2743959000,1.45,2017-12-31,21.14,377172000,6190900000.0,5246332000,1527836000,559284000,377172000,377172000,None,0,None,905865000,None,None,14315259000,None,7915033000,923758000,None,None,None,0.301,,3504225000,1742107000,385243000,627877000,None,14457213000,None,,,,,1.297,2.484,3.257,,,,,,,,0.142,,29664360000,2025-10-29,quarterly,1.53,USD,pre-market,None,7977702000,0.0313,0.112,0.125,29.17,None,16677091000,2339817000,0,88.13,94.86,5.5172,46707149000,3285331000,5036207000,38714634000,43421818000,33678427000,10106247000,7992515000,22.87,-5397637000,97.93,72.67
2025-12-28,ETR,4.06,12730047000.0,22.87,None,0.616,37.31,,22783000,546291000,546291000,,,,,,,,,5423156000,360928138,None,4859915000,4859915000,1105038000,None,869207000,1313343000,None,None,1001852000,,2.41,0.026,,,,0.02,0.08,1742107000,2743959000,1.45,2017-09-30,21.14,377172000,6190900000.0,5246332000,1527836000,559284000,377172000,377172000,None,0,None,878636000,None,None,13977522000,None,7683096000,923758000,None,None,None,0.301,,3504225000,1742107000,732961000,480624000,None,11285322000,None,,,,,1.297,2.484,3.257,,,,,,,,0.142,,28960766000,2025-10-29,quarterly,1.53,USD,pre-market,None,8617901000,0.0313,0.112,0.125,29.17,None,16224243000,2223938000,0,88.13,94.86,5.5172,46398442000,3471231000,4460871000,37708205000,42927211000,33247334000,10106247000,8690237000,22.87,-5462498000,97.93,72.67
2025-12-28,ETR,4.06,12730047000.0,22.87,None,0.616,37.31,,23179000,934495000,934495000,,,,,,,,,5412410000,360469388,None,4859915000,4859915000,1165699000,None,16285203000,1120436000,None,None,1001852000,,2.41,0.026,,,,0.02,0.08,1742107000,2743959000,1.45,2017-06-30,21.14,377172000,6190900000.0,5246332000,1527836000,559284000,377172000,377172000,None,0,None,869077000,None,None,14307759000,None,7498177000,923758000,None,None,None,0.301,,3504225000,1742107000,675336000,540565000,None,11393467000,None,,,,,1.297,2.484,3.257,,,,,,,,0.142,,28567225000,2025-10-29,quarterly,1.53,USD,pre-market,None,8375890000,0.0313,0.112,0.125,29.17,None,16285203000,1954265000,0,88.13,94.86,5.5172,46007037000,3599344000,4240530000,37636181000,42407693000,33395651000,10106247000,8370856000,22.87,-5470217000,97.93,72.67
2025-12-28,ETR,4.06,12730047000.0,22.87,None,0.616,37.31,,None,1083062000,1083062000,,,,,,,,,5400627000,359684106,None,4859915000,4859915000,1149498000,None,1659820000,973143000,None,None,1001852000,,2.41,0.026,,,,0.02,0.08,1742107000,2743959000,1.45,2017-03-31,21.14,377172000,6190900000.0,5246332000,1527836000,559284000,377172000,377172000,None,0,None,854402000,None,None,13950777000,None,None,923758000,None,None,None,0.301,,3504225000,1742107000,486884000,543601000,None,None,None,,,,,1.297,2.484,3.257,,,,,,,,0.142,,28173353000,2025-10-29,quarterly,1.53,USD,pre-market,None,8122103000,0.0313,0.112,0.125,29.17,None,15610597000,1659820000,0,88.13,94.86,5.5172,45318206000,3397491000,3879043000,37261017000,41920715000,33381974000,10106247000,8057189000,22.87,-5476501000,97.93,72.67
2025-12-28,ETR,4.06,12730047000.0,22.87,None,0.616,37.31,,None,1187844000,1187844000,,,,,,,,,5419793000,358256850,None,4859915000,4859915000,1285577000,None,364900000,1170167000,None,None,1001852000,,2.41,0.026,,,,0.02,0.08,1742107000,2743959000,1.45,2016-12-31,21.14,377172000,6190900000.0,5246332000,1527836000,559284000,377172000,377172000,None,0,None,878123000,None,None,14492237000,None,469862000,923758000,None,None,None,0.301,,3504225000,1742107000,448134000,547760000,None,None,None,,,,,1.297,2.484,3.257,,,,,,,,0.142,,27921407000,2025-10-29,quarterly,1.53,USD,pre-market,None,8195571000,0.0313,0.112,0.125,29.17,None,15274571000,782334000,0,88.13,94.86,5.5172,45904434000,3684268000,3200096000,37822625000,42220166000,34622529000,10106247000,8081809000,22.87,-5498584000,97.93,72.67
2025-12-28,ETR,4.06,12730047000.0,22.87,None,0.616,37.31,,24957000,1307434000,1307434000,,,,,,,,,5406535000,359981776,None,4859915000,4859915000,1063139000,None,1186306000,1380457000,None,None,1001852000,,2.41,0.026,,,,0.02,0.08,1742107000,2743959000,1.45,2016-09-30,21.14,377172000,6190900000.0,5246332000,1527836000,559284000,377172000,377172000,None,0,None,1107179000,None,None,13861703000,None,6368763000,923758000,None,None,None,0.301,,3504225000,1742107000,544965000,560002000,None,11357541000,None,,,,,1.297,2.484,3.257,,,,,,,,0.142,,29329125000,2025-10-29,quarterly,1.53,USD,pre-market,None,10123086000,0.0313,0.112,0.125,29.17,None,15072966000,1186306000,0,88.13,94.86,5.5172,47738181000,4340035000,3451747000,37669119000,43398146000,34217372000,10106247000,10069062000,22.87,-5498695000,97.93,72.67
2025-12-28,ETR,4.06,12730047000.0,22.87,None,0.616,37.31,,None,996099000,996099000,,,,,,,,,5395094000,359007164,None,4859915000,4859915000,967080000,None,1699435000,932490000,None,None,1001852000,,2.41,0.026,,,,0.02,0.08,1742107000,2743959000,1.45,2016-06-30,21.14,377172000,6190900000.0,5246332000,1527836000,559284000,377172000,377172000,None,0,None,1112197000,None,None,13137639000,None,None,923758000,None,None,None,0.301,,3504225000,1742107000,811142000,713218000,None,None,None,,,,,1.297,2.484,3.257,,,,,,,,0.142,,29069679000,2025-10-29,quarterly,1.53,USD,pre-market,None,9887350000,0.0313,0.112,0.125,29.17,None,14837074000,1699435000,0,88.13,94.86,5.5172,45877042000,3851928000,4021843000,36119255000,42025114000,32097412000,10106247000,9757787000,22.87,-5515502000,97.93,72.67
2025-12-28,ETR,4.06,12730047000.0,22.87,None,0.616,37.31,,26290000,1091651000,1091651000,,,,,,,,,5387310000,357952760,None,4859915000,4859915000,888349000,None,1565573000,822653000,None,None,1001852000,,2.41,0.026,,,,0.02,0.08,1742107000,2743959000,1.45,2016-03-31,21.14,377172000,6190900000.0,5246332000,1527836000,559284000,377172000,377172000,None,0,None,1100577000,None,None,13500140000,None,6168045000,923758000,None,None,None,0.301,,3504225000,1742107000,986314000,767781000,None,10189605000,None,,,,,1.297,2.484,3.257,,,,,,,,0.142,,28982008000,2025-10-29,quarterly,1.53,USD,pre-market,None,9472040000,0.0313,0.112,0.125,29.17,None,15092003000,1565573000,0,88.13,94.86,5.5172,45933882000,4001195000,3839348000,36572935000,41932687000,32733587000,10106247000,9360947000,22.87,-5528195000,97.93,72.67
2025-12-28,ETR,4.06,12730047000.0,22.87,None,0.616,37.31,,27001000,1350961000,1350961000,,,,,,,,,5406306000,358139896,None,4859915000,4859915000,1071798000,None,214374000,890536000,None,None,1001852000,,2.41,0.026,,,,0.02,0.08,1742107000,2743959000,1.45,2015-12-31,21.14,377172000,6190900000.0,5246332000,1527836000,559284000,377172000,377172000,None,0,None,1091167000,None,None,13111556000,None,6042997000,923758000,None,None,None,0.301,,3504225000,1742107000,734748000,677245000,None,10303025000,None,,,,,1.297,2.484,3.257,,,,,,,,0.142,,27824361000,2025-10-29,quarterly,1.53,USD,pre-market,None,9393913000,0.0313,0.112,0.125,29.17,None,13849988000,711431000,0,88.13,94.86,5.5172,44647681000,4067412000,3089958000,35390890000,40580269000,32300932000,10106247000,9256791000,22.87,-5552379000,97.93,72.67
2025-12-28,ETR,4.06,12730047000.0,22.87,None,0.616,37.31,,27697000,1040598000,1040598000,,,,,,,,,5381495000,358303664,None,4859915000,4859915000,1042173000,None,None,1333139000,None,None,1001852000,,2.41,0.026,,,,0.02,0.08,1742107000,2743959000,1.45,2015-09-30,21.14,377172000,6190900000.0,5246332000,1527836000,559284000,377172000,377172000,None,0,None,1094520000,None,None,13052547000,None,5919722000,923758000,None,None,None,0.301,,3504225000,1742107000,649089000,691960000,None,10199311000,None,,,,,1.297,2.484,3.257,,,,,,,,0.142,,27986551000,2025-10-29,quarterly,1.53,USD,pre-market,None,9445969000,0.0313,0.112,0.125,29.17,None,14143637000,1063393000,0,88.13,94.86,5.5172,45041605000,4117346000,3453826000,35884480000,40924259000,32430654000,10106247000,9157125000,22.87,-5552541000,97.93,72.67
2025-12-28,ETR,4.06,12730047000.0,22.87,None,0.616,37.31,,28382000,910370000,910370000,,,,,,,,,5364881000,360239674,None,4859915000,4859915000,1013026000,None,None,998431000,None,None,1001852000,,2.41,0.026,,,,0.02,0.08,1742107000,2743959000,1.45,2015-06-30,21.14,377172000,6190900000.0,5246332000,1527836000,559284000,377172000,377172000,None,0,None,1150604000,None,None,12092042000,None,6050985000,923758000,None,None,None,0.301,,3504225000,1742107000,1025645000,721600000,None,10244187000,None,,,,,1.297,2.484,3.257,,,,,,,,0.142,,28857902000,2025-10-29,quarterly,1.53,USD,pre-market,None,10318290000,0.0313,0.112,0.125,29.17,None,13857792000,1737368000,0,88.13,94.86,5.5172,46265651000,4085050000,3998371000,36013455000,42180601000,32015084000,10106247000,10158196000,22.87,-5478159000,97.93,72.67
2025-12-28,ETR,4.06,12730047000.0,22.87,None,0.616,37.31,,29051000,1180546000,1180546000,,,,,,,,,5354238000,360961046,None,4859915000,4859915000,941596000,None,None,1067907000,None,None,1001852000,,2.41,0.026,,,,0.02,0.08,1742107000,2743959000,1.45,2015-03-31,21.14,377172000,6190900000.0,5246332000,1527836000,559284000,377172000,377172000,None,0,None,1157829000,None,None,12307540000,None,6113688000,923758000,None,None,None,0.301,,3504225000,1742107000,733703000,640614000,None,10426576000,None,,,,,1.297,2.484,3.257,,,,,,,,0.142,,28808027000,2025-10-29,quarterly,1.53,USD,pre-market,None,10318450000,0.0313,0.112,0.125,29.17,None,14044444000,1707853000,0,88.13,94.86,5.5172,46377533000,4139985000,3765425000,36149554000,42237548000,32384129000,10106247000,10133979000,22.87,-5478972000,97.93,72.67
2025-12-28,ETR,4.06,12730047000.0,22.87,None,0.616,37.31,,29710000,1422026000,1422026000,,,,,,,,,5377901000,363206882,None,4859915000,4859915000,1166431000,None,899375000,882913000,None,None,1001852000,,2.41,0.026,,,,0.02,0.08,1742107000,2743959000,1.45,2014-12-31,21.14,377172000,6190900000.0,5246332000,1527836000,559284000,377172000,377172000,None,0,None,1124018000,None,None,12500109000,None,6026126000,923758000,None,None,None,0.301,,3504225000,1742107000,960676000,641896000,None,10455977000,None,,,,,1.297,2.484,3.257,,,,,,,,0.142,,28722946000,2025-10-29,quarterly,1.53,USD,pre-market,None,10169657000,0.0313,0.112,0.125,29.17,None,13916710000,1500290000,0,88.13,94.86,5.5172,46527854000,4389633000,3848891000,36312730000,42138221000,32463839000,10106247000,10007725000,22.87,-5497526000,97.93,72.67
2025-12-28,ETR,4.06,12730047000.0,22.87,None,0.616,37.31,,30354000,1068509000,1068509000,,,,,,,,,5370316000,361054232,None,4859915000,4859915000,1104105000,None,None,1313383000,None,None,1001852000,,2.41,0.026,,,,0.02,0.08,1742107000,2743959000,1.45,2014-09-30,21.14,377172000,6190900000.0,5246332000,1527836000,559284000,377172000,377172000,None,0,None,1109029000,None,None,11634662000,None,5830190000,923758000,None,None,None,0.301,,3504225000,1742107000,773618000,724559000,None,8649149000,None,,,,,1.297,2.484,3.257,,,,,,,,0.142,,28289138000,2025-10-29,quarterly,1.53,USD,pre-market,None,10199338000,0.0313,0.112,0.125,29.17,None,13672967000,2007951000,0,88.13,94.86,5.5172,44541649000,4264539000,4453567000,34298614000,40277110000,29845047000,10106247000,10149035000,22.87,-5441003000,97.93,72.67
2025-12-28,ETR,4.06,12730047000.0,22.87,None,0.616,37.31,,30988000,650068000,650068000,,,,,,,,,5360943000,360090864,None,4859915000,4859915000,1159726000,None,None,1041802000,None,None,1001852000,,2.41,0.026,,,,0.02,0.08,1742107000,2743959000,1.45,2014-06-30,21.14,377172000,6190900000.0,5246332000,1527836000,559284000,377172000,377172000,None,0,None,1109815000,None,None,11936105000,None,5539869000,923758000,None,None,None,0.301,,3504225000,1742107000,1443448000,691084000,None,8443595000,None,,,,,1.297,2.484,3.257,,,,,,,,0.142,,28109244000,2025-10-29,quarterly,1.53,USD,pre-market,None,10118382000,0.0313,0.112,0.125,29.17,None,13691521000,1724428000,0,88.13,94.86,5.5172,44150747000,4245133000,4128069000,33994279000,39905614000,29866210000,10106247000,10062468000,22.87,-5447925000,97.93,72.67
2025-12-28,ETR,4.06,12730047000.0,22.87,None,0.616,37.31,,31608000,908483000,908483000,,,,,,,,,5353180000,358111934,None,4859915000,4859915000,1145591000,None,None,943569000,None,None,1001852000,,2.41,0.026,,,,0.02,0.08,1742107000,2743959000,1.45,2014-03-31,21.14,377172000,6190900000.0,5246332000,1527836000,559284000,377172000,377172000,None,0,None,1119274000,None,None,12198641000,None,5397252000,923758000,None,None,None,0.301,,3504225000,1742107000,1221990000,658003000,None,8339032000,None,,,,,1.297,2.484,3.257,,,,,,,,0.142,,28008657000,2025-10-29,quarterly,1.53,USD,pre-market,None,10077952000,0.0313,0.112,0.125,29.17,None,13860129000,1629880000,0,88.13,94.86,5.5172,43861316000,4177863000,3902008000,33834341000,39683453000,29916880000,10106247000,9948428000,22.87,-5477502000,97.93,72.67
2025-12-28,ETR,4.06,12730047000.0,22.87,None,0.616,37.31,,32218000,739126000,739126000,,,,,,,,,5370679000,357502872,None,4859915000,4859915000,1173313000,None,None,977158000,None,None,1001852000,,2.41,0.026,,,,0.02,0.08,1742107000,2743959000,1.45,2013-12-31,21.14,377172000,6190900000.0,5246332000,1527836000,559284000,377172000,377172000,None,0,None,1123964000,None,None,12139149000,None,5353485000,923758000,None,None,None,0.301,,3504225000,1742107000,1089443000,818864000,None,8248881000,None,,,,,1.297,2.484,3.257,,,,,,,,0.142,,27881644000,2025-10-29,quarterly,1.53,USD,pre-market,None,9825053000,0.0313,0.112,0.125,29.17,None,13677672000,1506305000,45885000,88.13,94.86,5.5172,43406446000,3929691000,4060572000,33679980000,39476755000,29619408000,10106247000,9632466000,22.87,-5533942000,97.93,72.67
2025-12-28,ETR,4.06,12730047000.0,22.87,None,0.616,37.31,,32814000,365332000,365332000,,,,,,,,,5364972000,357304420,None,4859915000,4859915000,900131000,None,None,1097139000,None,None,1001852000,,2.41,0.026,,,,0.02,0.08,1742107000,2743959000,1.45,2013-09-30,21.14,377172000,6190900000.0,5246332000,1527836000,559284000,377172000,377172000,None,0,None,1103528000,None,None,12275492000,None,5118227000,923758000,None,None,None,0.301,,3504225000,1742107000,923591000,530161000,None,9290616000,None,,,,,1.297,2.484,3.257,,,,,,,,0.142,,27567439000,2025-10-29,quarterly,1.53,USD,pre-market,None,9825653000,0.0313,0.112,0.125,29.17,None,13623322000,1315016000,49741000,88.13,94.86,5.5172,43324238000,3441444000,3428760000,33821675000,39882794000,30382647000,10106247000,9408451000,22.87,-5538644000,97.93,72.67
2025-12-28,ETR,4.06,12730047000.0,22.87,None,0.616,37.31,,33402000,311372000,311372000,,,,,,,,,5358301000,357228766,None,4859915000,4859915000,1170405000,None,None,1222433000,None,None,1001852000,,2.41,0.026,,,,0.02,0.08,1742107000,2743959000,1.45,2013-06-30,21.14,377172000,6190900000.0,5246332000,1527836000,559284000,377172000,377172000,None,0,None,1142869000,None,None,12094752000,None,4952329000,923758000,None,None,None,0.301,,3504225000,1742107000,878126000,553926000,None,8987129000,None,,,,,1.297,2.484,3.257,,,,,,,,0.142,,27572077000,2025-10-29,quarterly,1.53,USD,pre-market,None,9733990000,0.0313,0.112,0.125,29.17,None,13747011000,1618857000,36922000,88.13,94.86,5.5172,43262285000,3591722000,3983954000,33893768000,39670563000,29909814000,10106247000,9274517000,22.87,-5543471000,97.93,72.67
2025-12-28,ETR,4.06,12730047000.0,22.87,None,0.616,37.31,,None,262931000,262931000,,,,,,,,,5352433000,356826574,None,4859915000,4859915000,1036122000,None,None,1031560000,None,None,1001852000,,2.41,0.026,,,,0.02,0.08,1742107000,2743959000,1.45,2013-03-31,21.14,377172000,6190900000.0,5246332000,1527836000,559284000,377172000,377172000,None,0,None,1147081000,None,None,11763110000,None,None,923758000,None,None,None,0.301,,3504225000,1742107000,836863000,492923000,None,None,None,,,,,1.297,2.484,3.257,,,,,,,,0.142,,27309441000,2025-10-29,quarterly,1.53,USD,pre-market,None,9718171000,0.0313,0.112,0.125,29.17,None,13471115000,1708005000,44438000,88.13,94.86,5.5172,42792973000,3322873000,3896420000,33485897000,39470100000,29589477000,10106247000,9213076000,22.87,-5553870000,97.93,72.67
2025-12-28,ETR,4.06,12730047000.0,22.87,None,0.616,37.31,,None,532569000,532569000,,,,,,,,,5360400000,355615098,None,4859915000,4859915000,1217180000,None,None,1001715000,None,None,1001852000,,2.41,0.026,,,,0.02,0.08,1742107000,2743959000,1.45,2012-12-31,21.14,377172000,6190900000.0,5246332000,1527836000,559284000,377172000,377172000,None,0,None,1142361000,None,None,11954859000,None,None,923758000,None,None,None,0.301,,3504225000,1742107000,960441000,678525000,None,None,None,,,,,1.297,2.484,3.257,,,,,,,,0.142,,27298545000,2025-10-29,quarterly,1.53,USD,pre-market,None,9704591000,0.0313,0.112,0.125,29.17,None,13473257000,1518398000,46040000,88.13,94.86,5.5172,43185168000,3665792000,4088862000,33911413000,39519376000,29805092000,10106247000,9197089000,22.87,-5574819000,97.93,72.67
2025-12-28,ETR,4.06,12730047000.0,22.87,None,0.616,37.31,,None,749719000,749719000,,,,,,,,,2548000,355950150,None,4859915000,4859915000,1362702000,None,None,1147280000,None,None,1001852000,,2.41,0.026,,,,0.02,0.08,1742107000,2743959000,1.45,2012-09-30,21.14,377172000,6190900000.0,5246332000,1527836000,559284000,377172000,377172000,None,0,None,1136396000,None,None,11783684000,None,None,923758000,None,None,None,0.301,,3504225000,1742107000,774355000,729833000,None,None,None,,,,,1.297,2.484,3.257,,,,,,,,0.142,,26431531000,2025-10-29,quarterly,1.53,USD,pre-market,None,9555859000,0.0313,0.112,0.125,29.17,None,12931383000,1147699000,52340000,88.13,94.86,5.5172,42023680000,3807750000,3924268000,32739158000,38215930000,28814890000,10106247000,9284522000,22.87,-5584611000,97.93,72.67
2025-12-28,ETR,4.06,12730047000.0,22.87,None,0.616,37.31,,None,283393000,283393000,,,,,,,,,2548000,355130702,None,4859915000,4859915000,1035834000,None,None,1037450000,None,None,1001852000,,2.41,0.026,,,,0.02,0.08,1742107000,2743959000,1.45,2012-06-30,21.14,377172000,6190900000.0,5246332000,1527836000,559284000,377172000,377172000,None,0,None,1134238000,None,None,12005448000,None,None,923758000,None,None,None,0.301,,3504225000,1742107000,748419000,855060000,None,None,None,,,,,1.297,2.484,3.257,,,,,,,,0.142,,25995746000,2025-10-29,quarterly,1.53,USD,pre-market,None,9366221000,0.0313,0.112,0.125,29.17,None,12533306000,527858000,37428000,88.13,94.86,5.5172,40917605000,3203500000,3041943000,31793609000,37714105000,28751666000,10106247000,9123996000,22.87,-5619651000,97.93,72.67
2025-12-28,ETR,4.06,12730047000.0,22.87,None,0.616,37.31,,None,685002000,685002000,,,,,,,,,2548000,354776090,None,4859915000,4859915000,916248000,None,None,829063000,None,None,1001852000,,2.41,0.026,,,,0.02,0.08,1742107000,2743959000,1.45,2012-03-31,21.14,377172000,6190900000.0,5246332000,1527836000,559284000,377172000,377172000,None,0,None,1118978000,None,None,12158576000,None,None,923758000,None,None,None,0.301,,3504225000,1742107000,843294000,991496000,None,None,None,,,,,1.297,2.484,3.257,,,,,,,,0.142,,25586797000,2025-10-29,quarterly,1.53,USD,pre-market,None,9148262000,0.0313,0.112,0.125,29.17,None,12618656000,460080000,49364000,88.13,94.86,5.5172,40930224000,3476337000,3061520000,31921964000,37453887000,29011310000,10106247000,9008260000,22.87,-5622473000,97.93,72.67
2025-12-28,ETR,4.06,12730047000.0,22.87,None,0.616,37.31,,None,694438000,694438000,,,,,,,,,5363230000,354165140,None,4859915000,4859915000,1069096000,None,None,1001868000,None,None,1001852000,,2.41,0.026,,,,0.02,0.08,1742107000,2743959000,1.45,2011-12-31,21.14,377172000,6190900000.0,5246332000,1527836000,559284000,377172000,377172000,None,0,None,1096888000,None,None,10082134000,None,None,923758000,None,None,None,0.301,,3504225000,1742107000,779205000,946932000,None,None,None,,,,,1.297,2.484,3.257,,,,,,,,0.142,,25609285000,2025-10-29,quarterly,1.53,USD,pre-market,None,9446960000,0.0313,0.112,0.125,29.17,None,12386829000,2304695000,50304000,88.13,94.86,5.5172,40689269000,3610273000,4938269000,31646429000,37078996000,26695730000,10106247000,8961270000,22.87,-5680468000,97.93,72.67
2025-12-28,ETR,4.06,12730047000.0,22.87,None,0.616,37.31,,None,987140000,987140000,,,,,,,,,2548000,355446040,None,4859915000,4859915000,882651000,None,None,1248373000,None,None,1001852000,,2.41,0.026,,,,0.02,0.08,1742107000,2743959000,1.45,2011-09-30,21.14,377172000,6190900000.0,5246332000,1527836000,559284000,377172000,377172000,None,0,None,1075467000,None,None,10281334000,None,None,923758000,None,None,None,0.301,,3504225000,1742107000,843518000,-37237352000,None,None,None,,,,,1.297,2.484,3.257,,,,,,,,0.142,,24799027000,2025-10-29,quarterly,1.53,USD,pre-market,None,9439000000,0.0313,0.112,0.125,29.17,None,12452193000,2170859000,43487000,88.13,94.86,5.5172,39004498000,3997498000,4004343000,30102136000,35007000000,25940793000,10106247000,9059362000,22.87,-5700808000,97.93,72.67
2025-12-28,ETR,4.06,12730047000.0,22.87,None,0.616,37.31,,None,529858000,529858000,,,,,,,,,2548000,357850360,None,4859915000,4859915000,1044217000,None,None,1203102000,None,None,1001852000,,2.41,0.026,,,,0.02,0.08,1742107000,2743959000,1.45,2011-06-30,21.14,377172000,6190900000.0,5246332000,1527836000,559284000,377172000,377172000,None,0,None,1082323000,None,None,12097545000,None,None,923758000,None,None,None,0.301,,3504225000,1742107000,1047859000,-41659348000,None,None,None,,,,,1.297,2.484,3.257,,,,,,,,0.142,,24638853000,2025-10-29,quarterly,1.53,USD,pre-market,None,8957516000,0.0313,0.112,0.125,29.17,None,12360001000,262456000,468828000,88.13,94.86,5.5172,39129761000,3863142000,2242404000,30438195000,35266619000,28195791000,10106247000,8691566000,22.87,-5653474000,97.93,72.67
2025-12-28,ETR,4.06,12730047000.0,22.87,None,0.616,37.31,,None,726237000,726237000,,,,,,,,,2548000,360167660,None,4859915000,4859915000,986307000,None,None,932137000,None,None,1001852000,,2.41,0.026,,,,0.02,0.08,1742107000,2743959000,1.45,2011-03-31,21.14,377172000,6190900000.0,5246332000,1527836000,559284000,377172000,377172000,None,0,None,1086626000,None,None,11622505000,None,None,923758000,None,None,None,0.301,,3504225000,1742107000,1032586000,-40611037000,None,None,None,,,,,1.297,2.484,3.257,,,,,,,,0.142,,24195689000,2025-10-29,quarterly,1.53,USD,pre-market,None,8789534000,0.0313,0.112,0.125,29.17,None,12017700000,395195000,659124000,88.13,94.86,5.5172,38598566000,3777586000,2310744000,29969428000,34820980000,27658684000,10106247000,8629138000,22.87,-5556285000,97.93,72.67
2025-12-28,ETR,4.06,12730047000.0,22.87,None,0.616,37.31,,None,1294472000,1294472000,,,,,,,,,2548000,375591407,None,4859915000,4859915000,1181099000,None,None,1035582000,None,None,1001852000,,2.41,0.026,,,,0.02,0.08,1742107000,2743959000,1.45,2010-12-31,21.14,377172000,6190900000.0,5246332000,1527836000,559284000,377172000,377172000,None,0,None,1074428000,None,None,11359235000,None,None,923758000,None,None,None,0.301,,3504225000,1742107000,934601000,762879000,None,None,None,,,,,1.297,2.484,3.257,,,,,,,,0.142,,23848355000,2025-10-29,quarterly,1.53,USD,pre-market,None,8689401000,0.0313,0.112,0.125,29.17,None,11816306000,457071000,43044000,88.13,94.86,5.5172,38685276000,4339083000,2776249000,30094876000,34346193000,27318627000,10106247000,8590400000,22.87,-5524811000,97.93,72.67
2025-12-28,ETR,4.06,12730047000.0,22.87,None,0.616,37.31,,None,1930919000,1930919000,,,,,,,,,2548000,375554344,None,4859915000,4859915000,1009194000,None,None,1217205000,None,None,1001852000,,2.41,0.026,,,,0.02,0.08,1742107000,2743959000,1.45,2010-09-30,21.14,377172000,6190900000.0,5246332000,1527836000,559284000,377172000,377172000,None,0,None,1045718000,None,None,11487386000,None,None,923758000,None,None,None,0.301,,3504225000,1742107000,853621000,-58318351000,None,None,None,,,,,1.297,2.484,3.257,,,,,,,,0.142,,23570456000,2025-10-29,quarterly,1.53,USD,pre-market,None,8611081000,0.0313,0.112,0.125,29.17,None,12247436000,760050000,36280000,88.13,94.86,5.5172,38680038000,5052292000,2919015000,29842455000,33627746000,26928269000,10106247000,8825752000,22.87,-5321534000,97.93,72.67
2025-12-28,ETR,4.06,12730047000.0,22.87,None,0.616,37.31,,35998000,1335524000,1335524000,,,,,,,,,2548000,381435916,None,4859915000,4859915000,976740000,None,None,1166155000,None,None,1001852000,,2.41,0.026,,,,0.02,0.08,1742107000,2743959000,1.45,2010-06-30,21.14,377172000,6190900000.0,5246332000,1527836000,559284000,377172000,377172000,None,0,None,1038196000,None,None,11020326000,None,3611674000,923758000,None,None,None,0.301,,3504225000,1742107000,822647000,-57911901000,None,6503904000,None,,,,,1.297,2.484,3.257,,,,,,,,0.142,,23491668000,2025-10-29,quarterly,1.53,USD,pre-market,None,8273153000,0.0313,0.112,0.125,29.17,None,11853184000,796860000,35626000,88.13,94.86,5.5172,37752074000,4362522000,2806504000,28887336000,33389552000,26080832000,10106247000,8864738000,22.87,-4851017000,97.93,72.67
2025-12-28,ETR,4.06,12730047000.0,22.87,None,0.616,37.31,,None,1657034000,1657034000,,,,,,,,,2548000,382567406,None,4859915000,4859915000,877093000,None,None,936998000,None,None,1001852000,,2.41,0.026,,,,0.02,0.08,1742107000,2743959000,1.45,2010-03-31,21.14,377172000,6190900000.0,5246332000,1527836000,559284000,377172000,377172000,None,0,None,1036894000,None,None,11173354000,None,None,923758000,None,None,None,0.301,,3504225000,1742107000,1101694000,-57806478000,None,None,None,,,,,1.297,2.484,3.257,,,,,,,,0.142,,23538995000,2025-10-29,quarterly,1.53,USD,pre-market,None,8115010000,0.0313,0.112,0.125,29.17,None,12151661000,978307000,35037000,88.13,94.86,5.5172,38109402000,4732620000,3059781000,29155323000,33376782000,26095542000,10106247000,8954079000,22.87,-4716295000,97.93,72.67
2025-12-28,ETR,4.06,12730047000.0,22.87,None,0.616,37.31,,354233000,1709551000,1709551000,,,,,,,,,2548000,391713309,None,4859915000,4859915000,998228000,None,None,980827000,None,None,1001852000,,2.41,0.026,,,,0.02,0.08,1742107000,2743959000,1.45,2009-12-31,21.14,377172000,6190900000.0,5246332000,1527836000,559284000,377172000,377172000,None,0,None,1022557000,None,None,10705738000,None,3618700000,923758000,None,None,None,0.301,,3504225000,1742107000,821226000,858973000,None,6455212000,None,,,,,1.297,2.484,3.257,,,,,,,,0.142,,23389402000,2025-10-29,quarterly,1.53,USD,pre-market,None,8043122000,0.0313,0.112,0.125,29.17,None,12014455000,954484000,13098000,88.13,94.86,5.5172,37364597000,4534161000,3193997000,28854593000,32830436000,25660596000,10106247000,8707360000,22.87,-4727167000,97.93,72.67
2025-12-28,ETR,4.06,12730047000.0,22.87,None,0.616,37.31,,None,1130780000,1130780000,,,,,,,,,2548000,391750482,None,4859915000,4859915000,818349000,None,None,1082415000,None,None,1001852000,,2.41,0.026,,,,0.02,0.08,1742107000,2743959000,1.45,2009-09-30,21.14,377172000,6190900000.0,5246332000,1527836000,559284000,377172000,377172000,None,0,None,1022420000,None,None,10346268000,None,None,923758000,None,None,None,0.301,,3504225000,1742107000,710767000,1257964000,None,None,None,,,,,1.297,2.484,3.257,,,,,,,,0.142,,22966267000,2025-10-29,quarterly,1.53,USD,pre-market,None,7871051000,0.0313,0.112,0.125,29.17,None,11522008000,1175740000,20421000,88.13,94.86,5.5172,36170335000,3966803000,3374194000,27592988000,32203532000,24218794000,10106247000,8268124000,22.87,-4742165000,97.93,72.67
2025-12-28,ETR,4.06,12730047000.0,22.87,None,0.616,37.31,,None,1280907000,1280907000,,,,,,,,,2548000,396486338,None,4859915000,4859915000,949758000,None,None,1095384000,None,None,1001852000,,2.41,0.026,,,,0.02,0.08,1742107000,2743959000,1.45,2009-06-30,21.14,377172000,6190900000.0,5246332000,1527836000,559284000,377172000,377172000,None,0,None,1019288000,None,None,10484874000,None,None,923758000,None,None,None,0.301,,3504225000,1742107000,1025387000,1445638000,None,None,None,,,,,1.297,2.484,3.257,,,,,,,,0.142,,22819170000,2025-10-29,quarterly,1.53,USD,pre-market,None,7562587000,0.0313,0.112,0.125,29.17,None,11510294000,1025420000,9100000,88.13,94.86,5.5172,36485220000,4430066000,3501219000,27624746000,32055154000,24123527000,10106247000,8860474000,22.87,-4163312000,97.93,72.67
2025-12-28,ETR,4.06,12730047000.0,22.87,None,0.616,37.31,,None,1802958000,1802958000,,,,,,,,,2548000,396116004,None,4859915000,4859915000,874068000,None,None,994985000,None,None,1001852000,,2.41,0.026,,,,0.02,0.08,1742107000,2743959000,1.45,2009-03-31,21.14,377172000,6190900000.0,5246332000,1527836000,559284000,377172000,377172000,None,0,None,1016055000,None,None,11215692000,None,None,923758000,None,None,None,0.301,,3504225000,1742107000,1031475000,1499527000,None,None,None,,,,,1.297,2.484,3.257,,,,,,,,0.142,,22619677000,2025-10-29,quarterly,1.53,USD,pre-market,None,7482329000,0.0313,0.112,0.125,29.17,None,12033788000,818096000,19893000,88.13,94.86,5.5172,36612587000,4865366000,3254117000,27888181000,31747221000,24634064000,10106247000,8724406000,22.87,-4166451000,97.93,72.67
2025-12-28,ETR,4.06,12730047000.0,22.87,None,0.616,37.31,,None,1920491000,1920491000,,,,,,,,,2482000,399069590,None,4859915000,4859915000,1475745000,None,None,1198135000,None,None,1001852000,,2.41,0.026,,,,0.02,0.08,1742107000,2743959000,1.45,2008-12-31,21.14,377172000,6190900000.0,5246332000,1527836000,559284000,377172000,377172000,None,0,None,992315000,None,None,11517382000,None,None,923758000,None,None,None,0.301,,3504225000,1742107000,1049448000,1150749000,None,None,None,,,,,1.297,2.484,3.257,,,,,,,,0.142,,22429114000,2025-10-29,quarterly,1.53,USD,pre-market,None,7382719000,0.0313,0.112,0.125,29.17,None,12279269000,761887000,2878000,88.13,94.86,5.5172,36616818000,5160389000,3765894000,28556226000,31456429000,24790332000,10106247000,8060592000,22.87,-4175214000,97.93,72.67
2025-12-28,ETR,4.06,12730047000.0,22.87,None,0.616,37.31,,None,2555888000,2555888000,,,,,,,,,2482000,389921660,None,4859915000,4859915000,1919113000,None,None,1441416000,None,None,1001852000,,2.41,0.026,,,,0.02,0.08,1742107000,2743959000,1.45,2008-09-30,21.14,1441416000,6190900000.0,5246332000,1527836000,559284000,377172000,377172000,None,0,None,983685000,None,None,12261417000,None,None,923758000,None,None,None,0.301,,3504225000,1742107000,3330248000,1005926000,None,None,None,,,,,1.297,2.484,3.257,,,,,,,,0.142,,22052147000,2025-10-29,quarterly,1.53,USD,pre-market,None,7354147000,0.0313,0.112,0.125,29.17,None,12655735000,394318000,10942000,88.13,94.86,5.5172,36457964000,5886964000,3319357000,28170018000,30571000000,24851000000,10106247000,8287946000,22.87,-4133336000,97.93,72.67
2025-12-28,ETR,4.06,12730047000.0,22.87,None,0.616,37.31,,None,1086421000,1086421000,,,,,,,,,2482000,395728918,None,4859915000,4859915000,1388805000,None,None,1392876000,None,None,1001852000,,2.41,0.026,,,,0.02,0.08,1742107000,2743959000,1.45,2008-06-30,21.14,1392876000,6190900000.0,5246332000,1527836000,559284000,377172000,377172000,None,0,None,946017000,None,None,11043295000,None,None,923758000,None,None,None,0.301,,3504225000,1742107000,1312681000,1490861000,None,None,None,,,,,1.297,2.484,3.257,,,,,,,,0.142,,21294291000,2025-10-29,quarterly,1.53,USD,pre-market,None,7027630000,0.0313,0.112,0.125,29.17,None,11615859000,572564000,10102000,88.13,94.86,5.5172,34693341000,4737995000,3452230000,27059517000,29955346000,23608000000,10106247000,7633824000,22.87,-4056830000,97.93,72.67
2025-12-28,ETR,4.06,12730047000.0,22.87,None,0.616,37.31,,None,943331000,943331000,,,,,,,,,2482000,396600082,None,4859915000,4859915000,1040823000,None,None,1185440000,None,None,1001852000,,2.41,0.026,,,,0.02,0.08,1742107000,2743959000,1.45,2008-03-31,21.14,1185440000,6190900000.0,5246332000,1527836000,559284000,377172000,377172000,None,0,None,935655000,None,None,10203363000,None,None,923758000,None,None,None,0.301,,3504225000,1742107000,1817163000,1228887000,None,None,None,,,,,1.297,2.484,3.257,,,,,,,,0.142,,21191492000,2025-10-29,quarterly,1.53,USD,pre-market,None,6900345000,0.0313,0.112,0.125,29.17,None,11139896000,936533000,7019000,88.13,94.86,5.5172,33764767000,3946246000,3206243000,25780551000,29818521000,22575000000,10106247000,7984216000,22.87,-3876365000,97.93,72.67
2025-12-28,ETR,4.06,12730047000.0,22.87,None,0.616,37.31,,None,1273001000,1273001000,,,,,,,,,2482000,403313442,None,4859915000,4859915000,1031300000,None,None,1176071000,None,None,1001852000,,2.41,0.026,,,,0.02,0.08,1742107000,2743959000,1.45,2007-12-31,21.14,1176071000,6190900000.0,5246332000,1527836000,559284000,377172000,377172000,None,0,None,900960000,None,None,9948573000,None,None,923758000,None,None,None,0.301,,3504225000,1742107000,1875825000,1051045000,None,None,None,,,,,1.297,2.484,3.257,,,,,,,,0.142,,20974270000,2025-10-29,quarterly,1.53,USD,pre-market,None,6735965000,0.0313,0.112,0.125,29.17,None,11122982000,1174409000,5272000,88.13,94.86,5.5172,33643002000,3958247000,3256754000,25469169000,29684755000,22212000000,10106247000,8173833000,22.87,-3734865000,97.93,72.67
2025-12-28,ETR,4.06,12730047000.0,22.87,None,0.616,37.31,,None,1466685000,1466685000,,,,,,,,,2482000,401065884,None,4859915000,4859915000,978614000,None,None,1430880000,None,None,1001852000,,2.41,0.026,,,,0.02,0.08,1742107000,2743959000,1.45,2007-09-30,21.14,1430880000,6190900000.0,5246332000,1527836000,559284000,377172000,377172000,None,0,None,880749000,None,None,10330824000,None,None,923758000,None,None,None,0.301,,3504225000,1742107000,1922088000,881356000,None,None,None,,,,,1.297,2.484,3.257,,,,,,,,0.142,,20576713000,2025-10-29,quarterly,1.53,USD,pre-market,None,6687955000,0.0313,0.112,0.125,29.17,None,11187312000,863538000,3175000,88.13,94.86,5.5172,33758517000,4238065000,2723508000,25424125000,29520452000,22700000000,10106247000,8334392000,22.87,-3575552000,97.93,72.67
2025-12-28,ETR,4.06,12730047000.0,22.87,None,0.616,37.31,,None,1320222000,1320222000,,,,,,,,,2482000,406847292,None,4859915000,4859915000,997247000,None,None,1236513000,None,None,1001852000,,2.41,0.026,,,,0.02,0.08,1742107000,2743959000,1.45,2007-06-30,21.14,1236513000,6190900000.0,5246332000,1527836000,559284000,377172000,377172000,None,0,None,874636000,None,None,10485925000,None,None,923758000,None,None,None,0.301,,3504225000,1742107000,1922811000,1043143000,None,None,None,,,,,1.297,2.484,3.257,,,,,,,,0.142,,20834501000,2025-10-29,quarterly,1.53,USD,pre-market,None,6372687000,0.0313,0.112,0.125,29.17,None,10927338000,449663000,1270000,88.13,94.86,5.5172,33414727000,4036838000,2490053000,25262744000,29377889000,22773000000,10106247000,8151983000,22.87,-3386950000,97.93,72.67
2025-12-28,ETR,4.06,12730047000.0,22.87,None,0.616,37.31,,None,1080023000,1080023000,,,,,,,,,2482000,412266880,None,4859915000,4859915000,812018000,None,None,1021080000,None,None,1001852000,,2.41,0.026,,,,0.02,0.08,1742107000,2743959000,1.45,2007-03-31,21.14,1021080000,6190900000.0,5246332000,1527836000,559284000,377172000,377172000,None,0,None,814639000,None,None,9423696000,None,None,923758000,None,None,None,0.301,,3504225000,1742107000,380366000,826268000,None,None,None,,,,,1.297,2.484,3.257,,,,,,,,0.142,,19538309000,2025-10-29,quarterly,1.53,USD,pre-market,None,6211617000,0.0313,0.112,0.125,29.17,None,9865613000,450167000,None,88.13,94.86,5.5172,31146842000,3296108000,2088453000,22962871000,27850734000,20875000000,10106247000,8183971000,22.87,-3152286000,97.93,72.67
2025-12-28,ETR,4.06,12730047000.0,22.87,None,0.616,37.31,,None,1016152000,1016152000,,,,,,,,,2482000,423857225,None,4859915000,4859915000,1122596000,None,None,1127593000,None,None,1001852000,,2.41,0.026,,,,0.02,0.08,1742107000,2743959000,1.45,2006-12-31,21.14,377172000,6190900000.0,5246332000,1527836000,559284000,377172000,377172000,None,0,None,798096000,None,None,8996620000,None,None,923758000,None,None,None,0.301,,3504225000,1742107000,-2631364000,982673000,None,None,None,,,,,1.297,2.484,3.257,,,,,,,,0.142,,19438077000,2025-10-29,quarterly,1.53,USD,pre-market,None,6113042000,0.0313,0.112,0.125,29.17,None,9345981000,359861000,None,88.13,94.86,5.5172,31082731000,3325434000,2465130000,22539931000,27757297000,20075000000,10106247000,8542800000,22.87,-2644390000,97.93,72.67
2025-12-28,ETR,4.06,12730047000.0,22.87,None,0.616,37.31,,None,745028000,745028000,,,,,,,,,2482000,424809540,None,4859915000,4859915000,869185000,None,None,1343401000,None,None,1001852000,,2.41,0.026,,,,0.02,0.08,1742107000,2743959000,1.45,2006-09-30,21.14,377172000,6190900000.0,5246332000,1527836000,559284000,377172000,377172000,None,0,None,797413000,None,None,8808449000,None,None,923758000,None,None,None,0.301,,3504225000,1742107000,-2546878000,1022583000,None,None,None,,,,,1.297,2.484,3.257,,,,,,,,0.142,,19355471000,2025-10-29,quarterly,1.53,USD,pre-market,None,5950786000,0.0313,0.112,0.125,29.17,None,9043125000,245176000,None,88.13,94.86,5.5172,30557654000,3186334000,2136944000,21654359000,27371320000,19517000000,10106247000,8903295000,22.87,-2112092000,97.93,72.67
2025-12-28,ETR,4.06,12730047000.0,22.87,None,0.616,37.31,,None,728934000,728934000,,,,,,,,,2482000,423115970,None,4859915000,4859915000,984941000,None,None,1221912000,None,None,1001852000,,2.41,0.026,,,,0.02,0.08,1742107000,2743959000,1.45,2006-06-30,21.14,377172000,6190900000.0,5246332000,1527836000,559284000,377172000,377172000,None,0,None,798402000,None,None,9156759000,None,None,923758000,None,None,None,0.301,,3504225000,1742107000,-2409130000,1003288000,None,None,None,,,,,1.297,2.484,3.257,,,,,,,,0.142,,19307992000,2025-10-29,quarterly,1.53,USD,pre-market,None,5676094000,0.0313,0.112,0.125,29.17,None,9390234000,245175000,None,88.13,94.86,5.5172,30563673000,3301974000,2233404000,22009703000,27261699000,19777000000,10106247000,8553970000,22.87,-2133302000,97.93,72.67
2025-12-28,ETR,4.06,12730047000.0,22.87,None,0.616,37.31,,None,150640000,150640000,,,,,,,,,2482000,422749024,None,4859915000,4859915000,965229000,None,None,1160801000,None,None,1001852000,,2.41,0.026,,,,0.02,0.08,1742107000,2743959000,1.45,2006-03-31,21.14,377172000,6190900000.0,5246332000,1527836000,559284000,377172000,377172000,None,0,None,799055000,None,None,9086305000,None,None,923758000,None,None,None,0.301,,3504225000,1742107000,-1725054000,1054733000,None,None,None,,,,,1.297,2.484,3.257,,,,,,,,0.142,,19310233000,2025-10-29,quarterly,1.53,USD,pre-market,None,5509897000,0.0313,0.112,0.125,29.17,None,9316997000,242392000,None,88.13,94.86,5.5172,30516046000,3284104000,2262354000,21956916000,27231942000,19695000000,10106247000,8559130000,22.87,-2141189000,97.93,72.67
2025-12-28,ETR,4.06,12730047000.0,22.87,None,0.616,37.31,,None,582820000,582820000,,,,,,,,,2482000,426776981,None,4859915000,4859915000,1655787000,None,None,1535634000,None,None,1001852000,,2.41,0.026,,,,0.02,0.08,1742107000,2743959000,1.45,2005-12-31,21.14,377172000,6190900000.0,5246332000,1527836000,559284000,377172000,377172000,None,0,None,817127000,None,None,9013448000,None,None,923758000,None,None,None,0.301,,3504225000,1742107000,-2146566000,1182139000,None,None,None,,,,,1.297,2.484,3.257,,,,,,,,0.142,,19197045000,2025-10-29,quarterly,1.53,USD,pre-market,None,5433931000,0.0313,0.112,0.125,29.17,None,9273938000,274440000,None,88.13,94.86,5.5172,30851269000,4056294000,3127914000,22663412000,26794975000,19551000000,10106247000,8194245000,22.87,-2161960000,97.93,72.67
2025-12-28,ETR,4.06,12730047000.0,22.87,None,0.616,37.31,,None,96591000,96591000,,,,,,,,,2482000,424671238,None,4859915000,4859915000,1812601000,None,None,1844210000,None,None,1001852000,,2.41,0.026,,,,0.02,0.08,1742107000,2743959000,1.45,2005-09-30,21.14,1844210000,6190900000.0,5246332000,1527836000,559284000,377172000,377172000,None,0,None,727046000,None,None,8590013000,None,None,923758000,None,None,None,0.301,,3504225000,1742107000,1407311000,1127624000,None,None,None,,,,,1.297,2.484,3.257,,,,,,,,0.142,,18906689000,2025-10-29,quarterly,1.53,USD,pre-market,None,5450218000,0.0313,0.112,0.125,29.17,None,8851379000,275316000,None,88.13,94.86,5.5172,29966742000,4075158000,3215541000,21761678000,25891584000,18546000000,10106247000,8205064000,22.87,-2168035000,97.93,72.67
2025-12-28,ETR,4.06,12730047000.0,22.87,None,0.616,37.31,,None,859703000,859703000,,,,,,,,,5620000,431582000,None,4859915000,4859915000,1929162000,None,2305381000,1390399000,None,None,1001852000,,2.41,0.026,,,,0.02,0.08,1742107000,2743959000,1.45,2024-12-31,21.14,367625000,6190900000.0,5246332000,1527836000,559284000,None,None,None,0,None,1797464000,None,None,26613505000,None,5644919000,923758000,None,None,None,0.301,,3504225000,1742107000,348671000,956965000,None,1112881000,None,,,,,1.297,2.484,3.257,,,,,,,,0.142,,3630072000,2025-10-29,annual,1.53,USD,pre-market,None,12014315000,0.0313,0.112,0.125,29.17,None,28918886000,2305381000,None,88.13,94.86,5.5172,64790032000,4396237000,6111037000,49605048000,60393795000,43494011000,10106247000,15118908000,22.87,None,97.93,72.67
2025-12-28,ETR,4.06,12730047000.0,22.87,None,0.616,37.31,,None,132548000,132548000,,,,,,,,,7798221000,424752990,None,4859915000,4859915000,1566745000,None,3237228000,1393455000,None,None,1001852000,,2.41,0.026,,,,0.02,0.08,1742107000,2743959000,1.45,2023-12-31,21.14,374099000,6190900000.0,5246332000,1527836000,559284000,None,None,None,0,None,1611768000,None,None,23008839000,None,4863710000,923758000,None,None,None,0.301,,3504225000,1742107000,523098000,712160000,None,1116661000,None,,,,,1.297,2.484,3.257,,,,,,,,0.142,,2528249000,2025-10-29,annual,1.53,USD,pre-market,None,11940384000,0.0313,0.112,0.125,29.17,None,26246067000,3237228000,69494000,88.13,94.86,5.5172,59703396000,3660869000,6396492000,44960290000,56042527000,38563798000,10106247000,14657647000,22.87,None,97.93,72.67
2025-12-28,ETR,4.06,12730047000.0,22.87,None,0.616,37.31,,None,224164000,224164000,,,,,,,,,7635692000,411095156,None,4859915000,4859915000,1777590000,None,3136658000,1495257000,None,None,1001852000,,2.41,0.026,,,,0.02,0.08,1742107000,2743959000,1.45,2022-12-31,21.14,377172000,6190900000.0,5246332000,1527836000,559284000,None,None,None,0,None,1330940000,None,None,23623512000,None,4121864000,923758000,None,None,None,0.301,,3504225000,1742107000,1044665000,606385000,None,688720000,None,,,,,1.297,2.484,3.257,,,,,,,,0.142,,2210576000,2025-10-29,annual,1.53,USD,pre-market,None,10502041000,0.0313,0.112,0.125,29.17,None,26760170000,3136658000,108874000,88.13,94.86,5.5172,58595191000,4095026000,6369447000,45530299000,54500165000,39160852000,10106247000,13001985000,22.87,-4978994000,97.93,72.67
2025-12-28,ETR,4.06,12730047000.0,22.87,None,0.616,37.31,,None,442559000,442559000,,,,,,,,,2720000,403746048,None,4859915000,4859915000,2610132000,None,2240506000,1370356000,None,None,1001852000,,2.41,0.026,,,,0.02,0.08,1742107000,2743959000,1.45,2021-12-31,21.14,377172000,6190900000.0,5246332000,1527836000,559284000,None,None,None,0,None,1196090000,None,None,24841572000,None,5536020000,923758000,None,None,None,0.301,,3504225000,1742107000,614590000,525092000,None,815284000,None,,,,,1.297,2.484,3.257,,,,,,,,0.142,,1869542000,2025-10-29,annual,1.53,USD,pre-market,None,10240552000,0.0313,0.112,0.125,29.17,None,27082078000,2240506000,270947000,88.13,94.86,5.5172,59454242000,3623595000,6190742000,47783848000,55830647000,41593106000,10106247000,11637284000,22.87,-5039699000,97.93,72.67
2025-12-28,ETR,4.06,12730047000.0,22.87,None,0.616,37.31,,None,1759099000,1759099000,,,,,,,,,2700000,402204440,None,4859915000,4859915000,2739437000,None,2791504000,1285727000,None,None,1001852000,,2.41,0.026,,,,0.02,0.08,1742107000,2743959000,1.45,2020-12-31,21.14,377172000,6190900000.0,5246332000,1527836000,559284000,None,None,None,0,None,1135119000,None,None,21205761000,None,7810765000,923758000,None,None,None,0.301,,3504225000,1742107000,379954000,687042000,None,14218127000,None,,,,,1.297,2.484,3.257,,,,,,,,0.142,,38852777000,2025-10-29,annual,1.53,USD,pre-market,None,9897182000,0.0313,0.112,0.125,29.17,None,23997265000,2791504000,1630248000,88.13,94.86,5.5172,58239212000,4559899000,7060506000,47278070000,53679313000,40217564000,10106247000,10926142000,22.87,-5074456000,97.93,72.67
2025-12-28,ETR,4.06,12730047000.0,22.87,None,0.616,37.31,,None,425722000,425722000,,,,,,,,,6567136000,393998568,None,4859915000,4859915000,1499861000,None,2741739000,1208592000,None,None,1001852000,,2.41,0.026,,,,0.02,0.08,1742107000,2743959000,1.45,2019-12-31,21.14,377172000,6190900000.0,5246332000,1527836000,559284000,None,None,None,0,None,970465000,None,None,17078643000,None,7233346000,923758000,None,None,None,0.301,,3504225000,1742107000,441213000,736237000,None,13938418000,None,,,,,1.297,2.484,3.257,,,,,,,,0.142,,35182693000,2025-10-29,annual,1.53,USD,pre-market,None,9257609000,0.0313,0.112,0.125,29.17,None,19820382000,2741739000,391480000,88.13,94.86,5.5172,51723912000,3045992000,5620463000,41465237000,48677920000,35844774000,10106247000,10223675000,22.87,-5154150000,97.93,72.67
2025-12-28,ETR,4.06,12730047000.0,22.87,None,0.616,37.31,,20378000,480975000,480975000,,,,,,,,,5954047000,366757026,None,4859915000,4859915000,1496058000,None,2592348000,1114405000,None,None,1001852000,,2.41,0.026,,,,0.02,0.08,1742107000,2743959000,1.45,2018-12-31,21.14,377172000,6190900000.0,5246332000,1527836000,559284000,None,None,None,0,None,870147000,None,None,15518303000,None,7661811000,923758000,None,None,None,0.301,,3504225000,1742107000,492537000,687775000,None,13908881000,None,,,,,1.297,2.484,3.257,,,,,,,,0.142,,31974446000,2025-10-29,annual,1.53,USD,pre-market,None,8721150000,0.0313,0.112,0.125,29.17,None,18132646000,2593965000,424285000,88.13,94.86,5.5172,48275066000,2958064000,5443544000,39430761000,45317002000,33987217000,10106247000,8844305000,22.87,-5273719000,97.93,72.67
2025-12-28,ETR,4.06,12730047000.0,22.87,None,0.616,37.31,,22015000,781273000,781273000,,,,,,,,,5435981000,361071786,None,4859915000,4859915000,1452216000,None,2338315000,1212950000,None,None,1001852000,,2.41,0.026,,,,0.02,0.08,1742107000,2743959000,1.45,2017-12-31,21.14,377172000,6190900000.0,5246332000,1527836000,559284000,377172000,377172000,None,0,None,905865000,None,None,14315259000,None,7915033000,923758000,None,None,None,0.301,,3504225000,1742107000,385243000,627877000,None,14457213000,None,,,,,1.297,2.484,3.257,,,,,,,,0.142,,29664360000,2025-10-29,annual,1.53,USD,pre-market,None,7977702000,0.0313,0.112,0.125,29.17,None,16677091000,2339817000,724644000,88.13,94.86,5.5172,46707149000,3285331000,5036207000,38714634000,43421818000,33678427000,10106247000,7992515000,22.87,-5397637000,97.93,72.67
2025-12-28,ETR,4.06,12730047000.0,22.87,None,0.616,37.31,,27005000,1187844000,1187844000,,,,,,,,,5419793000,357771320,None,4859915000,4859915000,1285577000,None,779911000,1170167000,None,None,1001852000,,2.41,0.026,,,,0.02,0.08,1742107000,2743959000,1.45,2016-12-31,21.14,377172000,6190900000.0,5246332000,1527836000,559284000,377172000,377172000,None,0,None,878123000,None,None,14467655000,None,5724095000,923758000,None,None,None,0.301,,3504225000,1742107000,448134000,547760000,None,1121619000,None,,,,,1.297,2.484,3.257,,,,,,,,0.142,,28155048000,2025-10-29,annual,1.53,USD,pre-market,None,8195571000,0.0313,0.112,0.125,29.17,None,15274571000,782334000,1058265000,88.13,94.86,5.5172,45904434000,3684268000,3200096000,37822625000,42220166000,34622529000,10106247000,8081809000,22.87,-5498584000,97.93,72.67
2025-12-28,ETR,4.06,12730047000.0,22.87,None,0.616,37.31,,27001000,1350961000,1350961000,,,,,,,,,5406306000,358352712,None,4859915000,4859915000,1071798000,None,214374000,1068900000,None,None,1001852000,,2.41,0.026,,,,0.02,0.08,1742107000,2743959000,1.45,2015-12-31,21.14,377172000,6190900000.0,5246332000,1527836000,559284000,377172000,377172000,None,0,None,1091167000,None,None,13111556000,None,6042997000,923758000,None,None,None,0.301,,3504225000,1742107000,556384000,677245000,None,10303025000,None,,,,,1.297,2.484,3.257,,,,,,,,0.142,,27824361000,2025-10-29,annual,1.53,USD,pre-market,None,9393913000,0.0313,0.112,0.125,29.17,None,13849988000,711431000,0,88.13,94.86,5.5172,44647681000,4067412000,3089958000,35390890000,40580269000,32300932000,10106247000,9256791000,22.87,-5552379000,97.93,72.67
2025-12-28,ETR,4.06,12730047000.0,22.87,None,0.616,37.31,,29710000,1422026000,1422026000,,,,,,,,,5377901000,360593770,None,4859915000,4859915000,1166431000,None,899375000,1103255000,None,None,1001852000,,2.41,0.026,,,,0.02,0.08,1742107000,2743959000,1.45,2014-12-31,21.14,377172000,6190900000.0,5246332000,1527836000,559284000,377172000,377172000,None,0,None,1124018000,None,None,12500109000,None,6026126000,923758000,None,None,None,0.301,,3504225000,1742107000,740334000,641896000,None,10455977000,None,,,,,1.297,2.484,3.257,,,,,,,,0.142,,28722946000,2025-10-29,annual,1.53,USD,pre-market,None,10169657000,0.0313,0.112,0.125,29.17,None,14030109000,1500290000,0,88.13,94.86,5.5172,46527854000,4389633000,3848891000,36312730000,42138221000,32463839000,10106247000,10007725000,22.87,-5497526000,97.93,72.67
2025-12-28,ETR,4.06,12730047000.0,22.87,None,0.616,37.31,,32218000,739126000,739126000,,,,,,,,,5370679000,357140800,None,4859915000,4859915000,1173313000,None,None,1172186000,None,None,1001852000,,2.41,0.026,,,,0.02,0.08,1742107000,2743959000,1.45,2013-12-31,21.14,377172000,6190900000.0,5246332000,1527836000,559284000,377172000,377172000,None,0,None,1123964000,None,None,12139149000,None,5353485000,923758000,None,None,None,0.301,,3504225000,1742107000,894415000,818864000,None,8248881000,None,,,,,1.297,2.484,3.257,,,,,,,,0.142,,27881644000,2025-10-29,annual,1.53,USD,pre-market,None,9825053000,0.0313,0.112,0.125,29.17,None,13677672000,1506305000,45885000,88.13,94.86,5.5172,43406446000,3929691000,4060572000,33679980000,39476755000,29619408000,10106247000,9632466000,22.87,-5533942000,97.93,72.67
2025-12-28,ETR,4.06,12730047000.0,22.87,None,0.616,37.31,,None,532569000,532569000,,,,,,,,,5360400000,355475130,None,4859915000,4859915000,1217180000,None,None,1001715000,None,None,1001852000,,2.41,0.026,,,,0.02,0.08,1742107000,2743959000,1.45,2012-12-31,21.14,377172000,6190900000.0,5246332000,1527836000,559284000,377172000,377172000,None,0,None,1142361000,None,None,11954859000,None,None,923758000,None,None,None,0.301,,3504225000,1742107000,960441000,678525000,None,None,None,,,,,1.297,2.484,3.257,,,,,,,,0.142,,27298545000,2025-10-29,annual,1.53,USD,pre-market,None,9704591000,0.0313,0.112,0.125,29.17,None,13473257000,1518398000,46040000,88.13,94.86,5.5172,43185168000,3665792000,4088862000,33911413000,39519376000,29805092000,10106247000,9197089000,22.87,-5574819000,97.93,72.67
2025-12-28,ETR,4.06,12730047000.0,22.87,None,0.616,37.31,,None,694438000,694438000,,,,,,,,,5363230000,356741390,None,4859915000,4859915000,1069096000,None,None,1001868000,None,None,1001852000,,2.41,0.026,,,,0.02,0.08,1742107000,2743959000,1.45,2011-12-31,21.14,377172000,6190900000.0,5246332000,1527836000,559284000,377172000,377172000,None,0,None,1096888000,None,None,10082134000,None,None,923758000,None,None,None,0.301,,3504225000,1742107000,779205000,946932000,None,None,None,,,,,1.297,2.484,3.257,,,,,,,,0.142,,25609285000,2025-10-29,annual,1.53,USD,pre-market,None,9446960000,0.0313,0.112,0.125,29.17,None,12386829000,2304695000,50304000,88.13,94.86,5.5172,40689269000,3610273000,4938269000,31646429000,37078996000,26695730000,10106247000,8961270000,22.87,-5680468000,97.93,72.67
2025-12-28,ETR,4.06,12730047000.0,22.87,None,0.616,37.31,,None,1294472000,1294472000,,,,,,,,,2548000,375628470,None,4859915000,4859915000,1181099000,None,None,1035582000,None,None,1001852000,,2.41,0.026,,,,0.02,0.08,1742107000,2743959000,1.45,2010-12-31,21.14,377172000,6190900000.0,5246332000,1527836000,559284000,377172000,377172000,None,0,None,1074428000,None,None,11359235000,None,None,923758000,None,None,None,0.301,,3504225000,1742107000,934601000,762879000,None,None,None,,,,,1.297,2.484,3.257,,,,,,,,0.142,,23848355000,2025-10-29,annual,1.53,USD,pre-market,None,8689401000,0.0313,0.112,0.125,29.17,None,11816306000,457071000,43044000,88.13,94.86,5.5172,38685276000,4339083000,2776249000,30094876000,34346193000,27318627000,10106247000,8590400000,22.87,-5524811000,97.93,72.67
2025-12-28,ETR,4.06,12730047000.0,22.87,None,0.616,37.31,,354233000,1709551000,1709551000,,,,,,,,,2548000,391676136,None,4859915000,4859915000,998228000,None,None,980827000,None,None,1001852000,,2.41,0.026,,,,0.02,0.08,1742107000,2743959000,1.45,2009-12-31,21.14,377172000,6190900000.0,5246332000,1527836000,559284000,377172000,377172000,None,0,None,1022557000,None,None,10705738000,None,3618700000,923758000,None,None,None,0.301,,3504225000,1742107000,821226000,858973000,None,6455212000,None,,,,,1.297,2.484,3.257,,,,,,,,0.142,,23389402000,2025-10-29,annual,1.53,USD,pre-market,None,8043122000,0.0313,0.112,0.125,29.17,None,12231798000,954484000,13098000,88.13,94.86,5.5172,37364597000,4534161000,3193997000,28854593000,32830436000,25660596000,10106247000,8707360000,22.87,-4727167000,97.93,72.67
2025-12-28,ETR,4.06,12730047000.0,22.87,None,0.616,37.31,,None,1920491000,1920491000,,,,,,,,,2482000,402023176,None,4859915000,4859915000,1475745000,None,None,1198135000,None,None,1001852000,,2.41,0.026,,,,0.02,0.08,1742107000,2743959000,1.45,2008-12-31,21.14,377172000,6190900000.0,5246332000,1527836000,559284000,377172000,377172000,None,0,None,992315000,None,None,11517382000,None,None,923758000,None,None,None,0.301,,3504225000,1742107000,1049448000,1225959000,None,None,None,,,,,1.297,2.484,3.257,,,,,,,,0.142,,22429114000,2025-10-29,annual,1.53,USD,pre-market,None,7382719000,0.0313,0.112,0.125,29.17,None,12279269000,761887000,2878000,88.13,94.86,5.5172,36616818000,5160389000,3765894000,28556226000,31456429000,24790332000,10106247000,8060592000,22.87,-4175214000,97.93,72.67
2025-12-28,ETR,4.06,12730047000.0,22.87,None,0.616,37.31,,None,1273001000,1273001000,,,,,,,,,2482000,405561000,None,4859915000,4859915000,1031300000,None,None,1176232000,None,None,1001852000,,2.41,0.026,,,,0.02,0.08,1742107000,2743959000,1.45,2007-12-31,21.14,1176232000,6190900000.0,5246332000,1527836000,559284000,377172000,377172000,None,0,None,900960000,None,None,9948573000,None,None,923758000,None,None,None,0.301,,3504225000,1742107000,435118000,1051045000,None,None,None,,,,,1.297,2.484,3.257,,,,,,,,0.142,,20974270000,2025-10-29,annual,1.53,USD,pre-market,None,6735965000,0.0313,0.112,0.125,29.17,None,11122982000,1174409000,5272000,88.13,94.86,5.5172,33643002000,3958247000,3256754000,25469169000,29684755000,22212000000,10106247000,8173833000,22.87,-3734865000,97.93,72.67
2025-12-28,ETR,4.06,12730047000.0,22.87,None,0.616,37.31,,None,1016152000,1016152000,,,,,,,,,2482000,422904910,None,4859915000,4859915000,1122596000,None,None,1127593000,None,None,1001852000,,2.41,0.026,,,,0.02,0.08,1742107000,2743959000,1.45,2006-12-31,21.14,1127593000,6190900000.0,5246332000,1527836000,559284000,377172000,377172000,None,0,None,798096000,None,None,8996620000,None,None,923758000,None,None,None,0.301,,3504225000,1742107000,236072000,982673000,None,None,None,,,,,1.297,2.484,3.257,,,,,,,,0.142,,19438077000,2025-10-29,annual,1.53,USD,pre-market,None,6113042000,0.0313,0.112,0.125,29.17,None,9345981000,359861000,None,88.13,94.86,5.5172,31082731000,3325434000,2465130000,22539931000,27757297000,20075000000,10106247000,8542800000,22.87,-2644390000,97.93,72.67
2025-12-28,ETR,4.06,12730047000.0,22.87,None,0.616,37.31,,None,582820000,582820000,,,,,,,,,2482000,428882724,None,4859915000,4859915000,1655787000,None,None,2336940000,None,None,1001852000,,2.41,0.026,,,,0.02,0.08,1742107000,2743959000,1.45,2005-12-31,21.14,2336940000,6190900000.0,5246332000,1527836000,559284000,377172000,377172000,None,0,None,817127000,None,None,9013448000,None,None,923758000,None,None,None,0.301,,3504225000,1742107000,319407000,1182139000,None,None,None,,,,,1.297,2.484,3.257,,,,,,,,0.142,,19197045000,2025-10-29,annual,1.53,USD,pre-market,None,5433931000,0.0313,0.112,0.125,29.17,None,9273938000,274440000,None,88.13,94.86,5.5172,30851269000,4056294000,3127914000,22663412000,26794975000,19535000000,10106247000,8194245000,22.87,-2161960000,97.93,72.67
2025-12-28,ETR,4.06,12730047000.0,22.87,None,0.616,37.31,1927722000,None,582820000,582820000,-322914000,-1470543000,None,None,25689000,None,None,None,2482000,428882724,None,4859915000,4859915000,1655787000,None,None,2336940000,None,None,1001852000,-1157579000,2.41,0.026,272519000,272519000,None,0.02,0.08,1742107000,2743959000,1.45,2025-09-30,21.14,2336940000,6190900000.0,5246332000,1527836000,559284000,377172000,377172000,None,0,None,817127000,None,None,9013448000,None,None,-646682000,None,None,None,0.301,2134795000,3504225000,1742107000,319407000,1182139000,None,None,None,None,None,None,None,1.297,2.484,3.257,None,None,None,None,None,839898000,None,0.142,None,19197045000,2025-10-29,quarterly,1.53,USD,pre-market,None,5433931000,0.0313,0.112,0.125,29.17,None,9273938000,274440000,None,88.13,94.86,5.5172,30851269000,4056294000,3127914000,22663412000,26794975000,19535000000,10106247000,8194245000,22.87,-2161960000,97.93,72.67
2025-12-28,ETR,4.06,12730047000.0,22.87,None,0.616,37.31,2049050000,None,582820000,582820000,431070000,-2030451000,None,None,-8113000,None,None,None,2482000,428882724,None,4859915000,4859915000,1655787000,None,None,2336940000,None,None,1001852000,632638000,2.41,0.026,263046000,263046000,None,0.02,0.08,1742107000,2743959000,1.45,2025-06-30,21.14,2336940000,6190900000.0,5246332000,1527836000,559284000,377172000,377172000,None,0,None,817127000,None,None,9013448000,None,None,467930000,None,None,None,0.301,1261602000,3504225000,1742107000,319407000,1182139000,None,None,None,None,None,None,None,1.297,2.484,3.257,None,None,None,None,None,829170000,None,0.142,None,19197045000,2025-10-29,quarterly,1.53,USD,pre-market,None,5433931000,0.0313,0.112,0.125,29.17,None,9273938000,274440000,None,88.13,94.86,5.5172,30851269000,4056294000,3127914000,22663412000,26794975000,19535000000,10106247000,8194245000,22.87,-2161960000,97.93,72.67
2025-12-28,ETR,4.06,12730047000.0,22.87,None,0.616,37.31,1705990000,None,582820000,582820000,1827897000,-1710378000,None,None,3261000,None,None,None,2482000,428882724,None,4859915000,4859915000,1655787000,None,None,2336940000,None,None,1001852000,622566000,2.41,0.026,262829000,262829000,None,0.02,0.08,1742107000,2743959000,1.45,2025-03-31,21.14,2336940000,6190900000.0,5246332000,1527836000,559284000,377172000,377172000,None,0,None,817127000,None,None,9013448000,None,None,362422000,None,None,None,0.301,536188000,3504225000,1742107000,319407000,1182139000,None,None,None,None,None,None,None,1.297,2.484,3.257,None,None,None,None,None,22660000,None,0.142,None,19197045000,2025-10-29,quarterly,1.53,USD,pre-market,None,5433931000,0.0313,0.112,0.125,29.17,None,9273938000,274440000,None,88.13,94.86,5.5172,30851269000,4056294000,3127914000,22663412000,26794975000,19535000000,10106247000,8194245000,22.87,-2161960000,97.93,72.67
2025-12-28,ETR,4.06,12730047000.0,22.87,None,0.616,37.31,1953590000,None,582820000,582820000,-84396000,-1847395000,None,None,-14755000,None,None,None,2482000,428882724,None,4859915000,4859915000,1655787000,None,None,2336940000,None,None,1001852000,622304000,2.41,0.026,262264000,262264000,None,0.02,0.08,1742107000,2743959000,1.45,2024-12-31,21.14,2336940000,6190900000.0,5246332000,1527836000,559284000,377172000,377172000,None,0,None,817127000,None,None,9013448000,None,None,287162000,None,None,None,0.301,1379682000,3504225000,1742107000,319407000,1182139000,None,None,None,None,None,None,None,1.297,2.484,3.257,None,None,None,None,None,136794000,None,0.142,None,19197045000,2025-10-29,quarterly,1.53,USD,pre-market,None,5433931000,0.0313,0.112,0.125,29.17,None,9273938000,274440000,None,88.13,94.86,5.5172,30851269000,4056294000,3127914000,22663412000,26794975000,19535000000,10106247000,8194245000,22.87,-2161960000,97.93,72.67
2025-12-28,ETR,4.06,12730047000.0,22.87,None,0.616,37.31,1557744000,None,582820000,582820000,29400000,-1535124000,None,None,18329000,None,None,None,2482000,428882724,None,4859915000,4859915000,1655787000,None,None,2336940000,None,None,1001852000,614766000,2.41,0.026,246300000,246300000,None,0.02,0.08,1742107000,2743959000,1.45,2024-09-30,21.14,2336940000,6190900000.0,5246332000,1527836000,559284000,377172000,377172000,None,0,None,817127000,None,None,9013448000,None,None,645754000,None,None,None,0.301,1562372000,3504225000,1742107000,319407000,1182139000,None,None,None,None,None,None,None,1.297,2.484,3.257,None,None,None,None,None,96448000,None,0.142,None,19197045000,2025-10-29,quarterly,1.53,USD,pre-market,None,5433931000,0.0313,0.112,0.125,29.17,None,9273938000,274440000,None,88.13,94.86,5.5172,30851269000,4056294000,3127914000,22663412000,26794975000,19535000000,10106247000,8194245000,22.87,-2161960000,97.93,72.67
2025-12-28,ETR,4.06,12730047000.0,22.87,None,0.616,37.31,1191295000,None,582820000,582820000,213560000,-1178619000,None,None,12937000,None,None,None,2482000,428882724,None,4859915000,4859915000,1655787000,None,None,2336940000,None,None,1001852000,606080000,2.41,0.026,245875000,245875000,None,0.02,0.08,1742107000,2743959000,1.45,2024-06-30,21.14,2336940000,6190900000.0,5246332000,1527836000,559284000,377172000,377172000,None,0,None,817127000,None,None,9013448000,None,None,51732000,None,None,None,0.301,1025364000,3504225000,1742107000,319407000,1182139000,None,None,None,None,None,None,None,1.297,2.484,3.257,None,None,None,None,None,None,None,0.142,None,19197045000,2025-10-29,quarterly,1.53,USD,pre-market,None,5433931000,0.0313,0.112,0.125,29.17,None,9273938000,274440000,None,88.13,94.86,5.5172,30851269000,4056294000,3127914000,22663412000,26794975000,19535000000,10106247000,8194245000,22.87,-2161960000,97.93,72.67
2025-12-28,ETR,4.06,12730047000.0,22.87,None,0.616,37.31,1267081000,None,582820000,582820000,1929091000,-1287872000,None,None,5387000,None,None,None,2482000,428882724,None,4859915000,4859915000,1655787000,None,None,2336940000,None,None,1001852000,600412000,2.41,0.026,245539000,245539000,None,0.02,0.08,1742107000,2743959000,1.45,2024-03-31,21.14,2336940000,6190900000.0,5246332000,1527836000,559284000,377172000,377172000,None,0,None,817127000,None,None,9013448000,None,None,76536000,None,None,None,0.301,521092000,3504225000,1742107000,319407000,1182139000,None,None,None,None,None,None,None,1.297,2.484,3.257,None,None,None,None,None,None,None,0.142,None,19197045000,2025-10-29,quarterly,1.53,USD,pre-market,None,5433931000,0.0313,0.112,0.125,29.17,None,9273938000,274440000,None,88.13,94.86,5.5172,30851269000,4056294000,3127914000,22663412000,26794975000,19535000000,10106247000,8194245000,22.87,-2161960000,97.93,72.67
2025-12-28,ETR,4.06,12730047000.0,22.87,None,0.616,37.31,1136795000,None,582820000,582820000,-1400646000,-1049915000,None,None,-10565000,None,None,None,2482000,428882724,None,4859915000,4859915000,1655787000,None,None,2336940000,None,None,1001852000,575939000,2.41,0.026,244074000,244074000,None,0.02,0.08,1742107000,2743959000,1.45,2023-12-31,21.14,2336940000,6190900000.0,5246332000,1527836000,559284000,377172000,377172000,None,0,None,817127000,None,None,9013448000,None,None,988284000,None,None,None,0.301,1063335000,3504225000,1742107000,319407000,1182139000,None,None,None,None,None,None,None,1.297,2.484,3.257,None,None,None,None,None,-2476204000,None,0.142,None,19197045000,2025-10-29,quarterly,1.53,USD,pre-market,None,5433931000,0.0313,0.112,0.125,29.17,None,9273938000,274440000,None,88.13,94.86,5.5172,30851269000,4056294000,3127914000,22663412000,26794975000,19535000000,10106247000,8194245000,22.87,-2161960000,97.93,72.67
2025-12-28,ETR,4.06,12730047000.0,22.87,None,0.616,37.31,1128667000,None,582820000,582820000,54042000,-3579062000,None,None,8892000,None,None,None,2482000,428882724,None,4859915000,4859915000,1655787000,None,None,2336940000,None,None,1001852000,551697000,2.41,0.026,230837000,230837000,None,0.02,0.08,1742107000,2743959000,1.45,2023-09-30,21.14,2336940000,6190900000.0,5246332000,1527836000,559284000,377172000,377172000,None,0,None,817127000,None,None,9013448000,None,None,669714000,None,None,None,0.301,1405021000,3504225000,1742107000,319407000,1182139000,None,None,None,None,None,None,None,1.297,2.484,3.257,None,None,None,None,None,1358070000,None,0.142,None,19197045000,2025-10-29,quarterly,1.53,USD,pre-market,None,5433931000,0.0313,0.112,0.125,29.17,None,9273938000,274440000,None,88.13,94.86,5.5172,30851269000,4056294000,3127914000,22663412000,26794975000,19535000000,10106247000,8194245000,22.87,-2161960000,97.93,72.67
2025-12-28,ETR,4.06,12730047000.0,22.87,None,0.616,37.31,1179697000,None,582820000,582820000,-480759000,-1161840000,-776170000,None,-14009000,None,None,-207274000,2482000,428882724,None,4859915000,4859915000,1655787000,None,None,2336940000,None,None,1001852000,563619000,2.41,0.026,230827000,230827000,None,0.02,0.08,1742107000,2743959000,1.45,2023-06-30,21.14,2336940000,6190900000.0,5246332000,1527836000,559284000,377172000,377172000,None,0,None,817127000,None,None,9013448000,None,None,392014000,None,None,None,0.301,866429000,3504225000,1742107000,319407000,1182139000,None,None,None,None,None,None,None,1.297,2.484,3.257,None,None,None,None,None,1118134000,None,0.142,None,19197045000,2025-10-29,quarterly,1.53,USD,pre-market,None,5433931000,0.0313,0.112,0.125,29.17,None,9273938000,274440000,None,88.13,94.86,5.5172,30851269000,4056294000,3127914000,22663412000,26794975000,19535000000,10106247000,8194245000,22.87,-2161960000,97.93,72.67
2025-12-28,ETR,4.06,12730047000.0,22.87,None,0.616,37.31,1266466000,None,582820000,582820000,2070396000,-1283591000,1746348000,None,-29484000,None,None,272533000,2482000,428882724,None,4859915000,4859915000,1655787000,None,None,2336940000,None,None,1001852000,553224000,2.41,0.026,230774000,230774000,None,0.02,0.08,1742107000,2743959000,1.45,2023-03-31,21.14,2336940000,6190900000.0,5246332000,1527836000,559284000,377172000,377172000,None,0,None,817127000,None,None,9013448000,None,None,312299000,None,None,None,0.301,959543000,3504225000,1742107000,319407000,1182139000,None,None,None,None,None,None,None,1.297,2.484,3.257,None,None,None,None,None,4017000,None,0.142,None,19197045000,2025-10-29,quarterly,1.53,USD,pre-market,None,5433931000,0.0313,0.112,0.125,29.17,None,9273938000,274440000,None,88.13,94.86,5.5172,30851269000,4056294000,3127914000,22663412000,26794975000,19535000000,10106247000,8194245000,22.87,-2161960000,97.93,72.67
2025-12-28,ETR,4.06,12730047000.0,22.87,None,0.616,37.31,1309999000,None,582820000,582820000,-214446000,-5709897000,-779327000,None,-12490000,None,None,211505000,2482000,428882724,None,4859915000,4859915000,1655787000,None,None,2336940000,None,None,1001852000,522615000,2.41,0.026,230320000,230320000,None,0.02,0.08,1742107000,2743959000,1.45,2022-12-31,21.14,2336940000,6190900000.0,5246332000,1527836000,559284000,377172000,377172000,None,0,None,817127000,None,None,9013448000,None,None,97652000,None,None,None,0.301,776049000,3504225000,1742107000,319407000,1182139000,None,None,None,None,None,None,None,1.297,2.484,3.257,None,None,None,None,None,884597000,None,0.142,None,19197045000,2025-10-29,quarterly,1.53,USD,pre-market,None,5433931000,0.0313,0.112,0.125,29.17,None,9273938000,274440000,None,88.13,94.86,5.5172,30851269000,4056294000,3127914000,22663412000,26794975000,19535000000,10106247000,8194245000,22.87,-2161960000,97.93,72.67
2025-12-28,ETR,4.06,12730047000.0,22.87,None,0.616,37.31,1144345000,None,582820000,582820000,575109000,-1144985000,423602000,None,3052000,None,None,-144273000,2482000,428882724,None,4859915000,4859915000,1655787000,None,None,2336940000,None,None,1001852000,553802000,2.41,0.026,210051000,210051000,None,0.02,0.08,1742107000,2743959000,1.45,2022-09-30,21.14,2336940000,6190900000.0,5246332000,1527836000,559284000,377172000,377172000,None,0,None,817127000,None,None,9013448000,None,None,555882000,None,None,None,0.301,993478000,3504225000,1742107000,319407000,1182139000,None,None,None,None,None,None,None,1.297,2.484,3.257,None,None,None,None,None,4850000,None,0.142,None,19197045000,2025-10-29,quarterly,1.53,USD,pre-market,None,5433931000,0.0313,0.112,0.125,29.17,None,9273938000,274440000,None,88.13,94.86,5.5172,30851269000,4056294000,3127914000,22663412000,26794975000,19535000000,10106247000,8194245000,22.87,-2161960000,97.93,72.67
2025-12-28,ETR,4.06,12730047000.0,22.87,None,0.616,37.31,1355684000,None,582820000,582820000,1273065000,-1672763000,-121702000,None,1586000,None,None,-347486000,2482000,428882724,None,4859915000,4859915000,1655787000,None,None,2336940000,None,None,1001852000,552223000,2.41,0.026,209987000,209987000,None,0.02,0.08,1742107000,2743959000,1.45,2022-06-30,21.14,2336940000,6190900000.0,5246332000,1527836000,559284000,377172000,377172000,None,0,None,817127000,None,None,9013448000,None,None,164011000,None,None,None,0.301,277996000,3504225000,1742107000,319407000,1182139000,None,None,None,None,None,None,None,1.297,2.484,3.257,None,None,None,None,None,26918000,None,0.142,None,19197045000,2025-10-29,quarterly,1.53,USD,pre-market,None,5433931000,0.0313,0.112,0.125,29.17,None,9273938000,274440000,None,88.13,94.86,5.5172,30851269000,4056294000,3127914000,22663412000,26794975000,19535000000,10106247000,8194245000,22.87,-2161960000,97.93,72.67
2025-12-28,ETR,4.06,12730047000.0,22.87,None,0.616,37.31,1584904000,None,582820000,582820000,1272285000,-1551219000,259032000,None,14795000,None,None,122987000,2482000,428882724,None,4859915000,4859915000,1655787000,None,None,2336940000,None,None,1001852000,561731000,2.41,0.026,209638000,209638000,None,0.02,0.08,1742107000,2743959000,1.45,2022-03-31,21.14,2336940000,6190900000.0,5246332000,1527836000,559284000,377172000,377172000,None,0,None,817127000,None,None,9013448000,None,None,279593000,None,None,None,0.301,537966000,3504225000,1742107000,319407000,1182139000,None,None,None,None,None,None,None,1.297,2.484,3.257,None,None,None,None,None,9629000,None,0.142,None,19197045000,2025-10-29,quarterly,1.53,USD,pre-market,None,5433931000,0.0313,0.112,0.125,29.17,None,9273938000,274440000,None,88.13,94.86,5.5172,30851269000,4056294000,3127914000,22663412000,26794975000,19535000000,10106247000,8194245000,22.87,-2161960000,97.93,72.67
2025-12-28,ETR,4.06,12730047000.0,22.87,None,0.616,37.31,2200570000,None,582820000,582820000,1470094000,-2317301000,-557477000,None,-28592000,None,None,160453000,2482000,428882724,None,4859915000,4859915000,1655787000,None,None,2336940000,None,None,1001852000,546621000,2.41,0.026,202991000,202991000,None,0.02,0.08,1742107000,2743959000,1.45,2021-12-31,21.14,2336940000,6190900000.0,5246332000,1527836000,559284000,377172000,377172000,None,0,None,817127000,None,None,9013448000,None,None,245386000,None,None,None,0.301,289730000,3504225000,1742107000,319407000,1182139000,None,None,None,None,None,None,None,1.297,2.484,3.257,None,None,None,None,None,2234131000,None,0.142,None,19197045000,2025-10-29,quarterly,1.53,USD,pre-market,None,5433931000,0.0313,0.112,0.125,29.17,None,9273938000,274440000,None,88.13,94.86,5.5172,30851269000,4056294000,3127914000,22663412000,26794975000,19535000000,10106247000,8194245000,22.87,-2161960000,97.93,72.67
2025-12-28,ETR,4.06,12730047000.0,22.87,None,0.616,37.31,1096004000,None,582820000,582820000,84469000,-1035750000,313155000,None,30233000,None,None,-90805000,2482000,428882724,None,4859915000,4859915000,1655787000,None,None,2336940000,None,None,1001852000,546029000,2.41,0.026,190907000,190907000,None,0.02,0.08,1742107000,2743959000,1.45,2021-09-30,21.14,2336940000,6190900000.0,5246332000,1527836000,559284000,377172000,377172000,None,0,None,817127000,None,None,9013448000,None,None,535583000,None,None,None,0.301,1264436000,3504225000,1742107000,319407000,1182139000,None,None,None,None,None,None,None,1.297,2.484,3.257,None,None,None,None,None,1400898000,None,0.142,None,19197045000,2025-10-29,quarterly,1.53,USD,pre-market,None,5433931000,0.0313,0.112,0.125,29.17,None,9273938000,274440000,None,88.13,94.86,5.5172,30851269000,4056294000,3127914000,22663412000,26794975000,19535000000,10106247000,8194245000,22.87,-2161960000,97.93,72.67
2025-12-28,ETR,4.06,12730047000.0,22.87,None,0.616,37.31,1357215000,None,582820000,582820000,-538934000,-1312953000,-1055775000,None,-10160000,None,None,-101587000,2482000,428882724,None,4859915000,4859915000,1655787000,None,None,2336940000,None,None,1001852000,569723000,2.41,0.026,195208000,195208000,None,0.02,0.08,1742107000,2743959000,1.45,2021-06-30,21.14,2336940000,6190900000.0,5246332000,1527836000,559284000,377172000,377172000,None,0,None,817127000,None,None,9013448000,None,None,-1394000,None,None,None,0.301,796112000,3504225000,1742107000,319407000,1182139000,None,None,None,None,None,None,None,1.297,2.484,3.257,None,None,None,None,None,1170704000,None,0.142,None,19197045000,2025-10-29,quarterly,1.53,USD,pre-market,None,5433931000,0.0313,0.112,0.125,29.17,None,9273938000,274440000,None,88.13,94.86,5.5172,30851269000,4056294000,3127914000,22663412000,26794975000,19535000000,10106247000,8194245000,22.87,-2161960000,97.93,72.67
2025-12-28,ETR,4.06,12730047000.0,22.87,None,0.616,37.31,1600019000,None,582820000,582820000,1546394000,-1513272000,-16443000,None,26878000,None,None,-52690000,2482000,428882724,None,4859915000,4859915000,1655787000,None,None,2336940000,None,None,1001852000,580571000,2.41,0.026,190595000,190595000,None,0.02,0.08,1742107000,2743959000,1.45,2021-03-31,21.14,2336940000,6190900000.0,5246332000,1527836000,559284000,377172000,377172000,None,0,None,817127000,None,None,9013448000,None,None,339145000,None,None,None,0.301,-49565000,3504225000,1742107000,319407000,1182139000,None,None,None,None,None,None,None,1.297,2.484,3.257,None,None,None,None,None,3076382000,None,0.142,None,19197045000,2025-10-29,quarterly,1.53,USD,pre-market,None,5433931000,0.0313,0.112,0.125,29.17,None,9273938000,274440000,None,88.13,94.86,5.5172,30851269000,4056294000,3127914000,22663412000,26794975000,19535000000,10106247000,8194245000,22.87,-2161960000,97.93,72.67
2025-12-28,ETR,4.06,12730047000.0,22.87,None,0.616,37.31,1779284000,None,582820000,582820000,1716159000,-1516424000,519435000,None,-26850000,None,None,61694000,2482000,428882724,None,4859915000,4859915000,1655787000,None,None,2336940000,None,None,1001852000,562846000,2.41,0.026,194801000,194801000,None,0.02,0.08,1742107000,2743959000,1.45,2020-12-31,21.14,2336940000,6190900000.0,5246332000,1527836000,559284000,377172000,377172000,None,0,None,817127000,None,None,9013448000,None,None,392547000,None,None,None,0.301,319700000,3504225000,1742107000,319407000,1182139000,None,None,None,None,None,None,None,1.297,2.484,3.257,None,None,None,None,None,4677878000,None,0.142,None,19197045000,2025-10-29,quarterly,1.53,USD,pre-market,None,5433931000,0.0313,0.112,0.125,29.17,None,9273938000,274440000,None,88.13,94.86,5.5172,30851269000,4056294000,3127914000,22663412000,26794975000,19535000000,10106247000,8194245000,22.87,-2161960000,97.93,72.67
2025-12-28,ETR,4.06,12730047000.0,22.87,None,0.616,37.31,1054058000,None,582820000,582820000,440026000,-1057689000,304196000,None,19289000,None,None,-170000000,2482000,428882724,None,4859915000,4859915000,1655787000,None,None,2336940000,None,None,1001852000,563693000,2.41,0.026,186207000,186207000,None,0.02,0.08,1742107000,2743959000,1.45,2020-09-30,21.14,2336940000,6190900000.0,5246332000,1527836000,559284000,377172000,377172000,None,0,None,817127000,None,None,9013448000,None,None,525699000,None,None,None,0.301,921859000,3504225000,1742107000,319407000,1182139000,None,None,None,None,None,None,None,1.297,2.484,3.257,None,None,None,None,None,2421583000,None,0.142,None,19197045000,2025-10-29,quarterly,1.53,USD,pre-market,None,5433931000,0.0313,0.112,0.125,29.17,None,9273938000,274440000,None,88.13,94.86,5.5172,30851269000,4056294000,3127914000,22663412000,26794975000,19535000000,10106247000,8194245000,22.87,-2161960000,97.93,72.67
2025-12-28,ETR,4.06,12730047000.0,22.87,None,0.616,37.31,1169944000,None,582820000,582820000,-164906000,-1152706000,-528365000,None,-4508000,None,None,-101347000,2482000,428882724,None,4859915000,4859915000,1655787000,None,None,2336940000,None,None,1001852000,562616000,2.41,0.026,190730000,190730000,None,0.02,0.08,1742107000,2743959000,1.45,2020-06-30,21.14,2336940000,6190900000.0,5246332000,1527836000,559284000,377172000,377172000,None,0,None,817127000,None,None,9013448000,None,None,365113000,None,None,None,0.301,789247000,3504225000,1742107000,319407000,1182139000,None,None,None,None,None,None,None,1.297,2.484,3.257,None,None,None,None,None,2010068000,None,0.142,None,19197045000,2025-10-29,quarterly,1.53,USD,pre-market,None,5433931000,0.0313,0.112,0.125,29.17,None,9273938000,274440000,None,88.13,94.86,5.5172,30851269000,4056294000,3127914000,22663412000,26794975000,19535000000,10106247000,8194245000,22.87,-2161960000,97.93,72.67
2025-12-28,ETR,4.06,12730047000.0,22.87,None,0.616,37.31,1153575000,None,582820000,582820000,1424538000,-1045487000,1038111000,None,-15389000,None,None,70357000,2482000,428882724,None,4859915000,4859915000,1655787000,None,None,2336940000,None,None,1001852000,568596000,2.41,0.026,185763000,185763000,None,0.02,0.08,1742107000,2743959000,1.45,2020-03-31,21.14,2336940000,6190900000.0,5246332000,1527836000,559284000,377172000,377172000,None,0,None,817127000,None,None,9013448000,None,None,123294000,None,None,None,0.301,659060000,3504225000,1742107000,319407000,1182139000,None,None,None,None,None,None,None,1.297,2.484,3.257,None,None,None,None,None,3190434000,None,0.142,None,19197045000,2025-10-29,quarterly,1.53,USD,pre-market,None,5433931000,0.0313,0.112,0.125,29.17,None,9273938000,274440000,None,88.13,94.86,5.5172,30851269000,4056294000,3127914000,22663412000,26794975000,19535000000,10106247000,8194245000,22.87,-2161960000,97.93,72.67
2025-12-28,ETR,4.06,12730047000.0,22.87,None,0.616,37.31,1496603000,None,582820000,582820000,256527000,-1485316000,-530109000,None,-13774000,None,None,129778000,2482000,428882724,None,4859915000,4859915000,1655787000,None,None,2336940000,None,None,1001852000,547636000,2.41,0.026,185165000,185165000,None,0.02,0.08,1742107000,2743959000,1.45,2019-12-31,21.14,2336940000,6190900000.0,5246332000,1527836000,559284000,377172000,377172000,None,0,None,817127000,None,None,9013448000,None,None,389605000,None,None,None,0.301,698680000,3504225000,1742107000,319407000,1182139000,None,None,None,None,None,None,None,1.297,2.484,3.257,None,None,None,None,None,-298000,None,0.142,None,19197045000,2025-10-29,quarterly,1.53,USD,pre-market,None,5433931000,0.0313,0.112,0.125,29.17,None,9273938000,274440000,None,88.13,94.86,5.5172,30851269000,4056294000,3127914000,22663412000,26794975000,19535000000,10106247000,8194245000,22.87,-2161960000,97.93,72.67
2025-12-28,ETR,4.06,12730047000.0,22.87,None,0.616,37.31,984859000,None,582820000,582820000,254990000,-999925000,319922000,None,-1053000,None,None,-103746000,2482000,428882724,None,4859915000,4859915000,1655787000,None,None,2336940000,None,None,1001852000,565870000,2.41,0.026,180956000,180956000,None,0.02,0.08,1742107000,2743959000,1.45,2019-09-30,21.14,2336940000,6190900000.0,5246332000,1527836000,559284000,377172000,377172000,None,0,None,817127000,None,None,9013448000,None,None,369459000,None,None,None,0.301,1064857000,3504225000,1742107000,319407000,1182139000,None,None,None,None,None,None,None,1.297,2.484,3.257,None,None,None,None,None,-180956000,None,0.142,None,19197045000,2025-10-29,quarterly,1.53,USD,pre-market,None,5433931000,0.0313,0.112,0.125,29.17,None,9273938000,274440000,None,88.13,94.86,5.5172,30851269000,4056294000,3127914000,22663412000,26794975000,19535000000,10106247000,8194245000,22.87,-2161960000,97.93,72.67
2025-12-28,ETR,4.06,12730047000.0,22.87,None,0.616,37.31,1159969000,None,582820000,582820000,174555000,-1074043000,-347587000,None,-8945000,None,None,-166956000,2482000,428882724,None,4859915000,4859915000,1655787000,None,None,2336940000,None,None,1001852000,538583000,2.41,0.026,172861000,172861000,None,0.02,0.08,1742107000,2743959000,1.45,2019-06-30,21.14,2336940000,6190900000.0,5246332000,1527836000,559284000,377172000,377172000,None,0,None,817127000,None,None,9013448000,None,None,240533000,None,None,None,0.301,551901000,3504225000,1742107000,319407000,1182139000,None,None,None,None,None,None,None,1.297,2.484,3.257,None,None,None,None,None,1640457000,None,0.142,None,19197045000,2025-10-29,quarterly,1.53,USD,pre-market,None,5433931000,0.0313,0.112,0.125,29.17,None,9273938000,274440000,None,88.13,94.86,5.5172,30851269000,4056294000,3127914000,22663412000,26794975000,19535000000,10106247000,8194245000,22.87,-2161960000,97.93,72.67
2025-12-28,ETR,4.06,12730047000.0,22.87,None,0.616,37.31,990074000,None,582820000,582820000,952290000,-950958000,502521000,None,-4401000,None,None,39697000,2482000,428882724,None,4859915000,4859915000,1655787000,None,None,2336940000,None,None,1001852000,530224000,2.41,0.026,176700000,176700000,None,0.02,0.08,1742107000,2743959000,1.45,2019-03-31,21.14,2336940000,6190900000.0,5246332000,1527836000,559284000,377172000,377172000,None,0,None,817127000,None,None,9013448000,None,None,258646000,None,None,None,0.301,501189000,3504225000,1742107000,319407000,1182139000,None,None,None,None,None,None,None,1.297,2.484,3.257,None,None,None,None,None,-50000000,None,0.142,None,19197045000,2025-10-29,quarterly,1.53,USD,pre-market,None,5433931000,0.0313,0.112,0.125,29.17,None,9273938000,274440000,None,88.13,94.86,5.5172,30851269000,4056294000,3127914000,22663412000,26794975000,19535000000,10106247000,8194245000,22.87,-2161960000,97.93,72.67
2025-12-28,ETR,4.06,12730047000.0,22.87,None,0.616,37.31,1217351000,None,582820000,582820000,72757000,-1105506000,-507006000,None,-3889000,None,None,252249000,2482000,428882724,None,4859915000,4859915000,1655787000,None,None,2336940000,None,None,1001852000,523211000,2.41,0.026,164839000,164839000,None,0.02,0.08,1742107000,2743959000,1.45,2018-12-31,21.14,2336940000,6190900000.0,5246332000,1527836000,559284000,377172000,377172000,None,0,None,817127000,None,None,9013448000,None,None,-62322000,None,None,None,0.301,525743000,3504225000,1742107000,319407000,1182139000,None,None,None,None,None,None,None,1.297,2.484,3.257,None,None,None,None,None,-53868000,None,0.142,None,19197045000,2025-10-29,quarterly,1.53,USD,pre-market,None,5433931000,0.0313,0.112,0.125,29.17,None,9273938000,274440000,None,88.13,94.86,5.5172,30851269000,4056294000,3127914000,22663412000,26794975000,19535000000,10106247000,8194245000,22.87,-2161960000,97.93,72.67
2025-12-28,ETR,4.06,12730047000.0,22.87,None,0.616,37.31,1078126000,None,582820000,582820000,466402000,-1070789000,175194000,None,41216000,None,None,-108188000,2482000,428882724,None,4859915000,4859915000,1655787000,None,None,2336940000,None,None,1001852000,489735000,2.41,0.026,161044000,161044000,None,0.02,0.08,1742107000,2743959000,1.45,2018-09-30,21.14,2336940000,6190900000.0,5246332000,1527836000,559284000,377172000,377172000,None,0,None,817127000,None,None,9013448000,None,None,539818000,None,None,None,0.301,779581000,3504225000,1742107000,319407000,1182139000,None,None,None,None,None,None,None,1.297,2.484,3.257,None,None,None,None,None,2207513000,None,0.142,None,19197045000,2025-10-29,quarterly,1.53,USD,pre-market,None,5433931000,0.0313,0.112,0.125,29.17,None,9273938000,274440000,None,88.13,94.86,5.5172,30851269000,4056294000,3127914000,22663412000,26794975000,19535000000,10106247000,8194245000,22.87,-2161960000,97.93,72.67
2025-12-28,ETR,4.06,12730047000.0,22.87,None,0.616,37.31,994614000,None,582820000,582820000,39915000,-955254000,-392809000,None,24773000,None,None,-176665000,2482000,428882724,None,4859915000,4859915000,1655787000,None,None,2336940000,None,None,1001852000,502428000,2.41,0.026,160934000,160934000,None,0.02,0.08,1742107000,2743959000,1.45,2018-06-30,21.14,2336940000,6190900000.0,5246332000,1527836000,559284000,377172000,377172000,None,0,None,817127000,None,None,9013448000,None,None,248860000,None,None,None,0.301,522530000,3504225000,1742107000,319407000,1182139000,None,None,None,None,None,None,None,1.297,2.484,3.257,None,None,None,None,None,2032439000,None,0.142,None,19197045000,2025-10-29,quarterly,1.53,USD,pre-market,None,5433931000,0.0313,0.112,0.125,29.17,None,9273938000,274440000,None,88.13,94.86,5.5172,30851269000,4056294000,3127914000,22663412000,26794975000,19535000000,10106247000,8194245000,22.87,-2161960000,97.93,72.67
2025-12-28,ETR,4.06,12730047000.0,22.87,None,0.616,37.31,981126000,None,582820000,582820000,841368000,-974438000,424323000,None,-16261000,None,None,131150000,2482000,428882724,None,4859915000,4859915000,1655787000,None,None,2336940000,None,None,1001852000,525181000,2.41,0.026,160887000,160887000,None,0.02,0.08,1742107000,2743959000,1.45,2018-03-31,21.14,2336940000,6190900000.0,5246332000,1527836000,559284000,377172000,377172000,None,0,None,817127000,None,None,9013448000,None,None,136200000,None,None,None,0.301,557393000,3504225000,1742107000,319407000,1182139000,None,None,None,None,None,None,None,1.297,2.484,3.257,None,None,None,None,None,1732549000,None,0.142,None,19197045000,2025-10-29,quarterly,1.53,USD,pre-market,None,5433931000,0.0313,0.112,0.125,29.17,None,9273938000,274440000,None,88.13,94.86,5.5172,30851269000,4056294000,3127914000,22663412000,26794975000,19535000000,10106247000,8194245000,22.87,-2161960000,97.93,72.67
2025-12-28,ETR,4.06,12730047000.0,22.87,None,0.616,37.31,1153460000,None,582820000,582820000,337560000,-1013327000,None,None,-23789000,None,None,None,2482000,428882724,None,4859915000,4859915000,1655787000,None,None,2336940000,None,None,1001852000,517013000,2.41,0.026,160489000,160489000,None,0.02,0.08,1742107000,2743959000,1.45,2017-12-31,21.14,2336940000,6190900000.0,5246332000,1527836000,559284000,377172000,377172000,None,0,None,817127000,None,None,9013448000,None,None,-475711000,None,None,None,0.301,910749000,3504225000,1742107000,319407000,1182139000,None,None,None,None,None,None,None,1.297,2.484,3.257,None,None,None,None,None,-20599000,None,0.142,None,19197045000,2025-10-29,quarterly,1.53,USD,pre-market,None,5433931000,0.0313,0.112,0.125,29.17,None,9273938000,274440000,None,88.13,94.86,5.5172,30851269000,4056294000,3127914000,22663412000,26794975000,19535000000,10106247000,8194245000,22.87,-2161960000,97.93,72.67
2025-12-28,ETR,4.06,12730047000.0,22.87,None,0.616,37.31,918690000,None,582820000,582820000,-223754000,-1057518000,None,None,14533000,None,None,None,2482000,428882724,None,4859915000,4859915000,1655787000,None,None,2336940000,None,None,1001852000,518894000,2.41,0.026,159633000,159633000,None,0.02,0.08,1742107000,2743959000,1.45,2017-09-30,21.14,2336940000,6190900000.0,5246332000,1527836000,559284000,377172000,377172000,None,0,None,817127000,None,None,9013448000,None,None,401644000,None,None,None,0.301,893068000,3504225000,1742107000,319407000,1182139000,None,None,None,None,None,None,None,1.297,2.484,3.257,None,None,None,None,None,289797000,None,0.142,None,19197045000,2025-10-29,quarterly,1.53,USD,pre-market,None,5433931000,0.0313,0.112,0.125,29.17,None,9273938000,274440000,None,88.13,94.86,5.5172,30851269000,4056294000,3127914000,22663412000,26794975000,19535000000,10106247000,8194245000,22.87,-2161960000,97.93,72.67
2025-12-28,ETR,4.06,12730047000.0,22.87,None,0.616,37.31,997407000,None,582820000,582820000,519547000,-958404000,None,None,-252000,None,None,None,2482000,428882724,None,4859915000,4859915000,1655787000,None,None,2336940000,None,None,1001852000,511298000,2.41,0.026,156136000,156136000,None,0.02,0.08,1742107000,2743959000,1.45,2017-06-30,21.14,2336940000,6190900000.0,5246332000,1527836000,559284000,377172000,377172000,None,0,None,817127000,None,None,9013448000,None,None,413368000,None,None,None,0.301,290290000,3504225000,1742107000,319407000,1182139000,None,None,None,None,None,None,None,1.297,2.484,3.257,None,None,None,None,None,725910000,None,0.142,None,19197045000,2025-10-29,quarterly,1.53,USD,pre-market,None,5433931000,0.0313,0.112,0.125,29.17,None,9273938000,274440000,None,88.13,94.86,5.5172,30851269000,4056294000,3127914000,22663412000,26794975000,19535000000,10106247000,8194245000,22.87,-2161960000,97.93,72.67
2025-12-28,ETR,4.06,12730047000.0,22.87,None,0.616,37.31,932061000,None,582820000,582820000,177625000,-811800000,None,None,6465000,None,None,None,2482000,428882724,None,4859915000,4859915000,1655787000,None,None,2336940000,None,None,1001852000,531373000,2.41,0.026,156073000,156073000,None,0.02,0.08,1742107000,2743959000,1.45,2017-03-31,21.14,2336940000,6190900000.0,5246332000,1527836000,559284000,377172000,377172000,None,0,None,817127000,None,None,9013448000,None,None,86051000,None,None,None,0.301,529393000,3504225000,1742107000,319407000,1182139000,None,None,None,None,None,None,None,1.297,2.484,3.257,None,None,None,None,None,1144576000,None,0.142,None,19197045000,2025-10-29,quarterly,1.53,USD,pre-market,None,5433931000,0.0313,0.112,0.125,29.17,None,9273938000,274440000,None,88.13,94.86,5.5172,30851269000,4056294000,3127914000,22663412000,26794975000,19535000000,10106247000,8194245000,22.87,-2161960000,97.93,72.67
2025-12-28,ETR,4.06,12730047000.0,22.87,None,0.616,37.31,931158000,None,582820000,582820000,1662000,-867556000,None,None,9310000,None,None,None,2482000,428882724,None,4859915000,4859915000,1655787000,None,None,2336940000,None,None,1001852000,574419000,2.41,0.026,159684000,159684000,None,0.02,0.08,1742107000,2743959000,1.45,2016-12-31,21.14,2336940000,6190900000.0,5246332000,1527836000,559284000,377172000,377172000,None,0,None,817127000,None,None,9013448000,None,None,-1765538000,None,None,None,0.301,746304000,3504225000,1742107000,319407000,1182139000,None,None,None,None,None,None,None,1.297,2.484,3.257,None,None,None,None,None,-30000000,None,0.142,None,19197045000,2025-10-29,quarterly,1.53,USD,pre-market,None,5433931000,0.0313,0.112,0.125,29.17,None,9273938000,274440000,None,88.13,94.86,5.5172,30851269000,4056294000,3127914000,22663412000,26794975000,19535000000,10106247000,8194245000,22.87,-2161960000,97.93,72.67
2025-12-28,ETR,4.06,12730047000.0,22.87,None,0.616,37.31,746591000,None,582820000,582820000,27274000,-716254000,None,None,19314000,None,None,None,2482000,428882724,None,4859915000,4859915000,1655787000,None,None,2336940000,None,None,1001852000,536119000,2.41,0.026,158545000,158545000,None,0.02,0.08,1742107000,2743959000,1.45,2016-09-30,21.14,2336940000,6190900000.0,5246332000,1527836000,559284000,377172000,377172000,None,0,None,817127000,None,None,9013448000,None,None,393204000,None,None,None,0.301,1000315000,3504225000,1742107000,319407000,1182139000,None,None,None,None,None,None,None,1.297,2.484,3.257,None,None,None,None,None,-85283000,None,0.142,None,19197045000,2025-10-29,quarterly,1.53,USD,pre-market,None,5433931000,0.0313,0.112,0.125,29.17,None,9273938000,274440000,None,88.13,94.86,5.5172,30851269000,4056294000,3127914000,22663412000,26794975000,19535000000,10106247000,8194245000,22.87,-2161960000,97.93,72.67
2025-12-28,ETR,4.06,12730047000.0,22.87,None,0.616,37.31,696900000,None,582820000,582820000,-426600000,-388211000,None,None,18675000,None,None,None,2482000,428882724,None,4859915000,4859915000,1655787000,None,None,2336940000,None,None,1001852000,435880000,2.41,0.026,157280000,157280000,None,0.02,0.08,1742107000,2743959000,1.45,2016-06-30,21.14,2336940000,6190900000.0,5246332000,1527836000,559284000,377172000,377172000,None,0,None,817127000,None,None,9013448000,None,None,567314000,None,None,None,0.301,719259000,3504225000,1742107000,319407000,1182139000,None,None,None,None,None,None,None,1.297,2.484,3.257,None,None,None,None,None,1245770000,None,0.142,None,19197045000,2025-10-29,quarterly,1.53,USD,pre-market,None,5433931000,0.0313,0.112,0.125,29.17,None,9273938000,274440000,None,88.13,94.86,5.5172,30851269000,4056294000,3127914000,22663412000,26794975000,19535000000,10106247000,8194245000,22.87,-2161960000,97.93,72.67
2025-12-28,ETR,4.06,12730047000.0,22.87,None,0.616,37.31,1669608000,None,582820000,582820000,1085896000,-1878027000,-259310000,None,-9089000,None,None,76532000,2482000,428882724,None,4859915000,4859915000,1655787000,None,None,2336940000,None,None,1001852000,431620000,2.41,0.026,157115000,157115000,None,0.02,0.08,1742107000,2743959000,1.45,2016-03-31,21.14,2336940000,6190900000.0,5246332000,1527836000,559284000,377172000,377172000,None,0,None,817127000,None,None,9013448000,None,None,229966000,None,None,None,0.301,532821000,3504225000,1742107000,319407000,1182139000,None,None,None,None,None,None,None,1.297,2.484,3.257,None,None,None,None,None,3141538000,None,0.142,None,19197045000,2025-10-29,quarterly,1.53,USD,pre-market,None,5433931000,0.0313,0.112,0.125,29.17,None,9273938000,274440000,None,88.13,94.86,5.5172,30851269000,4056294000,3127914000,22663412000,26794975000,19535000000,10106247000,8194245000,22.87,-2161960000,97.93,72.67
2025-12-28,ETR,4.06,12730047000.0,22.87,None,0.616,37.31,952444000,None,582820000,582820000,-208768000,-422408000,310363000,None,-4798000,None,None,260463000,2482000,428882724,None,4859915000,4859915000,1655787000,None,None,2336940000,None,None,1001852000,504546000,2.41,0.026,156539000,156539000,None,0.02,0.08,1742107000,2743959000,1.45,2015-12-31,21.14,2336940000,6190900000.0,5246332000,1527836000,559284000,377172000,377172000,None,0,None,817127000,None,None,9013448000,None,None,306507000,None,None,None,0.301,941539000,3504225000,1742107000,319407000,1182139000,None,None,None,None,None,None,None,1.297,2.484,3.257,None,None,None,None,None,194092000,None,0.142,None,19197045000,2025-10-29,quarterly,1.53,USD,pre-market,None,5433931000,0.0313,0.112,0.125,29.17,None,9273938000,274440000,None,88.13,94.86,5.5172,30851269000,4056294000,3127914000,22663412000,26794975000,19535000000,10106247000,8194245000,22.87,-2161960000,97.93,72.67
2025-12-28,ETR,4.06,12730047000.0,22.87,None,0.616,37.31,780390000,None,582820000,582820000,-64773000,-816283000,130228000,None,-3830000,None,None,-122143000,2482000,428882724,None,4859915000,4859915000,1655787000,None,None,2336940000,None,None,1001852000,542802000,2.41,0.026,154098000,154098000,None,0.02,0.08,1742107000,2743959000,1.45,2015-09-30,21.14,2336940000,6190900000.0,5246332000,1527836000,559284000,377172000,377172000,None,0,None,817127000,None,None,9013448000,None,None,-718233000,None,None,None,0.301,1011284000,3504225000,1742107000,319407000,1182139000,None,None,None,None,None,None,None,1.297,2.484,3.257,None,None,None,None,None,-74729000,None,0.142,None,19197045000,2025-10-29,quarterly,1.53,USD,pre-market,None,5433931000,0.0313,0.112,0.125,29.17,None,9273938000,274440000,None,88.13,94.86,5.5172,30851269000,4056294000,3127914000,22663412000,26794975000,19535000000,10106247000,8194245000,22.87,-2161960000,97.93,72.67
2025-12-28,ETR,4.06,12730047000.0,22.87,None,0.616,37.31,632280000,None,582820000,582820000,-327367000,-670212000,-270176000,None,18805000,None,None,-122456000,2482000,428882724,None,4859915000,4859915000,1655787000,None,None,2336940000,None,None,1001852000,475050000,2.41,0.026,153882000,153882000,None,0.02,0.08,1742107000,2743959000,1.45,2015-06-30,21.14,2336940000,6190900000.0,5246332000,1527836000,559284000,377172000,377172000,None,0,None,817127000,None,None,9013448000,None,None,153722000,None,None,None,0.301,727403000,3504225000,1742107000,319407000,1182139000,None,None,None,None,None,None,None,1.297,2.484,3.257,None,None,None,None,None,509135000,None,0.142,None,19197045000,2025-10-29,quarterly,1.53,USD,pre-market,None,5433931000,0.0313,0.112,0.125,29.17,None,9273938000,274440000,None,88.13,94.86,5.5172,30851269000,4056294000,3127914000,22663412000,26794975000,19535000000,10106247000,8194245000,22.87,-2161960000,97.93,72.67
2025-12-28,ETR,4.06,12730047000.0,22.87,None,0.616,37.31,629350000,None,582820000,582820000,-152559000,-699879000,-241480000,None,-22553000,None,None,22288000,2482000,428882724,None,4859915000,4859915000,1655787000,None,None,2336940000,None,None,1001852000,456109000,2.41,0.026,154136000,154136000,None,0.02,0.08,1742107000,2743959000,1.45,2015-03-31,21.14,2336940000,6190900000.0,5246332000,1527836000,559284000,377172000,377172000,None,0,None,817127000,None,None,9013448000,None,None,302929000,None,None,None,0.301,610958000,3504225000,1742107000,319407000,1182139000,None,None,None,None,None,None,None,1.297,2.484,3.257,None,None,None,None,None,-25078000,None,0.142,None,19197045000,2025-10-29,quarterly,1.53,USD,pre-market,None,5433931000,0.0313,0.112,0.125,29.17,None,9273938000,274440000,None,88.13,94.86,5.5172,30851269000,4056294000,3127914000,22663412000,26794975000,19535000000,10106247000,8194245000,22.87,-2161960000,97.93,72.67
2025-12-28,ETR,4.06,12730047000.0,22.87,None,0.616,37.31,796656000,None,582820000,582820000,141492000,-786047000,353517000,None,-26339000,None,None,217601000,2482000,428882724,None,4859915000,4859915000,1655787000,None,None,2336940000,None,None,1001852000,542345000,2.41,0.026,149809000,149809000,None,0.02,0.08,1742107000,2743959000,1.45,2014-12-31,21.14,2336940000,6190900000.0,5246332000,1527836000,559284000,377172000,377172000,None,0,None,817127000,None,None,9013448000,None,None,125006000,None,None,None,0.301,998072000,3504225000,1742107000,319407000,1182139000,None,None,None,None,None,None,None,1.297,2.484,3.257,None,None,None,None,None,-165012000,None,0.142,None,19197045000,2025-10-29,quarterly,1.53,USD,pre-market,None,5433931000,0.0313,0.112,0.125,29.17,None,9273938000,274440000,None,88.13,94.86,5.5172,30851269000,4056294000,3127914000,22663412000,26794975000,19535000000,10106247000,8194245000,22.87,-2161960000,97.93,72.67
2025-12-28,ETR,4.06,12730047000.0,22.87,None,0.616,37.31,664169000,None,582820000,582820000,-166704000,-777781000,418441000,None,-2262000,None,None,-71988000,2482000,428882724,None,4859915000,4859915000,1655787000,None,None,2336940000,None,None,1001852000,543577000,2.41,0.026,149080000,149080000,None,0.02,0.08,1742107000,2743959000,1.45,2014-09-30,21.14,2336940000,6190900000.0,5246332000,1527836000,559284000,377172000,377172000,None,0,None,817127000,None,None,9013448000,None,None,234916000,None,None,None,0.301,1362926000,3504225000,1742107000,319407000,1182139000,None,None,None,None,None,None,None,1.297,2.484,3.257,None,None,None,None,None,287556000,None,0.142,None,19197045000,2025-10-29,quarterly,1.53,USD,pre-market,None,5433931000,0.0313,0.112,0.125,29.17,None,9273938000,274440000,None,88.13,94.86,5.5172,30851269000,4056294000,3127914000,22663412000,26794975000,19535000000,10106247000,8194245000,22.87,-2161960000,97.93,72.67
2025-12-28,ETR,4.06,12730047000.0,22.87,None,0.616,37.31,569892000,None,582820000,582820000,-284760000,-735061000,-258415000,None,16185000,None,None,-96227000,2482000,428882724,None,4859915000,4859915000,1655787000,None,None,2336940000,None,None,1001852000,525528000,2.41,0.026,148953000,148953000,None,0.02,0.08,1742107000,2743959000,1.45,2014-06-30,21.14,2336940000,6190900000.0,5246332000,1527836000,559284000,377172000,377172000,None,0,None,817127000,None,None,9013448000,None,None,194281000,None,None,None,0.301,761406000,3504225000,1742107000,319407000,1182139000,None,None,None,None,None,None,None,1.297,2.484,3.257,None,None,None,None,None,-18259000,None,0.142,None,19197045000,2025-10-29,quarterly,1.53,USD,pre-market,None,5433931000,0.0313,0.112,0.125,29.17,None,9273938000,274440000,None,88.13,94.86,5.5172,30851269000,4056294000,3127914000,22663412000,26794975000,19535000000,10106247000,8194245000,22.87,-2161960000,97.93,72.67
2025-12-28,ETR,4.06,12730047000.0,22.87,None,0.616,37.31,626022000,None,582820000,582820000,57799000,-655599000,169357000,None,15940000,None,None,49107000,2482000,428882724,None,4859915000,4859915000,1655787000,None,None,2336940000,None,None,1001852000,516442000,2.41,0.026,148275000,148275000,None,0.02,0.08,1742107000,2743959000,1.45,2014-03-31,21.14,2336940000,6190900000.0,5246332000,1527836000,559284000,377172000,377172000,None,0,None,817127000,None,None,9013448000,None,None,406053000,None,None,None,0.301,767157000,3504225000,1742107000,319407000,1182139000,None,None,None,None,None,None,None,1.297,2.484,3.257,None,None,None,None,None,35538000,None,0.142,None,19197045000,2025-10-29,quarterly,1.53,USD,pre-market,None,5433931000,0.0313,0.112,0.125,29.17,None,9273938000,274440000,None,88.13,94.86,5.5172,30851269000,4056294000,3127914000,22663412000,26794975000,19535000000,10106247000,8194245000,22.87,-2161960000,97.93,72.67
2025-12-28,ETR,4.06,12730047000.0,22.87,None,0.616,37.31,643054000,None,582820000,582820000,-71857000,-543817000,None,None,-11548000,None,None,None,2482000,428882724,None,4859915000,4859915000,1655787000,None,None,2336940000,None,None,1001852000,539091000,2.41,0.026,152339000,152339000,None,0.02,0.08,1742107000,2743959000,1.45,2013-12-31,21.14,2336940000,6190900000.0,5246332000,1527836000,559284000,377172000,377172000,None,0,None,817127000,None,None,9013448000,None,None,151352000,None,None,None,0.301,989760000,3504225000,1742107000,319407000,1182139000,None,None,None,None,None,None,None,1.297,2.484,3.257,None,None,None,None,None,0,None,0.142,None,19197045000,2025-10-29,quarterly,1.53,USD,pre-market,None,5433931000,0.0313,0.112,0.125,29.17,None,9273938000,274440000,None,88.13,94.86,5.5172,30851269000,4056294000,3127914000,22663412000,26794975000,19535000000,10106247000,8194245000,22.87,-2161960000,97.93,72.67
2025-12-28,ETR,4.06,12730047000.0,22.87,None,0.616,37.31,725296000,None,582820000,582820000,-276288000,-752602000,None,None,10231000,None,None,None,2482000,428882724,None,4859915000,4859915000,1655787000,None,None,2336940000,None,None,1001852000,524035000,2.41,0.026,152309000,152309000,None,0.02,0.08,1742107000,2743959000,1.45,2013-09-30,21.14,2336940000,6190900000.0,5246332000,1527836000,559284000,377172000,377172000,None,0,None,817127000,None,None,9013448000,None,None,244182000,None,None,None,0.301,1083554000,3504225000,1742107000,319407000,1182139000,None,None,None,None,None,None,None,1.297,2.484,3.257,None,None,None,None,None,0,None,0.142,None,19197045000,2025-10-29,quarterly,1.53,USD,pre-market,None,5433931000,0.0313,0.112,0.125,29.17,None,9273938000,274440000,None,88.13,94.86,5.5172,30851269000,4056294000,3127914000,22663412000,26794975000,19535000000,10106247000,8194245000,22.87,-2161960000,97.93,72.67
2025-12-28,ETR,4.06,12730047000.0,22.87,None,0.616,37.31,677343000,None,582820000,582820000,119960000,-643414000,None,None,11337000,None,None,None,2482000,428882724,None,4859915000,4859915000,1655787000,None,None,2336940000,None,None,1001852000,476017000,2.41,0.026,153707000,153707000,None,0.02,0.08,1742107000,2743959000,1.45,2013-06-30,21.14,2336940000,6190900000.0,5246332000,1527836000,559284000,377172000,377172000,None,0,None,817127000,None,None,9013448000,None,None,168056000,None,None,None,0.301,571916000,3504225000,1742107000,319407000,1182139000,None,None,None,None,None,None,None,1.297,2.484,3.257,None,None,None,None,None,0,None,0.142,None,19197045000,2025-10-29,quarterly,1.53,USD,pre-market,None,5433931000,0.0313,0.112,0.125,29.17,None,9273938000,274440000,None,88.13,94.86,5.5172,30851269000,4056294000,3127914000,22663412000,26794975000,19535000000,10106247000,8194245000,22.87,-2161960000,97.93,72.67
2025-12-28,ETR,4.06,12730047000.0,22.87,None,0.616,37.31,777025000,None,582820000,582820000,-152639000,-661760000,None,None,-5147000,None,None,None,2482000,428882724,None,4859915000,4859915000,1655787000,None,None,2336940000,None,None,1001852000,472933000,2.41,0.026,153484000,153484000,None,0.02,0.08,1742107000,2743959000,1.45,2013-03-31,21.14,2336940000,6190900000.0,5246332000,1527836000,559284000,377172000,377172000,None,0,None,817127000,None,None,9013448000,None,None,166982000,None,None,None,0.301,543989000,3504225000,1742107000,319407000,1182139000,None,None,None,None,None,None,None,1.297,2.484,3.257,None,None,None,None,None,0,None,0.142,None,19197045000,2025-10-29,quarterly,1.53,USD,pre-market,None,5433931000,0.0313,0.112,0.125,29.17,None,9273938000,274440000,None,88.13,94.86,5.5172,30851269000,4056294000,3127914000,22663412000,26794975000,19535000000,10106247000,8194245000,22.87,-2161960000,97.93,72.67
2025-12-28,ETR,4.06,12730047000.0,22.87,None,0.616,37.31,1406719000,None,582820000,582820000,379015000,-1316570000,None,None,-2541000,None,None,None,2482000,428882724,None,4859915000,4859915000,1655787000,None,None,2336940000,None,None,1001852000,477982000,2.41,0.026,205749000,205749000,None,0.02,0.08,1742107000,2743959000,1.45,2012-12-31,21.14,2336940000,6190900000.0,5246332000,1527836000,559284000,377172000,377172000,None,0,None,817127000,None,None,9013448000,None,None,301850000,None,None,None,0.301,720497000,3504225000,1742107000,319407000,1182139000,None,None,None,None,None,None,None,1.297,2.484,3.257,None,None,None,None,None,-51000000,None,0.142,None,19197045000,2025-10-29,quarterly,1.53,USD,pre-market,None,5433931000,0.0313,0.112,0.125,29.17,None,9273938000,274440000,None,88.13,94.86,5.5172,30851269000,4056294000,3127914000,22663412000,26794975000,19535000000,10106247000,8194245000,22.87,-2161960000,97.93,72.67
2025-12-28,ETR,4.06,12730047000.0,22.87,None,0.616,37.31,788521000,None,582820000,582820000,257793000,-823021000,None,None,10159000,None,None,None,2482000,428882724,None,4859915000,4859915000,1655787000,None,None,2336940000,None,None,1001852000,461005000,2.41,0.026,151883000,151883000,None,0.02,0.08,1742107000,2743959000,1.45,2012-09-30,21.14,2336940000,6190900000.0,5246332000,1527836000,559284000,377172000,377172000,None,0,None,817127000,None,None,9013448000,None,None,342669000,None,None,None,0.301,1031869000,3504225000,1742107000,319407000,1182139000,None,None,None,None,None,None,None,1.297,2.484,3.257,None,None,None,None,None,0,None,0.142,None,19197045000,2025-10-29,quarterly,1.53,USD,pre-market,None,5433931000,0.0313,0.112,0.125,29.17,None,9273938000,274440000,None,88.13,94.86,5.5172,30851269000,4056294000,3127914000,22663412000,26794975000,19535000000,10106247000,8194245000,22.87,-2161960000,97.93,72.67
2025-12-28,ETR,4.06,12730047000.0,22.87,None,0.616,37.31,729128000,None,582820000,582820000,-238306000,-750931000,None,None,991000,None,None,None,2482000,428882724,None,4859915000,4859915000,1655787000,None,None,2336940000,None,None,1001852000,382653000,2.41,0.026,152650000,152650000,None,0.02,0.08,1742107000,2743959000,1.45,2012-06-30,21.14,2336940000,6190900000.0,5246332000,1527836000,559284000,377172000,377172000,None,0,None,817127000,None,None,9013448000,None,None,370584000,None,None,None,0.301,587419000,3504225000,1742107000,319407000,1182139000,None,None,None,None,None,None,None,1.297,2.484,3.257,None,None,None,None,None,51000000,None,0.142,None,19197045000,2025-10-29,quarterly,1.53,USD,pre-market,None,5433931000,0.0313,0.112,0.125,29.17,None,9273938000,274440000,None,88.13,94.86,5.5172,30851269000,4056294000,3127914000,22663412000,26794975000,19535000000,10106247000,8194245000,22.87,-2161960000,97.93,72.67
2025-12-28,ETR,4.06,12730047000.0,22.87,None,0.616,37.31,764598000,None,582820000,582820000,139649000,-749275000,None,None,-20213000,None,None,None,2482000,428882724,None,4859915000,4859915000,1655787000,None,None,2336940000,None,None,1001852000,450009000,2.41,0.026,152256000,152256000,None,0.02,0.08,1742107000,2743959000,1.45,2012-03-31,21.14,2336940000,6190900000.0,5246332000,1527836000,559284000,377172000,377172000,None,0,None,817127000,None,None,9013448000,None,None,-146740000,None,None,None,0.301,600500000,3504225000,1742107000,319407000,1182139000,None,None,None,None,None,None,None,1.297,2.484,3.257,None,None,None,None,None,0,None,0.142,None,19197045000,2025-10-29,quarterly,1.53,USD,pre-market,None,5433931000,0.0313,0.112,0.125,29.17,None,9273938000,274440000,None,88.13,94.86,5.5172,30851269000,4056294000,3127914000,22663412000,26794975000,19535000000,10106247000,8194245000,22.87,-2161960000,97.93,72.67
2025-12-28,ETR,4.06,12730047000.0,22.87,None,0.616,37.31,1091981000,None,582820000,582820000,-240475000,-1051350000,None,None,-7284000,None,None,None,2482000,428882724,None,4859915000,4859915000,1655787000,None,None,2336940000,None,None,1001852000,429725000,2.41,0.026,152202000,152202000,None,0.02,0.08,1742107000,2743959000,1.45,2011-12-31,21.14,2336940000,6190900000.0,5246332000,1527836000,559284000,377172000,377172000,None,0,None,817127000,None,None,9013448000,None,None,160027000,None,None,None,0.301,999061000,3504225000,1742107000,319407000,1182139000,None,None,None,None,None,None,None,1.297,2.484,3.257,None,None,None,None,None,-30308000,None,0.142,None,19197045000,2025-10-29,quarterly,1.53,USD,pre-market,None,5433931000,0.0313,0.112,0.125,29.17,None,9273938000,274440000,None,88.13,94.86,5.5172,30851269000,4056294000,3127914000,22663412000,26794975000,19535000000,10106247000,8194245000,22.87,-2161960000,97.93,72.67
2025-12-28,ETR,4.06,12730047000.0,22.87,None,0.616,37.31,541625000,None,582820000,582820000,-127980000,-567780000,None,None,18134000,None,None,None,2482000,428882724,None,4859915000,4859915000,1655787000,None,None,2336940000,None,None,1001852000,463702000,2.41,0.026,151950000,151950000,None,0.02,0.08,1742107000,2743959000,1.45,2011-09-30,21.14,2336940000,6190900000.0,5246332000,1527836000,559284000,377172000,377172000,None,0,None,817127000,None,None,9013448000,None,None,633069000,None,None,None,0.301,1152507000,3504225000,1742107000,319407000,1182139000,None,None,None,None,None,None,None,1.297,2.484,3.257,None,None,None,None,None,-75030000,None,0.142,None,19197045000,2025-10-29,quarterly,1.53,USD,pre-market,None,5433931000,0.0313,0.112,0.125,29.17,None,9273938000,274440000,None,88.13,94.86,5.5172,30851269000,4056294000,3127914000,22663412000,26794975000,19535000000,10106247000,8194245000,22.87,-2161960000,97.93,72.67
2025-12-28,ETR,4.06,12730047000.0,22.87,None,0.616,37.31,906515000,None,582820000,582820000,80383000,-930898000,None,None,7051000,None,None,None,2482000,428882724,None,4859915000,4859915000,1655787000,None,None,2336940000,None,None,1001852000,429617000,2.41,0.026,152693000,152693000,None,0.02,0.08,1742107000,2743959000,1.45,2011-06-30,21.14,2336940000,6190900000.0,5246332000,1527836000,559284000,377172000,377172000,None,0,None,817127000,None,None,9013448000,None,None,320599000,None,None,None,0.301,654148000,3504225000,1742107000,319407000,1182139000,None,None,None,None,None,None,None,1.297,2.484,3.257,None,None,None,None,None,-105198000,None,0.142,None,19197045000,2025-10-29,quarterly,1.53,USD,pre-market,None,5433931000,0.0313,0.112,0.125,29.17,None,9273938000,274440000,None,88.13,94.86,5.5172,30851269000,4056294000,3127914000,22663412000,26794975000,19535000000,10106247000,8194245000,22.87,-2161960000,97.93,72.67
2025-12-28,ETR,4.06,12730047000.0,22.87,None,0.616,37.31,787536000,None,582820000,582820000,5787000,-896825000,None,None,-12508000,None,None,None,2482000,428882724,None,4859915000,4859915000,1655787000,None,None,2336940000,None,None,1001852000,422411000,2.41,0.026,153693000,153693000,None,0.02,0.08,1742107000,2743959000,1.45,2011-03-31,21.14,2336940000,6190900000.0,5246332000,1527836000,559284000,377172000,377172000,None,0,None,817127000,None,None,9013448000,None,None,253678000,None,None,None,0.301,323101000,3504225000,1742107000,319407000,1182139000,None,None,None,None,None,None,None,1.297,2.484,3.257,None,None,None,None,None,-54404000,None,0.142,None,19197045000,2025-10-29,quarterly,1.53,USD,pre-market,None,5433931000,0.0313,0.112,0.125,29.17,None,9273938000,274440000,None,88.13,94.86,5.5172,30851269000,4056294000,3127914000,22663412000,26794975000,19535000000,10106247000,8194245000,22.87,-2161960000,97.93,72.67
2025-12-28,ETR,4.06,12730047000.0,22.87,None,0.616,37.31,655509000,None,582820000,582820000,-818048000,-579479000,None,None,-13993000,None,None,None,2482000,428882724,None,4859915000,4859915000,1655787000,None,None,2336940000,None,None,1001852000,445788000,2.41,0.026,155186000,155186000,None,0.02,0.08,1742107000,2743959000,1.45,2010-12-31,21.14,2336940000,6190900000.0,5246332000,1527836000,559284000,377172000,377172000,None,0,None,817127000,None,None,9013448000,None,None,233306000,None,None,None,0.301,760992000,3504225000,1742107000,319407000,1182139000,None,None,None,None,None,None,None,1.297,2.484,3.257,None,None,None,None,None,-212952000,None,0.142,None,19197045000,2025-10-29,quarterly,1.53,USD,pre-market,None,5433931000,0.0313,0.112,0.125,29.17,None,9273938000,274440000,None,88.13,94.86,5.5172,30851269000,4056294000,3127914000,22663412000,26794975000,19535000000,10106247000,8194245000,22.87,-2161960000,97.93,72.67
2025-12-28,ETR,4.06,12730047000.0,22.87,None,0.616,37.31,589077000,None,582820000,582820000,-279505000,-821843000,None,None,-1674000,None,None,None,2482000,428882724,None,4859915000,4859915000,1655787000,None,None,2336940000,None,None,1001852000,427758000,2.41,0.026,159902000,159902000,None,0.02,0.08,1742107000,2743959000,1.45,2010-09-30,21.14,2336940000,6190900000.0,5246332000,1527836000,559284000,377172000,377172000,None,0,None,817127000,None,None,9013448000,None,None,497902000,None,None,None,0.301,1697255000,3504225000,1742107000,319407000,1182139000,None,None,None,None,None,None,None,1.297,2.484,3.257,None,None,None,None,None,-527875000,None,0.142,None,19197045000,2025-10-29,quarterly,1.53,USD,pre-market,None,5433931000,0.0313,0.112,0.125,29.17,None,9273938000,274440000,None,88.13,94.86,5.5172,30851269000,4056294000,3127914000,22663412000,26794975000,19535000000,10106247000,8194245000,22.87,-2161960000,97.93,72.67
2025-12-28,ETR,4.06,12730047000.0,22.87,None,0.616,37.31,624599000,None,582820000,582820000,-457781000,-657453000,None,None,11326000,None,None,None,2482000,428882724,None,4859915000,4859915000,1655787000,None,None,2336940000,None,None,1001852000,408353000,2.41,0.026,161922000,161922000,None,0.02,0.08,1742107000,2743959000,1.45,2010-06-30,21.14,2336940000,6190900000.0,5246332000,1527836000,559284000,377172000,377172000,None,0,None,817127000,None,None,9013448000,None,None,320283000,None,None,None,0.301,793569000,3504225000,1742107000,319407000,1182139000,None,None,None,None,None,None,None,1.297,2.484,3.257,None,None,None,None,None,-137749000,None,0.142,None,19197045000,2025-10-29,quarterly,1.53,USD,pre-market,None,5433931000,0.0313,0.112,0.125,29.17,None,9273938000,274440000,None,88.13,94.86,5.5172,30851269000,4056294000,3127914000,22663412000,26794975000,19535000000,10106247000,8194245000,22.87,-2161960000,97.93,72.67
2025-12-28,ETR,4.06,12730047000.0,22.87,None,0.616,37.31,512812000,None,582820000,582820000,-211941000,-515448000,None,None,-6324000,None,None,None,2482000,428882724,None,4859915000,4859915000,1655787000,None,None,2336940000,None,None,1001852000,423432000,2.41,0.026,146907000,146907000,None,0.02,0.08,1742107000,2743959000,1.45,2010-03-31,21.14,2336940000,6190900000.0,5246332000,1527836000,559284000,377172000,377172000,None,0,None,817127000,None,None,9013448000,None,None,218814000,None,None,None,0.301,674265000,3504225000,1742107000,319407000,1182139000,None,None,None,None,None,None,None,1.297,2.484,3.257,None,None,None,None,None,0,None,0.142,None,19197045000,2025-10-29,quarterly,1.53,USD,pre-market,None,5433931000,0.0313,0.112,0.125,29.17,None,9273938000,274440000,None,88.13,94.86,5.5172,30851269000,4056294000,3127914000,22663412000,26794975000,19535000000,10106247000,8194245000,22.87,-2161960000,97.93,72.67
2025-12-28,ETR,4.06,12730047000.0,22.87,None,0.616,37.31,2164998000,None,582820000,582820000,302775000,-646733000,None,None,9461000,None,None,None,2482000,428882724,None,4859915000,4859915000,1655787000,None,None,2336940000,None,None,1001852000,33943000,2.41,0.026,146743000,146743000,None,0.02,0.08,1742107000,2743959000,1.45,2009-12-31,21.14,2336940000,6190900000.0,5246332000,1527836000,559284000,377172000,377172000,None,0,None,817127000,None,None,9013448000,None,None,318740000,None,None,None,0.301,923827000,3504225000,1742107000,319407000,1182139000,None,None,None,None,None,None,None,1.297,2.484,3.257,None,None,None,None,None,614972000,None,0.142,None,19197045000,2025-10-29,quarterly,1.53,USD,pre-market,None,5433931000,0.0313,0.112,0.125,29.17,None,9273938000,274440000,None,88.13,94.86,5.5172,30851269000,4056294000,3127914000,22663412000,26794975000,19535000000,10106247000,8194245000,22.87,-2161960000,97.93,72.67
2025-12-28,ETR,4.06,12730047000.0,22.87,None,0.616,37.31,142153000,None,582820000,582820000,-815214000,-328180000,None,None,13793000,None,None,None,2482000,428882724,None,4859915000,4859915000,1655787000,None,None,2336940000,None,None,1001852000,378910000,2.41,0.026,151017000,151017000,None,0.02,0.08,1742107000,2743959000,1.45,2009-09-30,21.14,2336940000,6190900000.0,5246332000,1527836000,559284000,377172000,377172000,None,0,None,817127000,None,None,9013448000,None,None,460166000,None,None,None,0.301,992982000,3504225000,1742107000,319407000,1182139000,None,None,None,None,None,None,None,1.297,2.484,3.257,None,None,None,None,None,-614972000,None,0.142,None,19197045000,2025-10-29,quarterly,1.53,USD,pre-market,None,5433931000,0.0313,0.112,0.125,29.17,None,9273938000,274440000,None,88.13,94.86,5.5172,30851269000,4056294000,3127914000,22663412000,26794975000,19535000000,10106247000,8194245000,22.87,-2161960000,97.93,72.67
2025-12-28,ETR,4.06,12730047000.0,22.87,None,0.616,37.31,30678000,None,582820000,582820000,-689757000,-472679000,None,None,13668000,None,None,None,2482000,428882724,None,4859915000,4859915000,1655787000,None,None,2336940000,None,None,1001852000,348761000,2.41,0.026,152071000,152071000,None,0.02,0.08,1742107000,2743959000,1.45,2009-06-30,21.14,2336940000,6190900000.0,5246332000,1527836000,559284000,377172000,377172000,None,0,None,817127000,None,None,9013448000,None,None,231811000,None,None,None,0.301,641730000,3504225000,1742107000,319407000,1182139000,None,None,None,None,None,None,None,1.297,2.484,3.257,None,None,None,None,None,None,None,0.142,None,19197045000,2025-10-29,quarterly,1.53,USD,pre-market,None,5433931000,0.0313,0.112,0.125,29.17,None,9273938000,274440000,None,88.13,94.86,5.5172,30851269000,4056294000,3127914000,22663412000,26794975000,19535000000,10106247000,8194245000,22.87,-2161960000,97.93,72.67
2025-12-28,ETR,4.06,12730047000.0,22.87,None,0.616,37.31,118890000,None,582820000,582820000,153808000,-646802000,None,None,-17631000,None,None,None,2482000,428882724,None,4859915000,4859915000,1655787000,None,None,2336940000,None,None,1001852000,306594000,2.41,0.026,147083000,147083000,None,0.02,0.08,1742107000,2743959000,1.45,2009-03-31,21.14,2336940000,6190900000.0,5246332000,1527836000,559284000,377172000,377172000,None,0,None,817127000,None,None,9013448000,None,None,240333000,None,None,None,0.301,374619000,3504225000,1742107000,319407000,1182139000,None,None,None,None,None,None,None,1.297,2.484,3.257,None,None,None,None,None,500000000,None,0.142,None,19197045000,2025-10-29,quarterly,1.53,USD,pre-market,None,5433931000,0.0313,0.112,0.125,29.17,None,9273938000,274440000,None,88.13,94.86,5.5172,30851269000,4056294000,3127914000,22663412000,26794975000,19535000000,10106247000,8194245000,22.87,-2161960000,97.93,72.67
2025-12-28,ETR,4.06,12730047000.0,22.87,None,0.616,37.31,756598000,None,582820000,582820000,-621525000,-647429000,None,None,12320000,None,None,None,2482000,428882724,None,4859915000,4859915000,1655787000,None,None,2336940000,None,None,1001852000,1220269000,2.41,0.026,147010000,147010000,None,0.02,0.08,1742107000,2743959000,1.45,2008-12-31,21.14,2336940000,6190900000.0,5246332000,1527836000,559284000,377172000,377172000,None,0,None,817127000,None,None,9013448000,None,None,170574000,None,None,None,0.301,631514000,3504225000,1742107000,319407000,1182139000,None,None,None,None,None,None,None,1.297,2.484,3.257,None,None,None,None,None,-44272000,None,0.142,None,19197045000,2025-10-29,quarterly,1.53,USD,pre-market,None,5433931000,0.0313,0.112,0.125,29.17,None,9273938000,274440000,None,88.13,94.86,5.5172,30851269000,4056294000,3127914000,22663412000,26794975000,19535000000,10106247000,8194245000,22.87,-2161960000,97.93,72.67
2025-12-28,ETR,4.06,12730047000.0,22.87,None,0.616,37.31,887253000,None,582820000,582820000,623570000,-935023000,None,None,-7624000,None,None,None,2482000,428882724,None,4859915000,4859915000,1655787000,None,None,2336940000,None,None,1001852000,None,2.41,0.026,147858000,147858000,None,0.02,0.08,1742107000,2743959000,1.45,2008-09-30,21.14,2336940000,6190900000.0,5246332000,1527836000,559284000,377172000,377172000,None,0,None,817127000,None,None,9013448000,None,None,470289000,None,None,None,0.301,1779245000,3504225000,1742107000,319407000,1182139000,None,None,None,None,None,None,None,1.297,2.484,3.257,None,None,None,None,None,-98467000,None,0.142,None,19197045000,2025-10-29,quarterly,1.53,USD,pre-market,None,5433931000,0.0313,0.112,0.125,29.17,None,9273938000,274440000,None,88.13,94.86,5.5172,30851269000,4056294000,3127914000,22663412000,26794975000,19535000000,10106247000,8194245000,22.87,-2161960000,97.93,72.67
2025-12-28,ETR,4.06,12730047000.0,22.87,None,0.616,37.31,405501000,None,582820000,582820000,125786000,-420023000,None,None,10408000,None,None,None,2482000,428882724,None,4859915000,4859915000,1655787000,None,None,2336940000,None,None,1001852000,None,2.41,0.026,146353000,146353000,None,0.02,0.08,1742107000,2743959000,1.45,2008-06-30,21.14,2336940000,6190900000.0,5246332000,1527836000,559284000,377172000,377172000,None,0,None,817127000,None,None,9013448000,None,None,270954000,None,None,None,0.301,465399000,3504225000,1742107000,319407000,1182139000,None,None,None,None,None,None,None,1.297,2.484,3.257,None,None,None,None,None,-211430000,None,0.142,None,19197045000,2025-10-29,quarterly,1.53,USD,pre-market,None,5433931000,0.0313,0.112,0.125,29.17,None,9273938000,274440000,None,88.13,94.86,5.5172,30851269000,4056294000,3127914000,22663412000,26794975000,19535000000,10106247000,8194245000,22.87,-2161960000,97.93,72.67
2025-12-28,ETR,4.06,12730047000.0,22.87,None,0.616,37.31,429726000,None,582820000,582820000,-198588000,-587621000,None,None,-22665000,None,None,None,2482000,428882724,None,4859915000,4859915000,1655787000,None,None,2336940000,None,None,1001852000,20415000,2.41,0.026,151849000,151849000,None,0.02,0.08,1742107000,2743959000,1.45,2008-03-31,21.14,2336940000,6190900000.0,5246332000,1527836000,559284000,377172000,377172000,None,0,None,817127000,None,None,9013448000,None,None,308749000,None,None,None,0.301,448170000,3504225000,1742107000,319407000,1182139000,None,None,None,None,None,None,None,1.297,2.484,3.257,None,None,None,None,None,-158182000,None,0.142,None,19197045000,2025-10-29,quarterly,1.53,USD,pre-market,None,5433931000,0.0313,0.112,0.125,29.17,None,9273938000,274440000,None,88.13,94.86,5.5172,30851269000,4056294000,3127914000,22663412000,26794975000,19535000000,10106247000,8194245000,22.87,-2161960000,97.93,72.67
2025-12-28,ETR,4.06,12730047000.0,22.87,None,0.616,37.31,631535000,None,582820000,582820000,-479370000,-647756000,None,None,-10835000,None,None,None,2482000,428882724,None,4859915000,4859915000,1655787000,None,None,2336940000,None,None,1001852000,1131610000,2.41,0.026,152096000,152096000,None,0.02,0.08,1742107000,2743959000,1.45,2007-12-31,21.14,2336940000,6190900000.0,5246332000,1527836000,559284000,377172000,377172000,None,0,None,817127000,None,None,9013448000,None,None,193893000,None,None,None,0.301,933018000,3504225000,1742107000,319407000,1182139000,None,None,None,None,None,None,None,1.297,2.484,3.257,None,None,None,None,None,-187943000,None,0.142,None,19197045000,2025-10-29,quarterly,1.53,USD,pre-market,None,5433931000,0.0313,0.112,0.125,29.17,None,9273938000,274440000,None,88.13,94.86,5.5172,30851269000,4056294000,3127914000,22663412000,26794975000,19535000000,10106247000,8194245000,22.87,-2161960000,97.93,72.67
2025-12-28,ETR,4.06,12730047000.0,22.87,None,0.616,37.31,418784000,None,582820000,582820000,-81613000,-434393000,None,None,10923000,None,None,None,2482000,428882724,None,4859915000,4859915000,1655787000,None,None,2336940000,None,None,1001852000,None,2.41,0.026,152290000,152290000,None,0.02,0.08,1742107000,2743959000,1.45,2007-09-30,21.14,2336940000,6190900000.0,5246332000,1527836000,559284000,377172000,377172000,None,0,None,817127000,None,None,9013448000,None,None,461159000,None,None,None,0.301,662620000,3504225000,1742107000,319407000,1182139000,None,None,None,None,None,None,None,1.297,2.484,3.257,None,None,None,None,None,-199925000,None,0.142,None,19197045000,2025-10-29,quarterly,1.53,USD,pre-market,None,5433931000,0.0313,0.112,0.125,29.17,None,9273938000,274440000,None,88.13,94.86,5.5172,30851269000,4056294000,3127914000,22663412000,26794975000,19535000000,10106247000,8194245000,22.87,-2161960000,97.93,72.67
2025-12-28,ETR,4.06,12730047000.0,22.87,None,0.616,37.31,803117000,None,582820000,582820000,498755000,-763440000,None,None,-5885000,None,None,None,2482000,428882724,None,4859915000,4859915000,1655787000,None,None,2336940000,None,None,1001852000,None,2.41,0.026,113770000,113770000,None,0.02,0.08,1742107000,2743959000,1.45,2007-06-30,21.14,2336940000,6190900000.0,5246332000,1527836000,559284000,377172000,377172000,None,0,None,817127000,None,None,9013448000,None,None,267602000,None,None,None,0.301,488023000,3504225000,1742107000,319407000,1182139000,None,None,None,None,None,None,None,1.297,2.484,3.257,None,None,None,None,None,-267274000,None,0.142,None,19197045000,2025-10-29,quarterly,1.53,USD,pre-market,None,5433931000,0.0313,0.112,0.125,29.17,None,9273938000,274440000,None,88.13,94.86,5.5172,30851269000,4056294000,3127914000,22663412000,26794975000,19535000000,10106247000,8194245000,22.87,-2161960000,97.93,72.67
2025-12-28,ETR,4.06,12730047000.0,22.87,None,0.616,37.31,469537000,None,582820000,582820000,-159358000,-252869000,None,None,-4648000,None,None,None,2482000,428882724,None,4859915000,4859915000,1655787000,None,None,2336940000,None,None,1001852000,262117000,2.41,0.026,115046000,115046000,None,0.02,0.08,1742107000,2743959000,1.45,2007-03-31,21.14,2336940000,6190900000.0,5246332000,1527836000,559284000,377172000,377172000,None,0,None,817127000,None,None,9013448000,None,None,212195000,None,None,None,0.301,476109000,3504225000,1742107000,319407000,1182139000,None,None,None,None,None,None,None,1.297,2.484,3.257,None,None,None,None,None,-558186000,None,0.142,None,19197045000,2025-10-29,quarterly,1.53,USD,pre-market,None,5433931000,0.0313,0.112,0.125,29.17,None,9273938000,274440000,None,88.13,94.86,5.5172,30851269000,4056294000,3127914000,22663412000,26794975000,19535000000,10106247000,8194245000,22.87,-2161960000,97.93,72.67
2025-12-28,ETR,4.06,12730047000.0,22.87,None,0.616,37.31,678759000,None,582820000,582820000,-384583000,-503964000,None,None,9445000,None,None,None,2482000,428882724,None,4859915000,4859915000,1655787000,None,None,2336940000,None,None,1001852000,1035153000,2.41,0.026,359965000,359965000,None,0.02,0.08,1742107000,2743959000,1.45,2006-12-31,21.14,2336940000,6190900000.0,5246332000,1527836000,559284000,377172000,377172000,None,0,None,817127000,None,None,9013448000,None,None,245666000,None,None,None,0.301,1162058000,3504225000,1742107000,319407000,1182139000,None,None,None,None,None,None,None,1.297,2.484,3.257,None,None,None,None,None,-584193000,None,0.142,None,19197045000,2025-10-29,quarterly,1.53,USD,pre-market,None,5433931000,0.0313,0.112,0.125,29.17,None,9273938000,274440000,None,88.13,94.86,5.5172,30851269000,4056294000,3127914000,22663412000,26794975000,19535000000,10106247000,8194245000,22.87,-2161960000,97.93,72.67
2025-12-28,ETR,4.06,12730047000.0,22.87,None,0.616,37.31,167153000,None,582820000,582820000,-419711000,-340745000,None,None,17302000,None,None,None,2482000,428882724,None,4859915000,4859915000,1655787000,None,None,2336940000,None,None,1001852000,None,2.41,0.026,118747000,118747000,None,0.02,0.08,1742107000,2743959000,1.45,2006-09-30,21.14,2336940000,6190900000.0,5246332000,1527836000,559284000,377172000,377172000,None,0,None,817127000,None,None,9013448000,None,None,395693000,None,None,None,0.301,776814000,3504225000,1742107000,319407000,1182139000,None,None,None,None,None,None,None,1.297,2.484,3.257,None,None,None,None,None,-2821000,None,0.142,None,19197045000,2025-10-29,quarterly,1.53,USD,pre-market,None,5433931000,0.0313,0.112,0.125,29.17,None,9273938000,274440000,None,88.13,94.86,5.5172,30851269000,4056294000,3127914000,22663412000,26794975000,19535000000,10106247000,8194245000,22.87,-2161960000,97.93,72.67
2025-12-28,ETR,4.06,12730047000.0,22.87,None,0.616,37.31,402174000,None,582820000,582820000,-295426000,-195671000,None,None,14957000,None,None,None,2482000,428882724,None,4859915000,4859915000,1655787000,None,None,2336940000,None,None,1001852000,None,2.41,0.026,121367000,121367000,None,0.02,0.08,1742107000,2743959000,1.45,2006-06-30,21.14,2336940000,6190900000.0,5246332000,1527836000,559284000,377172000,377172000,None,0,None,817127000,None,None,9013448000,None,None,289577000,None,None,None,0.301,468028000,3504225000,1742107000,319407000,1182139000,None,None,None,None,None,None,None,1.297,2.484,3.257,None,None,None,None,None,-178810000,None,0.142,None,19197045000,2025-10-29,quarterly,1.53,USD,pre-market,None,5433931000,0.0313,0.112,0.125,29.17,None,9273938000,274440000,None,88.13,94.86,5.5172,30851269000,4056294000,3127914000,22663412000,26794975000,19535000000,10106247000,8194245000,22.87,-2161960000,97.93,72.67
2025-12-28,ETR,4.06,12730047000.0,22.87,None,0.616,37.31,752377000,None,582820000,582820000,15993000,-858769000,None,None,-28607000,None,None,None,2482000,428882724,None,4859915000,4859915000,1655787000,None,None,2336940000,None,None,1001852000,51317000,2.41,0.026,119851000,119851000,None,0.02,0.08,1742107000,2743959000,1.45,2006-03-31,21.14,2336940000,6190900000.0,5246332000,1527836000,559284000,377172000,377172000,None,0,None,817127000,None,None,9013448000,None,None,201666000,None,None,None,0.301,1012515000,3504225000,1742107000,319407000,1182139000,None,None,None,None,None,None,None,1.297,2.484,3.257,None,None,None,None,None,-2250000,None,0.142,None,19197045000,2025-10-29,quarterly,1.53,USD,pre-market,None,5433931000,0.0313,0.112,0.125,29.17,None,9273938000,274440000,None,88.13,94.86,5.5172,30851269000,4056294000,3127914000,22663412000,26794975000,19535000000,10106247000,8194245000,22.87,-2161960000,97.93,72.67
2025-12-28,ETR,4.06,12730047000.0,22.87,None,0.616,37.31,580921000,None,582820000,582820000,412354000,-788610000,None,None,-72718000,None,None,None,2482000,428882724,None,4859915000,4859915000,1655787000,None,None,2336940000,None,None,1001852000,1001852000,2.41,0.026,360524000,360524000,None,0.02,0.08,1742107000,2743959000,1.45,2005-12-31,21.14,2336940000,6190900000.0,5246332000,1527836000,559284000,377172000,377172000,None,0,None,817127000,None,None,9013448000,None,None,96443000,None,None,None,0.301,352906000,3504225000,1742107000,319407000,1182139000,None,None,None,None,None,None,None,1.297,2.484,3.257,None,None,None,None,None,33719000,None,0.142,None,19197045000,2025-10-29,quarterly,1.53,USD,pre-market,None,5433931000,0.0313,0.112,0.125,29.17,None,9273938000,274440000,None,88.13,94.86,5.5172,30851269000,4056294000,3127914000,22663412000,26794975000,19535000000,10106247000,8194245000,22.87,-2161960000,97.93,72.67
2025-12-28,ETR,4.06,12730047000.0,22.87,None,0.616,37.31,53069000,None,582820000,582820000,158706000,-506372000,None,None,-23653000,None,None,None,2482000,428882724,None,4859915000,4859915000,1655787000,None,None,2336940000,None,None,1001852000,None,2.41,0.026,118392000,118392000,None,0.02,0.08,1742107000,2743959000,1.45,2005-09-30,21.14,2336940000,6190900000.0,5246332000,1527836000,559284000,377172000,377172000,None,0,None,817127000,None,None,9013448000,None,None,355906000,None,None,None,0.301,339877000,3504225000,1742107000,319407000,1182139000,None,None,None,None,None,None,None,1.297,2.484,3.257,None,None,None,None,None,-269837000,None,0.142,None,19197045000,2025-10-29,quarterly,1.53,USD,pre-market,None,5433931000,0.0313,0.112,0.125,29.17,None,9273938000,274440000,None,88.13,94.86,5.5172,30851269000,4056294000,3127914000,22663412000,26794975000,19535000000,10106247000,8194245000,22.87,-2161960000,97.93,72.67
2025-12-28,ETR,4.06,12730047000.0,22.87,None,0.616,37.31,5969710000,None,582820000,582820000,2087655000,-5849010000,None,None,21898000,None,None,None,2482000,428882724,None,4859915000,4859915000,1655787000,None,None,2336940000,None,None,1001852000,2443562000,2.41,0.026,999978000,999978000,None,0.02,0.08,1742107000,2743959000,1.45,2024-12-31,21.14,2336940000,6190900000.0,5246332000,1527836000,559284000,377172000,377172000,None,0,None,817127000,None,None,9013448000,None,None,1061184000,None,None,None,0.301,4488510000,3504225000,1742107000,319407000,1182139000,None,None,None,None,None,None,None,1.297,2.484,3.257,None,None,None,None,None,136794000,None,0.142,None,19197045000,2025-10-29,annual,1.53,USD,pre-market,None,5433931000,0.0313,0.112,0.125,29.17,None,9273938000,274440000,None,88.13,94.86,5.5172,30851269000,4056294000,3127914000,22663412000,26794975000,19535000000,10106247000,8194245000,22.87,-2161960000,97.93,72.67
2025-12-28,ETR,4.06,12730047000.0,22.87,None,0.616,37.31,4711625000,None,582820000,582820000,243033000,-4628977000,None,None,-45166000,None,None,None,2482000,428882724,None,4859915000,4859915000,1655787000,None,None,2336940000,None,None,1001852000,2244479000,2.41,0.026,936512000,936512000,None,0.02,0.08,1742107000,2743959000,1.45,2023-12-31,21.14,2336940000,6190900000.0,5246332000,1527836000,559284000,377172000,377172000,None,0,None,817127000,None,None,9013448000,None,None,2362310000,None,None,None,0.301,4294328000,3504225000,1742107000,319407000,1182139000,None,None,None,None,None,None,None,1.297,2.484,3.257,None,None,None,None,None,4583847000,None,0.142,None,19197045000,2025-10-29,annual,1.53,USD,pre-market,None,5433931000,0.0313,0.112,0.125,29.17,None,9273938000,274440000,None,88.13,94.86,5.5172,30851269000,4056294000,3127914000,22663412000,26794975000,19535000000,10106247000,8194245000,22.87,-2161960000,97.93,72.67
2025-12-28,ETR,4.06,12730047000.0,22.87,None,0.616,37.31,5288739000,None,582820000,582820000,2906012000,-5709897000,-218395000,None,6943000,None,None,-157267000,2482000,428882724,None,4859915000,4859915000,1655787000,None,None,2336940000,None,None,1001852000,2190371000,2.41,0.026,859996000,859996000,None,0.02,0.08,1742107000,2743959000,1.45,2022-12-31,21.14,2336940000,6190900000.0,5246332000,1527836000,559284000,377172000,377172000,None,0,None,817127000,None,None,9013448000,None,None,1097138000,None,None,None,0.301,2585490000,3504225000,1742107000,319407000,1182139000,None,None,None,None,None,None,None,1.297,2.484,3.257,None,None,None,None,None,884597000,None,0.142,None,19197045000,2025-10-29,annual,1.53,USD,pre-market,None,5433931000,0.0313,0.112,0.125,29.17,None,9273938000,274440000,None,88.13,94.86,5.5172,30851269000,4056294000,3127914000,22663412000,26794975000,19535000000,10106247000,8194245000,22.87,-2161960000,97.93,72.67
2025-12-28,ETR,4.06,12730047000.0,22.87,None,0.616,37.31,6422112000,None,582820000,582820000,2562023000,-6179276000,-1316540000,None,18359000,None,None,-84629000,2482000,428882724,None,4859915000,4859915000,1655787000,None,None,2336940000,None,None,1001852000,2242944000,2.41,0.026,793441000,793441000,None,0.02,0.08,1742107000,2743959000,1.45,2021-12-31,21.14,2336940000,6190900000.0,5246332000,1527836000,559284000,377172000,377172000,None,0,None,817127000,None,None,9013448000,None,None,1118719000,None,None,None,0.301,2300713000,3504225000,1742107000,319407000,1182139000,None,None,None,None,None,None,None,1.297,2.484,3.257,None,None,None,None,None,7882115000,None,0.142,None,19197045000,2025-10-29,annual,1.53,USD,pre-market,None,5433931000,0.0313,0.112,0.125,29.17,None,9273938000,274440000,None,88.13,94.86,5.5172,30851269000,4056294000,3127914000,22663412000,26794975000,19535000000,10106247000,8194245000,22.87,-2161960000,97.93,72.67
2025-12-28,ETR,4.06,12730047000.0,22.87,None,0.616,37.31,5156861000,None,582820000,582820000,3415817000,-4772306000,1333377000,None,-27458000,None,None,-139296000,2482000,428882724,None,4859915000,4859915000,1655787000,None,None,2336940000,None,None,1001852000,2257750000,2.41,0.026,766844000,766844000,None,0.02,0.08,1742107000,2743959000,1.45,2020-12-31,21.14,2336940000,6190900000.0,5246332000,1527836000,559284000,377172000,377172000,None,0,None,817127000,None,None,9013448000,None,None,1406653000,None,None,None,0.301,2689866000,3504225000,1742107000,319407000,1182139000,None,None,None,None,None,None,None,1.297,2.484,3.257,None,None,None,None,None,12299963000,None,0.142,None,19197045000,2025-10-29,annual,1.53,USD,pre-market,None,5433931000,0.0313,0.112,0.125,29.17,None,9273938000,274440000,None,88.13,94.86,5.5172,30851269000,4056294000,3127914000,22663412000,26794975000,19535000000,10106247000,8194245000,22.87,-2161960000,97.93,72.67
2025-12-28,ETR,4.06,12730047000.0,22.87,None,0.616,37.31,4631505000,None,582820000,582820000,1638362000,-4510242000,-55253000,None,-28173000,None,None,-101227000,2482000,428882724,None,4859915000,4859915000,1655787000,None,None,2336940000,None,None,1001852000,2182313000,2.41,0.026,728011000,728011000,None,0.02,0.08,1742107000,2743959000,1.45,2019-12-31,21.14,2336940000,6190900000.0,5246332000,1527836000,559284000,377172000,377172000,None,0,None,817127000,None,None,9013448000,None,None,1258244000,None,None,None,0.301,2816627000,3504225000,1742107000,319407000,1182139000,None,None,None,None,None,None,None,1.297,2.484,3.257,None,None,None,None,None,-50000000,None,0.142,None,19197045000,2025-10-29,annual,1.53,USD,pre-market,None,5433931000,0.0313,0.112,0.125,29.17,None,9273938000,274440000,None,88.13,94.86,5.5172,30851269000,4056294000,3127914000,22663412000,26794975000,19535000000,10106247000,8194245000,22.87,-2161960000,97.93,72.67
2025-12-28,ETR,4.06,12730047000.0,22.87,None,0.616,37.31,4271217000,None,582820000,582820000,1420442000,-4105987000,-300298000,None,45839000,None,None,98546000,2482000,428882724,None,4859915000,4859915000,1655787000,None,None,2336940000,None,None,1001852000,2040555000,2.41,0.026,647704000,647704000,None,0.02,0.08,1742107000,2743959000,1.45,2018-12-31,21.14,2336940000,6190900000.0,5246332000,1527836000,559284000,377172000,377172000,None,0,None,817127000,None,None,9013448000,None,None,862555000,None,None,None,0.301,2385247000,3504225000,1742107000,319407000,1182139000,None,None,None,None,None,None,None,1.297,2.484,3.257,None,None,None,None,None,-53868000,None,0.142,None,19197045000,2025-10-29,annual,1.53,USD,pre-market,None,5433931000,0.0313,0.112,0.125,29.17,None,9273938000,274440000,None,88.13,94.86,5.5172,30851269000,4056294000,3127914000,22663412000,26794975000,19535000000,10106247000,8194245000,22.87,-2161960000,97.93,72.67
2025-12-28,ETR,4.06,12730047000.0,22.87,None,0.616,37.31,4001618000,None,582820000,582820000,810978000,-3841049000,-406571000,None,-3043000,None,None,-97637000,2482000,428882724,None,4859915000,4859915000,1655787000,None,None,2336940000,None,None,1001852000,2078578000,2.41,0.026,628885000,628885000,None,0.02,0.08,1742107000,2743959000,1.45,2017-12-31,21.14,2336940000,6190900000.0,5246332000,1527836000,559284000,377172000,377172000,None,0,None,817127000,None,None,9013448000,None,None,425353000,None,None,None,0.301,2623500000,3504225000,1742107000,319407000,1182139000,None,None,None,None,None,None,None,1.297,2.484,3.257,None,None,None,None,None,-20599000,None,0.142,None,19197045000,2025-10-29,annual,1.53,USD,pre-market,None,5433931000,0.0313,0.112,0.125,29.17,None,9273938000,274440000,None,88.13,94.86,5.5172,30851269000,4056294000,3127914000,22663412000,26794975000,19535000000,10106247000,8194245000,22.87,-2161960000,97.93,72.67
2025-12-28,ETR,4.06,12730047000.0,22.87,None,0.616,37.31,4044257000,None,582820000,582820000,688232000,-3850048000,None,None,38210000,None,None,None,2482000,428882724,None,4859915000,4859915000,1655787000,None,None,2336940000,None,None,1001852000,2123291000,2.41,0.026,632624000,632624000,None,0.02,0.08,1742107000,2743959000,1.45,2016-12-31,21.14,2336940000,6190900000.0,5246332000,1527836000,559284000,377172000,377172000,None,0,None,817127000,None,None,9013448000,None,None,-564503000,None,None,None,0.301,2998699000,3504225000,1742107000,319407000,1182139000,None,None,None,None,None,None,None,1.297,2.484,3.257,None,None,None,None,None,-115283000,None,0.142,None,19197045000,2025-10-29,annual,1.53,USD,pre-market,None,5433931000,0.0313,0.112,0.125,29.17,None,9273938000,274440000,None,88.13,94.86,5.5172,30851269000,4056294000,3127914000,22663412000,26794975000,19535000000,10106247000,8194245000,22.87,-2161960000,97.93,72.67
2025-12-28,ETR,4.06,12730047000.0,22.87,None,0.616,37.31,2994464000,None,582820000,582820000,-753467000,-2608782000,-71065000,None,-12376000,None,None,38152000,2482000,428882724,None,4859915000,4859915000,1655787000,None,None,2336940000,None,None,1001852000,2117236000,2.41,0.026,618655000,618655000,None,0.02,0.08,1742107000,2743959000,1.45,2015-12-31,21.14,2336940000,6190900000.0,5246332000,1527836000,559284000,377172000,377172000,None,0,None,817127000,None,None,9013448000,None,None,-156734000,None,None,None,0.301,3291184000,3504225000,1742107000,319407000,1182139000,None,None,None,None,None,None,None,1.297,2.484,3.257,None,None,None,None,None,-194092000,None,0.142,None,19197045000,2025-10-29,annual,1.53,USD,pre-market,None,5433931000,0.0313,0.112,0.125,29.17,None,9273938000,274440000,None,88.13,94.86,5.5172,30851269000,4056294000,3127914000,22663412000,26794975000,19535000000,10106247000,8194245000,22.87,-2161960000,97.93,72.67
2025-12-28,ETR,4.06,12730047000.0,22.87,None,0.616,37.31,2656739000,None,582820000,582820000,-252173000,-2954488000,682900000,None,3524000,None,None,98493000,2482000,428882724,None,4859915000,4859915000,1655787000,None,None,2336940000,None,None,1001852000,2127892000,2.41,0.026,615628000,615628000,None,0.02,0.08,1742107000,2743959000,1.45,2014-12-31,21.14,2336940000,6190900000.0,5246332000,1527836000,559284000,377172000,377172000,None,0,None,817127000,None,None,9013448000,None,None,960257000,None,None,None,0.301,3889561000,3504225000,1742107000,319407000,1182139000,None,None,None,None,None,None,None,1.297,2.484,3.257,None,None,None,None,None,-183271000,None,0.142,None,19197045000,2025-10-29,annual,1.53,USD,pre-market,None,5433931000,0.0313,0.112,0.125,29.17,None,9273938000,274440000,None,88.13,94.86,5.5172,30851269000,4056294000,3127914000,22663412000,26794975000,19535000000,10106247000,8194245000,22.87,-2161960000,97.93,72.67
2025-12-28,ETR,4.06,12730047000.0,22.87,None,0.616,37.31,2822718000,None,582820000,582820000,-380824000,-2601593000,206557000,-245000,4873000,None,None,-180648000,2482000,428882724,None,4859915000,4859915000,1655787000,None,None,2336940000,None,None,1001852000,2012076000,2.41,0.026,611839000,611839000,None,0.02,0.08,1742107000,2743959000,1.45,2013-12-31,21.14,2336940000,6190900000.0,5246332000,1527836000,559284000,377172000,377172000,None,0,None,817127000,None,None,9013448000,None,None,730572000,None,None,None,0.301,3189219000,3504225000,1742107000,319407000,1182139000,None,None,None,None,None,None,None,1.297,2.484,3.257,None,None,None,None,None,48776000,None,0.142,None,19197045000,2025-10-29,annual,1.53,USD,pre-market,None,5433931000,0.0313,0.112,0.125,29.17,None,9273938000,274440000,None,88.13,94.86,5.5172,30851269000,4056294000,3127914000,22663412000,26794975000,19535000000,10106247000,8194245000,22.87,-2161960000,97.93,72.67
2025-12-28,ETR,4.06,12730047000.0,22.87,None,0.616,37.31,3688966000,None,582820000,582820000,538151000,-3639797000,None,None,-11604000,None,None,None,2482000,428882724,None,4859915000,4859915000,1655787000,None,None,2336940000,None,None,1001852000,1771649000,2.41,0.026,611538000,611538000,None,0.02,0.08,1742107000,2743959000,1.45,2012-12-31,21.14,2336940000,6190900000.0,5246332000,1527836000,559284000,377172000,377172000,None,0,None,817127000,None,None,9013448000,None,None,868363000,None,None,None,0.301,2940285000,3504225000,1742107000,319407000,1182139000,None,None,None,None,None,None,None,1.297,2.484,3.257,None,None,None,None,None,4166036000,None,0.142,None,19197045000,2025-10-29,annual,1.53,USD,pre-market,None,5433931000,0.0313,0.112,0.125,29.17,None,9273938000,274440000,None,88.13,94.86,5.5172,30851269000,4056294000,3127914000,22663412000,26794975000,19535000000,10106247000,8194245000,22.87,-2161960000,97.93,72.67
2025-12-28,ETR,4.06,12730047000.0,22.87,None,0.616,37.31,3327657000,None,582820000,582820000,-282285000,-3446853000,None,None,5393000,None,None,None,2482000,428882724,None,4859915000,4859915000,1655787000,None,None,2336940000,None,None,1001852000,1745455000,2.41,0.026,610538000,610538000,None,0.02,0.08,1742107000,2743959000,1.45,2011-12-31,21.14,2336940000,6190900000.0,5246332000,1527836000,559284000,377172000,377172000,None,0,None,817127000,None,None,9013448000,None,None,1367372000,None,None,None,0.301,3128817000,3504225000,1742107000,319407000,1182139000,None,None,None,None,None,None,None,1.297,2.484,3.257,None,None,None,None,None,-264940000,None,0.142,None,19197045000,2025-10-29,annual,1.53,USD,pre-market,None,5433931000,0.0313,0.112,0.125,29.17,None,9273938000,274440000,None,88.13,94.86,5.5172,30851269000,4056294000,3127914000,22663412000,26794975000,19535000000,10106247000,8194245000,22.87,-2161960000,97.93,72.67
2025-12-28,ETR,4.06,12730047000.0,22.87,None,0.616,37.31,2381997000,None,582820000,582820000,-1767275000,-2574223000,None,None,-10665000,None,None,None,2482000,428882724,None,4859915000,4859915000,1655787000,None,None,2336940000,None,None,1001852000,1705331000,2.41,0.026,623917000,623917000,None,0.02,0.08,1742107000,2743959000,1.45,2010-12-31,21.14,2336940000,6190900000.0,5246332000,1527836000,559284000,377172000,377172000,None,0,None,817127000,None,None,9013448000,None,None,1270305000,None,None,None,0.301,3926081000,3504225000,1742107000,319407000,1182139000,None,None,None,None,None,None,None,1.297,2.484,3.257,None,None,None,None,None,-878576000,None,0.142,None,19197045000,2025-10-29,annual,1.53,USD,pre-market,None,5433931000,0.0313,0.112,0.125,29.17,None,9273938000,274440000,None,88.13,94.86,5.5172,30851269000,4056294000,3127914000,22663412000,26794975000,19535000000,10106247000,8194245000,22.87,-2161960000,97.93,72.67
2025-12-28,ETR,4.06,12730047000.0,22.87,None,0.616,37.31,2456719000,None,582820000,582820000,-1048388000,-2094394000,-210940000,-1316000,19291000,None,None,116444000,2482000,428882724,None,4859915000,4859915000,1655787000,None,None,2336940000,None,None,1001852000,1281838000,2.41,0.026,596914000,596914000,None,0.02,0.08,1742107000,2743959000,1.45,2009-12-31,21.14,2336940000,6190900000.0,5246332000,1527836000,559284000,377172000,377172000,None,0,None,817127000,None,None,9013448000,None,None,1251050000,None,None,None,0.301,2933158000,3504225000,1742107000,319407000,1182139000,None,None,None,None,None,None,None,1.297,2.484,3.257,None,None,None,None,None,-614972000,None,0.142,None,19197045000,2025-10-29,annual,1.53,USD,pre-market,None,5433931000,0.0313,0.112,0.125,29.17,None,9273938000,274440000,None,88.13,94.86,5.5172,30851269000,4056294000,3127914000,22663412000,26794975000,19535000000,10106247000,8194245000,22.87,-2161960000,97.93,72.67
2025-12-28,ETR,4.06,12730047000.0,22.87,None,0.616,37.31,2479078000,None,582820000,582820000,-70757000,-2590096000,None,None,-7561000,None,None,None,2482000,428882724,None,4859915000,4859915000,1655787000,None,None,2336940000,None,None,1001852000,1220269000,2.41,0.026,593070000,593070000,None,0.02,0.08,1742107000,2743959000,1.45,2008-12-31,21.14,2336940000,6190900000.0,5246332000,1527836000,559284000,377172000,377172000,None,0,None,817127000,None,None,9013448000,None,None,1220566000,None,None,None,0.301,3324328000,3504225000,1742107000,319407000,1182139000,None,None,None,None,None,None,None,1.297,2.484,3.257,None,None,None,None,None,-512351000,None,0.142,None,19197045000,2025-10-29,annual,1.53,USD,pre-market,None,5433931000,0.0313,0.112,0.125,29.17,None,9273938000,274440000,None,88.13,94.86,5.5172,30851269000,4056294000,3127914000,22663412000,26794975000,19535000000,10106247000,8194245000,22.87,-2161960000,97.93,72.67
2025-12-28,ETR,4.06,12730047000.0,22.87,None,0.616,37.31,2322973000,None,582820000,582820000,-221586000,-2098458000,None,None,-10445000,None,None,None,2482000,428882724,None,4859915000,4859915000,1655787000,None,None,2336940000,None,None,1001852000,32288000,2.41,0.026,533202000,533202000,None,0.02,0.08,1742107000,2743959000,1.45,2007-12-31,21.14,2336940000,6190900000.0,5246332000,1527836000,559284000,377172000,377172000,None,0,None,817127000,None,None,9013448000,None,None,1134849000,None,None,None,0.301,2559770000,3504225000,1742107000,319407000,1182139000,None,None,None,None,None,None,None,1.297,2.484,3.257,None,None,None,None,None,-1273405000,None,0.142,None,19197045000,2025-10-29,annual,1.53,USD,pre-market,None,5433931000,0.0313,0.112,0.125,29.17,None,9273938000,274440000,None,88.13,94.86,5.5172,30851269000,4056294000,3127914000,22663412000,26794975000,19535000000,10106247000,8194245000,22.87,-2161960000,97.93,72.67
2025-12-28,ETR,4.06,12730047000.0,22.87,None,0.616,37.31,2000463000,None,582820000,582820000,-1083727000,-1899149000,None,None,13097000,None,None,None,2482000,428882724,None,4859915000,4859915000,1655787000,None,None,2336940000,None,None,1001852000,1035153000,2.41,0.026,477802000,477802000,None,0.02,0.08,1742107000,2743959000,1.45,2006-12-31,21.14,2336940000,6190900000.0,5246332000,1527836000,559284000,377172000,377172000,None,0,None,817127000,None,None,9013448000,None,None,1132602000,None,None,None,0.301,3419415000,3504225000,1742107000,319407000,1182139000,None,None,None,None,None,None,None,1.297,2.484,3.257,None,None,None,None,None,-768074000,None,0.142,None,19197045000,2025-10-29,annual,1.53,USD,pre-market,None,5433931000,0.0313,0.112,0.125,29.17,None,9273938000,274440000,None,88.13,94.86,5.5172,30851269000,4056294000,3127914000,22663412000,26794975000,19535000000,10106247000,8194245000,22.87,-2161960000,97.93,72.67
2025-12-28,ETR,4.06,12730047000.0,22.87,None,0.616,37.31,1620161000,None,582820000,582820000,496390000,-1992608000,None,None,-83125000,None,None,None,2482000,428882724,None,4859915000,4859915000,1655787000,None,None,2336940000,None,None,1001852000,1001852000,2.41,0.026,478980000,478980000,None,0.02,0.08,1742107000,2743959000,1.45,2005-12-31,21.14,2336940000,6190900000.0,5246332000,1527836000,559284000,377172000,377172000,None,0,None,817127000,None,None,9013448000,None,None,923758000,None,None,None,0.301,1459854000,3504225000,1742107000,319407000,1182139000,None,None,None,None,None,None,None,1.297,2.484,3.257,None,None,None,None,None,-911907000,None,0.142,None,19197045000,2025-10-29,annual,1.53,USD,pre-market,None,5433931000,0.0313,0.112,0.125,29.17,None,9273938000,274440000,None,88.13,94.86,5.5172,30851269000,4056294000,3127914000,22663412000,26794975000,19535000000,10106247000,8194245000,22.87,-2161960000,97.93,72.67
