date,symbol,eps,revenue_ttm,pe_ratio,accumulateddepreciationamortizationppe,beta,book_value,capitalexpenditures,capitalleaseobligations,cashandcashequivalentsatcarryingvalue,cashandshortterminvestments,cashflowfromfinancing,cashflowfrominvestment,changeincashandcashequivalents,changeinexchangerate,changeininventory,changeinoperatingassets,changeinoperatingliabilities,changeinreceivables,commonstock,commonstocksharesoutstanding,comprehensiveincomenetoftax,costofgoodsandservicessold,costofrevenue,currentaccountspayable,currentdebt,currentlongtermdebt,currentnetreceivables,deferredrevenue,depreciation,depreciationandamortization,depreciationdepletionandamortization,dividendpayout,dividendpayoutcommonstock,dividendpayoutpreferredstock,earnings_growth_yoy,earnings_surprise,ebit,ebitda,estimated_eps,fiscaldateending,forward_pe,goodwill,gross_profit_ttm,grossprofit,incomebeforetax,incometaxexpense,intangibleassets,intangibleassetsexcludinggoodwill,interestanddebtexpense,interestexpense,interestincome,inventory,investmentincomenet,investments,longtermdebt,longtermdebtnoncurrent,longterminvestments,netincome,netincomefromcontinuingoperations,netinterestincome,noninterestincome,operating_margin_ttm,operatingcashflow,operatingexpenses,operatingincome,othercurrentassets,othercurrentliabilities,othernoncurrentassets,othernoncurrentliabilities,othernonoperatingincome,paymentsforoperatingactivities,paymentsforrepurchaseofcommonstock,paymentsforrepurchaseofequity,paymentsforrepurchaseofpreferredstock,peg_ratio,price_to_book,price_to_sales_ttm,proceedsfromissuanceofcommonstock,proceedsfromissuanceoflongtermdebtandcapitalsecuritiesnet,proceedsfromissuanceofpreferredstock,proceedsfromoperatingactivities,proceedsfromrepaymentsofshorttermdebt,proceedsfromrepurchaseofequity,proceedsfromsaleoftreasurystock,profit_margin,profitloss,propertyplantequipment,report_date,report_type,reported_eps,reportedcurrency,reporttime,researchanddevelopment,retainedearnings,return_on_assets_ttm,return_on_equity_ttm,revenue_growth_yoy,revenue_per_share_ttm,sellinggeneralandadministrative,shortlongtermdebttotal,shorttermdebt,shortterminvestments,sma_200,sma_50,surprise_pct,totalassets,totalcurrentassets,totalcurrentliabilities,totalliabilities,totalnoncurrentassets,totalnoncurrentliabilities,totalrevenue,totalshareholderequity,trailing_pe,treasurystock,week_52_high,week_52_low
2000-03-31,EW,,,,,,,,,,,,,,,,,,,,,,,,,,,,,,,,,,,,0.0,,,,,,,,,,,,,,,,,,,,,,,,,,,,,,,,,,,,,,,,,,,,,,,,,,,,2000-03-31,,0.0153,,pre-market,,,,,,,,,,,,,,,,,,,,,,,,,
2000-06-30,EW,,,,,,,,,,,,,,,,,,,,,,,,,,,,,,,,,,,,0.0,,,0.01,,,,,,,,,,,,,,,,,,,,,,,,,,,,,,,,,,,,,,,,,,,,,,,,,2000-08-24,,0.01,,pre-market,,,,,,,,,,,,,0.0,,,,,,,,,,,,
2000-09-30,EW,,,,,,,,,,,,,,,,,,,,,,,,,,,,,,,,,,,,0.0,,,0.02,,,,,,,,,,,,,,,,,,,,,,,,,,,,,,,,,,,,,,,,,,,,,,,,,2000-10-31,,0.02,,pre-market,,,,,,,,,,,,,0.0,,,,,,,,,,,,
2000-12-31,EW,,,,,,,,,,,,,,,,,,,,,,,,,,,,,,,,,,,,0.0,,,0.02,,,,,,,,,,,,,,,,,,,,,,,,,,,,,,,,,,,,,,,,,,,,,,,,,2001-02-06,,0.02,,pre-market,,,,,,,,,,,,,0.0,,,,,,,,,,,,
2001-03-31,EW,,,,,,,,,,,,,,,,,,,,,,,,,,,,,,,,,,,,0.0,,,0.02,,,,,,,,,,,,,,,,,,,,,,,,,,,,,,,,,,,,,,,,,,,,,,,,,2001-04-26,,0.02,,pre-market,,,,,,,,,,,,,0.0,,,,,,,,,,,,
2001-06-30,EW,,,,,,,,,,,,,,,,,,,,,,,,,,,,,,,,,,,,0.0,,,0.02,,,,,,,,,,,,,,,,,,,,,,,,,,,,,,,,,,,,,,,,,,,,,,,,,2001-07-26,,0.02,,pre-market,,,,,,,,,,,,,0.0,,,,,,,,,,,,
2001-09-30,EW,,,,,,,,,,,,,,,,,,,,,,,,,,,,,,,,,,,,0.0,,,0.02,,,,,,,,,,,,,,,,,,,,,,,,,,,,,,,,,,,,,,,,,,,,,,,,,2001-10-25,,0.02,,pre-market,,,,,,,,,,,,,0.0,,,,,,,,,,,,
2001-12-31,EW,,,,,,,,,,,,,,,,,,,,,,,,,,,,,,,,,,,,0.0,,,0.02,,,,,,,,,,,,,,,,,,,,,,,,,,,,,,,,,,,,,,,,,,,,,,,,,2002-02-05,,0.02,,pre-market,,,,,,,,,,,,,0.0,,,,,,,,,,,,
2002-03-31,EW,,,,,,,,,,,,,,,,,,,,,,,,,,,,,,,,,,,,0.0,,,0.03,,,,,,,,,,,,,,,,,,,,,,,,,,,,,,,,,,,,,,,,,,,,,,,,,2002-04-23,,0.03,,pre-market,,,,,,,,,,,,,0.0,,,,,,,,,,,,
2002-06-30,EW,,,,,,,,,,,,,,,,,,,,,,,,,,,,,,,,,,,,0.0,,,0.03,,,,,,,,,,,,,,,,,,,,,,,,,,,,,,,,,,,,,,,,,,,,,,,,,2002-07-23,,0.03,,pre-market,,,,,,,,,,,,,0.0,,,,,,,,,,,,
2002-09-30,EW,,,,,,,,,,,,,,,,,,,,,,,,,,,,,,,,,,,,0.0,,,0.03,,,,,,,,,,,,,,,,,,,,,,,,,,,,,,,,,,,,,,,,,,,,,,,,,2002-10-22,,0.03,,pre-market,,,,,,,,,,,,,0.0,,,,,,,,,,,,
2002-12-31,EW,,,,,,,,,,,,,,,,,,,,,,,,,,,,,,,,,,,,0.0,,,0.03,,,,,,,,,,,,,,,,,,,,,,,,,,,,,,,,,,,,,,,,,,,,,,,,,2003-02-03,,0.03,,pre-market,,,,,,,,,,,,,0.0,,,,,,,,,,,,
2003-03-31,EW,,,,,,,,,,,,,,,,,,,,,,,,,,,,,,,,,,,,0.0,,,0.03,,,,,,,,,,,,,,,,,,,,,,,,,,,,,,,,,,,,,,,,,,,,,,,,,2003-04-22,,0.03,,pre-market,,,,,,,,,,,,,0.0,,,,,,,,,,,,
2003-06-30,EW,,,,,,,,,,,,,,,,,,,,,,,,,,,,,,,,,,,,0.0,,,0.03,,,,,,,,,,,,,,,,,,,,,,,,,,,,,,,,,,,,,,,,,,,,,,,,,2003-07-22,,0.03,,pre-market,,,,,,,,,,,,,0.0,,,,,,,,,,,,
2003-09-30,EW,,,,,,,,,,,,,,,,,,,,,,,,,,,,,,,,,,,,0.0,,,0.03,,,,,,,,,,,,,,,,,,,,,,,,,,,,,,,,,,,,,,,,,,,,,,,,,2003-10-20,,0.03,,pre-market,,,,,,,,,,,,,0.0,,,,,,,,,,,,
2003-12-31,EW,,,,,,,,,,,,,,,,,,,,,,,,,,,,,,,,,,,,0.01,,,0.03,,,,,,,,,,,,,,,,,,,,,,,,,,,,,,,,,,,,,,,,,,,,,,,,,2004-02-03,,0.04,,pre-market,,,,,,,,,,,,,33.3333,,,,,,,,,,,,
2004-03-31,EW,,,,,,,,,,,,,,,,,,,,,,,,,,,,,,,,,,,,0.0,,,0.03,,,,,,,,,,,,,,,,,,,,,,,,,,,,,,,,,,,,,,,,,,,,,,,,,2004-04-22,,0.03,,pre-market,,,,,,,,,,,,,0.0,,,,,,,,,,,,
2004-06-30,EW,,,,,,,,,,,,,,,,,,,,,,,,,,,,,,,,,,,,0.01,,,0.03,,,,,,,,,,,,,,,,,,,,,,,,,,,,,,,,,,,,,,,,,,,,,,,,,2004-07-27,,0.04,,pre-market,,,,,,,,,,,,,33.3333,,,,,,,,,,,,
2004-09-30,EW,,,,,,,,,,,,,,,,,,,,,,,,,,,,,,,,,,,,0.0,,,0.03,,,,,,,,,,,,,,,,,,,,,,,,,,,,,,,,,,,,,,,,,,,,,,,,,2004-10-21,,0.03,,pre-market,,,,,,,,,,,,,0.0,,,,,,,,,,,,
2004-12-31,EW,,,,,,,,,,,,,,,,,,,,,,,,,,,,,,,,,,,,0.0,,,0.04,,,,,,,,,,,,,,,,,,,,,,,,,,,,,,,,,,,,,,,,,,,,,,,,,2005-01-27,,0.04,,pre-market,,,,,,,,,,,,,0.0,,,,,,,,,,,,
2005-03-31,EW,,,,,,,,,,,,,,,,,,,,,,,,,,,,,,,,,,,,0.0,,,0.04,,,,,,,,,,,,,,,,,,,,,,,,,,,,,,,,,,,,,,,,,,,,,,,,,2005-04-21,,0.04,,pre-market,,,,,,,,,,,,,0.0,,,,,,,,,,,,
2005-06-30,EW,,,,,,,,,,,,,,,,,,,,,,,,,,,,,,,,,,,,0.0,,,0.04,,,,,,,,,,,,,,,,,,,,,,,,,,,,,,,,,,,,,,,,,,,,,,,,,2005-07-21,,0.04,,pre-market,,,,,,,,,,,,,0.0,,,,,,,,,,,,
2005-09-30,EW,,,,,,,,,,,,,,,,,,,,,,,,,,,,,,,,,,,,0.0,,,0.04,,,,,,,,,,,,,,,,,,,,,,,,,,,,,,,,,,,,,,,,,,,,,,,,,2005-10-25,,0.04,,pre-market,,,,,,,,,,,,,0.0,,,,,,,,,,,,
2005-12-31,EW,,,,,,,,,,,,,,,,,,,,,,,,,,,,,,,,,,,,0.0,,,0.04,,,,,,,,,,,,,,,,,,,,,,,,,,,,,,,,,,,,,,,,,,,,,,,,,2006-02-02,,0.04,,pre-market,,,,,,,,,,,,,0.0,,,,,,,,,,,,
2006-03-31,EW,,,,,,,,,,,,,,,,,,,,,,,,,,,,,,,,,,,,0.0,,,0.04,,,,,,,,,,,,,,,,,,,,,,,,,,,,,,,,,,,,,,,,,,,,,,,,,2006-04-20,,0.04,,pre-market,,,,,,,,,,,,,0.0,,,,,,,,,,,,
2006-06-30,EW,,,,,,,,,,,,,,,,,,,,,,,,,,,,,,,,,,,,0.01,,,0.04,,,,,,,,,,,,,,,,,,,,,,,,,,,,,,,,,,,,,,,,,,,,,,,,,2006-07-24,,0.05,,pre-market,,,,,,,,,,,,,25.0,,,,,,,,,,,,
2006-09-30,EW,,,,,,,,,,,,,,,,,,,,,,,,,,,,,,,,,,,,0.0,,,0.04,,,,,,,,,,,,,,,,,,,,,,,,,,,,,,,,,,,,,,,,,,,,,,,,,2006-10-19,,0.04,,pre-market,,,,,,,,,,,,,0.0,,,,,,,,,,,,
2006-12-31,EW,,,,,,,,,,,,,,,,,,,,,,,,,,,,,,,,,,,,0.01,,,0.04,,,,,,,,,,,,,,,,,,,,,,,,,,,,,,,,,,,,,,,,,,,,,,,,,2007-02-05,,0.05,,pre-market,,,,,,,,,,,,,25.0,,,,,,,,,,,,
2007-03-31,EW,,,,,,,,,,,,,,,,,,,,,,,,,,,,,,,,,,,,0.0,,,0.05,,,,,,,,,,,,,,,,,,,,,,,,,,,,,,,,,,,,,,,,,,,,,,,,,2007-04-23,,0.05,,pre-market,,,,,,,,,,,,,0.0,,,,,,,,,,,,
2007-06-30,EW,,,,,,,,,,,,,,,,,,,,,,,,,,,,,,,,,,,,0.0,,,0.05,,,,,,,,,,,,,,,,,,,,,,,,,,,,,,,,,,,,,,,,,,,,,,,,,2007-07-23,,0.05,,pre-market,,,,,,,,,,,,,0.0,,,,,,,,,,,,
2007-09-30,EW,,,,,,,,,,,,,,,,,,,,,,,,,,,,,,,,,,,,0.0,,,0.04,,,,,,,,,,,,,,,,,,,,,,,,,,,,,,,,,,,,,,,,,,,,,,,,,2007-10-22,,0.04,,pre-market,,,,,,,,,,,,,0.0,,,,,,,,,,,,
2007-12-31,EW,,,,,,,,,,,,,,,,,,,,,,,,,,,,,,,,,,,,0.01,,,0.04,,,,,,,,,,,,,,,,,,,,,,,,,,,,,,,,,,,,,,,,,,,,,,,,,2008-02-05,,0.05,,pre-market,,,,,,,,,,,,,25.0,,,,,,,,,,,,
2008-03-31,EW,,,,,,,,,,,,,,,,,,,,,,,,,,,,,,,,,,,,0.01,,,0.04,,,,,,,,,,,,,,,,,,,,,,,,,,,,,,,,,,,,,,,,,,,,,,,,,2008-04-22,,0.05,,pre-market,,,,,,,,,,,,,25.0,,,,,,,,,,,,
2008-06-30,EW,,,,,,,,,,,,,,,,,,,,,,,,,,,,,,,,,,,,0.01,,,0.05,,,,,,,,,,,,,,,,,,,,,,,,,,,,,,,,,,,,,,,,,,,,,,,,,2008-07-22,,0.06,,pre-market,,,,,,,,,,,,,20.0,,,,,,,,,,,,
2008-09-30,EW,,,,,,,,,,,,,,,,,,,,,,,,,,,,,,,,,,,,0.0,,,0.05,,,,,,,,,,,,,,,,,,,,,,,,,,,,,,,,,,,,,,,,,,,,,,,,,2008-10-21,,0.05,,pre-market,,,,,,,,,,,,,0.0,,,,,,,,,,,,
2008-12-31,EW,,,,,,,,,,,,,,,,,,,,,,,,,,,,,,,,,,,,0.01,,,0.06,,,,,,,,,,,,,,,,,,,,,,,,,,,,,,,,,,,,,,,,,,,,,,,,,2009-02-03,,0.07,,pre-market,,,,,,,,,,,,,16.6667,,,,,,,,,,,,
2009-03-31,EW,,,,,,,,,,,,,,,,,,,,,,,,,,,,,,,,,,,,0.0,,,0.06,,,,,,,,,,,,,,,,,,,,,,,,,,,,,,,,,,,,,,,,,,,,,,,,,2009-04-27,,0.06,,pre-market,,,,,,,,,,,,,0.0,,,,,,,,,,,,
2009-06-30,EW,,,,,,,,,,,,,,,,,,,,,,,,,,,,,,,,,,,,0.01,,,0.06,,,,,,,,,,,,,,,,,,,,,,,,,,,,,,,,,,,,,,,,,,,,,,,,,2009-07-20,,0.07,,pre-market,,,,,,,,,,,,,16.6667,,,,,,,,,,,,
2009-09-30,EW,,,,,,,,,,,,,,,,,,,,,,,,,,,,,,,,,,,,0.0,,,0.06,,,,,,,,,,,,,,,,,,,,,,,,,,,,,,,,,,,,,,,,,,,,,,,,,2009-10-21,,0.06,,pre-market,,,,,,,,,,,,,0.0,,,,,,,,,,,,
2009-12-31,EW,,,,,,,,,,,,,,,,,,,,,,,,,,,,,,,,,,,,0.0,,,0.07,,,,,,,,,,,,,,,,,,,,,,,,,,,,,,,,,,,,,,,,,,,,,,,,,2010-02-04,,0.07,,pre-market,,,,,,,,,,,,,0.0,,,,,,,,,,,,
2010-03-31,EW,,,,,,,,,,,,,,,,,,,,,,,,,,,,,,,,,,,,0.0,,,0.07,,,,,,,,,,,,,,,,,,,,,,,,,,,,,,,,,,,,,,,,,,,,,,,,,2010-04-20,,0.07,,pre-market,,,,,,,,,,,,,0.0,,,,,,,,,,,,
2010-06-30,EW,,,,,,,,,,,,,,,,,,,,,,,,,,,,,,,,,,,,0.01,,,0.07,,,,,,,,,,,,,,,,,,,,,,,,,,,,,,,,,,,,,,,,,,,,,,,,,2010-07-21,,0.08,,pre-market,,,,,,,,,,,,,14.2857,,,,,,,,,,,,
2010-09-30,EW,,,,,,,,,,,,,,,,,,,,,,,,,,,,,,,,,,,,0.0,,,0.07,,,,,,,,,,,,,,,,,,,,,,,,,,,,,,,,,,,,,,,,,,,,,,,,,2010-10-25,,0.07,,pre-market,,,,,,,,,,,,,0.0,,,,,,,,,,,,
2010-12-31,EW,,,,,,,,,,,,,,,,,,,,,,,,,,,,,,,,,,,,0.0,,,0.09,,,,,,,,,,,,,,,,,,,,,,,,,,,,,,,,,,,,,,,,,,,,,,,,,2011-02-02,,0.09,,pre-market,,,,,,,,,,,,,0.0,,,,,,,,,,,,
2011-03-31,EW,,,,,,,,,,,,,,,,,,,,,,,,,,,,,,,,,,,,0.02,,,0.07,,,,,,,,,,,,,,,,,,,,,,,,,,,,,,,,,,,,,,,,,,,,,,,,,2011-04-20,,0.09,,pre-market,,,,,,,,,,,,,28.5714,,,,,,,,,,,,
2011-06-30,EW,,,,,,,,,,,,,,,,,,,,,,,,,,,,,,,,,,,,0.0,,,0.08,,,,,,,,,,,,,,,,,,,,,,,,,,,,,,,,,,,,,,,,,,,,,,,,,2011-07-21,,0.08,,pre-market,,,,,,,,,,,,,0.0,,,,,,,,,,,,
2011-09-30,EW,,,,,,,,,,,,,,,,,,,,,,,,,,,,,,,,,,,,-0.01,,,0.07,,,,,,,,,,,,,,,,,,,,,,,,,,,,,,,,,,,,,,,,,,,,,,,,,2011-10-19,,0.06,,pre-market,,,,,,,,,,,,,-14.2857,,,,,,,,,,,,
2011-12-31,EW,,,,,,,,,,,,,,,,,,,,,,,,,,,,,,,,,,,,0.0,,,0.1,,,,,,,,,,,,,,,,,,,,,,,,,,,,,,,,,,,,,,,,,,,,,,,,,2012-02-02,,0.1,,pre-market,,,,,,,,,,,,,0.0,,,,,,,,,,,,
2012-03-31,EW,,,,,,,,,,,,,,,,,,,,,,,,,,,,,,,,,,,,0.01,,,0.08,,,,,,,,,,,,,,,,,,,,,,,,,,,,,,,,,,,,,,,,,,,,,,,,,2012-04-24,,0.09,,pre-market,,,,,,,,,,,,,12.5,,,,,,,,,,,,
2012-06-30,EW,,,,,,,,,,,,,,,,,,,,,,,,,,,,,,,,,,,,0.0,,,0.11,,,,,,,,,,,,,,,,,,,,,,,,,,,,,,,,,,,,,,,,,,,,,,,,,2012-07-24,,0.11,,pre-market,,,,,,,,,,,,,0.0,,,,,,,,,,,,
2012-09-30,EW,,,,,,,,,,,,,,,,,,,,,,,,,,,,,,,,,,,,0.01,,,0.09,,,,,,,,,,,,,,,,,,,,,,,,,,,,,,,,,,,,,,,,,,,,,,,,,2012-10-19,,0.1,,pre-market,,,,,,,,,,,,,11.1111,,,,,,,,,,,,
2012-12-31,EW,,,,,,,,,,,,,,,,,,,,,,,,,,,,,,,,,,,,0.02,,,0.13,,,,,,,,,,,,,,,,,,,,,,,,,,,,,,,,,,,,,,,,,,,,,,,,,2013-02-04,,0.15,,pre-market,,,,,,,,,,,,,15.3846,,,,,,,,,,,,
2013-03-31,EW,,,,,,,,,,,,,,,,,,,,,,,,,,,,,,,,,,,,-0.01,,,0.13,,,,,,,,,,,,,,,,,,,,,,,,,,,,,,,,,,,,,,,,,,,,,,,,,2013-04-23,,0.12,,pre-market,,,,,,,,,,,,,-7.6923,,,,,,,,,,,,
2013-06-30,EW,,,,,,,,,,,,,,,,,,,,,,,,,,,,,,,,,,,,0.01,,,0.13,,,,,,,,,,,,,,,,,,,,,,,,,,,,,,,,,,,,,,,,,,,,,,,,,2013-07-25,,0.14,,pre-market,,,,,,,,,,,,,7.6923,,,,,,,,,,,,
2013-09-30,EW,,,,,,,,,,,,,,,,,,,,,,,,,,,,,,,,,,,,0.0,,,0.11,,,,,,,,,,,,,,,,,,,,,,,,,,,,,,,,,,,,,,,,,,,,,,,,,2013-10-28,,0.11,,pre-market,,,,,,,,,,,,,0.0,,,,,,,,,,,,
2013-12-31,EW,,,,,,,,,,,,,,,,,,,,,,,,,,,,,,,,,,,,0.01,,,0.14,,,,,,,,,,,,,,,,,,,,,,,,,,,,,,,,,,,,,,,,,,,,,,,,,2014-02-03,,0.15,,pre-market,,,,,,,,,,,,,7.1429,,,,,,,,,,,,
2014-03-31,EW,,,,,,,,,,,,,,,,,,,,,,,,,,,,,,,,,,,,0.01,,,0.12,,,,,,,,,,,,,,,,,,,,,,,,,,,,,,,,,,,,,,,,,,,,,,,,,2014-04-24,,0.13,,pre-market,,,,,,,,,,,,,8.3333,,,,,,,,,,,,
2014-06-30,EW,,,,,,,,,,,,,,,,,,,,,,,,,,,,,,,,,,,,0.02,,,0.13,,,,,,,,,,,,,,,,,,,,,,,,,,,,,,,,,,,,,,,,,,,,,,,,,2014-07-29,,0.15,,pre-market,,,,,,,,,,,,,15.3846,,,,,,,,,,,,
2014-09-30,EW,,,,,,,,,,,,,,,,,,,,,,,,,,,,,,,,,,,,0.01,,,0.12,,,,,,,,,,,,,,,,,,,,,,,,,,,,,,,,,,,,,,,,,,,,,,,,,2014-10-23,,0.13,,post-market,,,,,,,,,,,,,8.3333,,,,,,,,,,,,
2014-12-31,EW,,,,,,,,,,,,,,,,,,,,,,,,,,,,,,,,,,,,0.02,,,0.16,,,,,,,,,,,,,,,,,,,,,,,,,,,,,,,,,,,,,,,,,,,,,,,,,2015-02-03,,0.18,,post-market,,,,,,,,,,,,,12.5,,,,,,,,,,,,
2015-03-31,EW,,,,,,,,,,,,,,,,,,,,,,,,,,,,,,,,,,,,0.02,,,0.17,,,,,,,,,,,,,,,,,,,,,,,,,,,,,,,,,,,,,,,,,,,,,,,,,2015-04-23,,0.19,,post-market,,,,,,,,,,,,,11.7647,,,,,,,,,,,,
2015-06-30,EW,,,,,,,,,,,,,,,,,,,,,,,,,,,,,,,,,,,,0.01,,,0.18,,,,,,,,,,,,,,,,,,,,,,,,,,,,,,,,,,,,,,,,,,,,,,,,,2015-07-28,,0.19,,post-market,,,,,,,,,,,,,5.5556,,,,,,,,,,,,
2015-09-30,EW,,,,,,,,,,,,,,,,,,,,,,,,,,,,,,,,,,,,0.02,,,0.16,,,,,,,,,,,,,,,,,,,,,,,,,,,,,,,,,,,,,,,,,,,,,,,,,2015-10-26,,0.18,,post-market,,,,,,,,,,,,,12.5,,,,,,,,,,,,
2015-12-31,EW,,,,,,,,,,,,,,,,,,,,,,,,,,,,,,,,,,,,0.0,,,0.21,,,,,,,,,,,,,,,,,,,,,,,,,,,,,,,,,,,,,,,,,,,,,,,,,2016-02-02,,0.21,,post-market,,,,,,,,,,,,,0.0,,,,,,,,,,,,
2016-03-31,EW,,,,,,,,,,,,,,,,,,,,,,,,,,,,,,,,,,,,0.02,,,0.22,,,,,,,,,,,,,,,,,,,,,,,,,,,,,,,,,,,,,,,,,,,,,,,,,2016-04-26,,0.24,,post-market,,,,,,,,,,,,,9.0909,,,,,,,,,,,,
2016-06-30,EW,,,,,,,,,,,,,,,,,,,,,,,,,,,,,,,,,,,,0.02,,,0.23,,,,,,,,,,,,,,,,,,,,,,,,,,,,,,,,,,,,,,,,,,,,,,,,,2016-07-26,,0.25,,post-market,,,,,,,,,,,,,8.6957,,,,,,,,,,,,
2016-09-30,EW,,,,,,,,,,,,,,,,,,,,,,,,,,,,,,,,,,,,0.0,,,0.23,,,,,,,,,,,,,,,,,,,,,,,,,,,,,,,,,,,,,,,,,,,,,,,,,2016-10-25,,0.23,,post-market,,,,,,,,,,,,,0.0,,,,,,,,,,,,
2016-12-31,EW,,,,,,,,,,,,,,,,,,,,,,,,,,,,,,,,,,,,0.01,,,0.24,,,,,,,,,,,,,,,,,,,,,,,,,,,,,,,,,,,,,,,,,,,,,,,,,2017-02-01,,0.25,,post-market,,,,,,,,,,,,,4.1667,,,,,,,,,,,,
2017-03-31,EW,,,,,,,,,,,,,,,,,,,,,,,,,,,,,,,,,,,,0.04,,,0.27,,,,,,,,,,,,,,,,,,,,,,,,,,,,,,,,,,,,,,,,,,,,,,,,,2017-04-25,,0.31,,post-market,,,,,,,,,,,,,14.8148,,,,,,,,,,,,
2017-06-30,EW,,,,,,,,,,,,,,,,,,,,,,,,,,,,,,,,,,,,0.03,,,0.29,,,,,,,,,,,,,,,,,,,,,,,,,,,,,,,,,,,,,,,,,,,,,,,,,2017-07-26,,0.32,,post-market,,,,,,,,,,,,,10.3448,,,,,,,,,,,,
2017-09-30,EW,,,,,,,,,,,,,,,,,,,,,,,,,,,,,,,,,,,,-0.01,,,0.29,,,,,,,,,,,,,,,,,,,,,,,,,,,,,,,,,,,,,,,,,,,,,,,,,2017-10-24,,0.28,,post-market,,,,,,,,,,,,,-3.4483,,,,,,,,,,,,
2017-12-31,EW,,,,,,,,,,,,,,,,,,,,,,,,,,,,,,,,,,,,0.01,,,0.3,,,,,,,,,,,,,,,,,,,,,,,,,,,,,,,,,,,,,,,,,,,,,,,,,2018-02-01,,0.31,,post-market,,,,,,,,,,,,,3.3333,,,,,,,,,,,,
2018-03-31,EW,,,,,,,,,,,,,,,,,,,,,,,,,,,,,,,,,,,,0.04,,,0.37,,,,,,,,,,,,,,,,,,,,,,,,,,,,,,,,,,,,,,,,,,,,,,,,,2018-04-24,,0.41,,post-market,,,,,,,,,,,,,10.8108,,,,,,,,,,,,
2018-06-30,EW,,,,,,,,,,,,,,,,,,,,,,,,,,,,,,,,,,,,0.03,,,0.38,,,,,,,,,,,,,,,,,,,,,,,,,,,,,,,,,,,,,,,,,,,,,,,,,2018-07-26,,0.41,,post-market,,,,,,,,,,,,,7.8947,,,,,,,,,,,,
2018-09-30,EW,,,,,,,,,,,,,,,,,,,,,,,,,,,,,,,,,,,,0.02,,,0.34,,,,,,,,,,,,,,,,,,,,,,,,,,,,,,,,,,,,,,,,,,,,,,,,,2018-10-23,,0.36,,post-market,,,,,,,,,,,,,5.8824,,,,,,,,,,,,
2018-12-31,EW,,,,,,,,,,,,,,,,,,,,,,,,,,,,,,,,,,,,0.0,,,0.39,,,,,,,,,,,,,,,,,,,,,,,,,,,,,,,,,,,,,,,,,,,,,,,,,2019-01-31,,0.39,,post-market,,,,,,,,,,,,,0.0,,,,,,,,,,,,
2019-03-31,EW,,,,,,,,,,,,,,,,,,,,,,,,,,,,,,,,,,,,0.03,,,0.41,,,,,,,,,,,,,,,,,,,,,,,,,,,,,,,,,,,,,,,,,,,,,,,,,2019-04-23,,0.44,,post-market,,,,,,,,,,,,,7.3171,,,,,,,,,,,,
2019-06-30,EW,,,,,,,,,,,,,,,,,,,,,,,,,,,,,,,,,,,,0.02,,,0.44,,,,,,,,,,,,,,,,,,,,,,,,,,,,,,,,,,,,,,,,,,,,,,,,,2019-07-23,,0.46,,post-market,,,,,,,,,,,,,4.5455,,,,,,,,,,,,
2019-09-30,EW,,,,,,,,,,,,,,,,,,,,,,,,,,,,,,,,,,,,0.06,,,0.41,,,,,,,,,,,,,,,,,,,,,,,,,,,,,,,,,,,,,,,,,,,,,,,,,2019-10-23,,0.47,,post-market,,,,,,,,,,,,,14.6341,,,,,,,,,,,,
2019-12-31,EW,,,,,,,,,,,,,,,,,,,,,,,,,,,,,,,,,,,,-0.01,,,0.5,,,,,,,,,,,,,,,,,,,,,,,,,,,,,,,,,,,,,,,,,,,,,,,,,2020-01-30,,0.49,,post-market,,,,,,,,,,,,,-2.0,,,,,,,,,,,,
2020-03-31,EW,,,,,,,,,,,,,,,,,,,,,,,,,,,,,,,,,,,,0.06,,,0.44,,,,,,,,,,,,,,,,,,,,,,,,,,,,,,,,,,,,,,,,,,,,,,,,,2020-04-23,,0.5,,post-market,,,,,,,,,,,,,13.6364,,,,,,,,,,,,
2020-06-30,EW,,,,,,,,,,,,,,,,,,,,,,,,,,,,,,,,,,,,0.17,,,0.17,,,,,,,,,,,,,,,,,,,,,,,,,,,,,,,,,,,,,,,,,,,,,,,,,2020-07-23,,0.34,,post-market,,,,,,,,,,,,,100.0,,,,,,,,,,,,
2020-09-30,EW,,,,,,,,,,,,,,,,,,,,,,,,,,,,,,,,,,,,0.07,,,0.44,,,,,,,,,,,,,,,,,,,,,,,,,,,,,,,,,,,,,,,,,,,,,,,,,2020-10-21,,0.51,,post-market,,,,,,,,,,,,,15.9091,,,,,,,,,,,,
2020-12-31,EW,,,,,,,,,,,,,,,,,,,,,,,,,,,,,,,,,,,,-0.03,,,0.53,,,,,,,,,,,,,,,,,,,,,,,,,,,,,,,,,,,,,,,,,,,,,,,,,2021-01-27,,0.5,,post-market,,,,,,,,,,,,,-5.6604,,,,,,,,,,,,
2021-03-31,EW,,,,,,,,,,,,,,,,,,,,,,,,,,,,,,,,,,,,0.07,,,0.47,,,,,,,,,,,,,,,,,,,,,,,,,,,,,,,,,,,,,,,,,,,,,,,,,2021-04-20,,0.54,,post-market,,,,,,,,,,,,,14.8936,,,,,,,,,,,,
2021-06-30,EW,,,,,,,,,,,,,,,,,,,,,,,,,,,,,,,,,,,,0.08,,,0.56,,,,,,,,,,,,,,,,,,,,,,,,,,,,,,,,,,,,,,,,,,,,,,,,,2021-07-29,,0.64,,post-market,,,,,,,,,,,,,14.2857,,,,,,,,,,,,
2021-09-30,EW,,,,,,,,,,,,,,,,,,,,,,,,,,,,,,,,,,,,0.01,,,0.53,,,,,,,,,,,,,,,,,,,,,,,,,,,,,,,,,,,,,,,,,,,,,,,,,2021-10-27,,0.54,,post-market,,,,,,,,,,,,,1.8868,,,,,,,,,,,,
2021-12-31,EW,,,,,,,,,,,,,,,,,,,,,,,,,,,,,,,,,,,,-0.04,,,0.55,,,,,,,,,,,,,,,,,,,,,,,,,,,,,,,,,,,,,,,,,,,,,,,,,2022-01-26,,0.51,,post-market,,,,,,,,,,,,,-7.2727,,,,,,,,,,,,
2022-03-31,EW,,,,,,,,,,,,,,,,,,,,,,,,,,,,,,,,,,,,0.03,,,0.57,,,,,,,,,,,,,,,,,,,,,,,,,,,,,,,,,,,,,,,,,,,,,,,,,2022-04-26,,0.6,,post-market,,,,,,,,,,,,,5.2632,,,,,,,,,,,,
2022-06-30,EW,,,,,,,,,,,,,,,,,,,,,,,,,,,,,,,,,,,,-0.01,,,0.64,,,,,,,,,,,,,,,,,,,,,,,,,,,,,,,,,,,,,,,,,,,,,,,,,2022-07-28,,0.63,,post-market,,,,,,,,,,,,,-1.5625,,,,,,,,,,,,
2022-09-30,EW,,,,,,,,,,,,,,,,,,,,,,,,,,,,,,,,,,,,-0.01,,,0.62,,,,,,,,,,,,,,,,,,,,,,,,,,,,,,,,,,,,,,,,,,,,,,,,,2022-10-27,,0.61,,post-market,,,,,,,,,,,,,-1.6129,,,,,,,,,,,,
2022-12-31,EW,,,,,,,,,,,,,,,,,,,,,,,,,,,,,,,,,,,,0.03,,,0.61,,,,,,,,,,,,,,,,,,,,,,,,,,,,,,,,,,,,,,,,,,,,,,,,,2023-01-31,,0.64,,post-market,,,,,,,,,,,,,4.918,,,,,,,,,,,,
2023-03-31,EW,,,,,,,,,,,,,,,,,,,,,,,,,,,,,,,,,,,,0.01,,,0.61,,,,,,,,,,,,,,,,,,,,,,,,,,,,,,,,,,,,,,,,,,,,,,,,,2023-04-26,,0.62,,post-market,,,,,,,,,,,,,1.6393,,,,,,,,,,,,
2023-06-30,EW,,,,,,,,,,,,,,,,,,,,,,,,,,,,,,,,,,,,0.01,,,0.65,,,,,,,,,,,,,,,,,,,,,,,,,,,,,,,,,,,,,,,,,,,,,,,,,2023-07-26,,0.66,,post-market,,,,,,,,,,,,,1.5385,,,,,,,,,,,,
2023-09-30,EW,,,,,,,,,,,,,,,,,,,,,,,,,,,,,,,,,,,,0.0,,,0.59,,,,,,,,,,,,,,,,,,,,,,,,,,,,,,,,,,,,,,,,,,,,,,,,,2023-10-25,,0.59,,post-market,,,,,,,,,,,,,0.0,,,,,,,,,,,,
2023-12-31,EW,,,,,,,,,,,,,,,,,,,,,,,,,,,,,,,,,,,,0.0,,,0.64,,,,,,,,,,,,,,,,,,,,,,,,,,,,,,,,,,,,,,,,,,,,,,,,,2024-02-06,,0.64,,post-market,,,,,,,,,,,,,0.0,,,,,,,,,,,,
2024-03-31,EW,,,,,,,,,,,,,,,,,,,,,,,,,,,,,,,,,,,,0.02,,,0.64,,,,,,,,,,,,,,,,,,,,,,,,,,,,,,,,,,,,,,,,,,,,,,,,,2024-04-25,,0.66,,post-market,,,,,,,,,,,,,3.125,,,,,,,,,,,,
2024-06-30,EW,,,,,,,,,,,,,,,,,,,,,,,,,,,,,,,,,,,,0.01,,,0.69,,,,,,,,,,,,,,,,,,,,,,,,,,,,,,,,,,,,,,,,,,,,,,,,,2024-07-24,,0.7,,post-market,,,,,,,,,,,,,1.4493,,,,,,,,,,,,
2024-09-30,EW,,,,,,,,,,,,,,,,,,,,,,,,,,,,,,,,,,,,0.03,,,0.64,,,,,,,,,,,,,,,,,,,,,,,,,,,,,,,,,,,,,,,,,,,,,,,,,2024-10-24,,0.67,,post-market,,,,,,,,,,,,,4.6875,,,,,,,,,,,,
2024-12-31,EW,,,,,,,,,,,,,,,,,,,,,,,,,,,,,,,,,,,,0.0354,,,0.5546,,,,,,,,,,,,,,,,,,,,,,,,,,,,,,,,,,,,,,,,,,,,,,,,,2025-02-04,,0.59,,pre-market,,,,,,,,,,,,,6.383,,,,,,,,,,,,
2025-03-31,EW,,,,,,,,,,,,,,,,,,,,,,,,,,,,,,,,,,,,0.0444,,,0.5956,,,,,,,,,,,,,,,,,,,,,,,,,,,,,,,,,,,,,,,,,,,,,,,,,2025-04-23,,0.64,,pre-market,,,,,,,,,,,,,7.4547,,,,,,,,,,,,
2025-06-30,EW,,,,,,,,,,,,,,,,,,,,,,,,,,,,,,,,,,,,0.0469,,,0.6231,,,,,,,,,,,,,,,,,,,,,,,,,,,,,,,,,,,,,,,,,,,,,,,,,2025-07-22,,0.67,,pre-market,,,,,,,,,,,,,7.5269,,,,,,,,,,,,
2025-09-30,EW,,,,,,,,,,,,,,,,,,,,,,,,,,,,,,,,,,,,0.0758,,,0.5942,,,,,,,,,,,,,,,,,,,,,,,,,,,,,,,,,,,,,,,,,,,,,,,,,2025-10-30,,0.67,,pre-market,,,,,,,,,,,,,12.7566,,,,,,,,,,,,
2025-12-28,EW,2.28,5883800000.0,38.09,,0.967,17.57,,,,,,,,,,,,,,,,,,,,,,,,,,,,,-0.903,0.0758,,,0.5942,,30.58,,4600400000.0,,,,,,,,,,,,,,,,,,,0.274,,,,,,,,,,,,,4.893,4.939,8.67,,,,,,,,0.233,,,2025-10-30,,0.67,,pre-market,,,0.0772,0.135,0.147,10.02,,,,,77.69,83.33,12.7566,,,,,,,,,38.09,,87.89,65.94
2025-12-28,EW,2.28,5883800000.0,38.09,,0.967,17.57,,,,,,,,,,,,,,,None,345200000,345200000,,,,,,None,39200000,,,,,-0.903,0.0758,348400000,387600000,0.5942,2025-09-30,30.58,,4600400000.0,1209600000,348400000,56100000,,,None,None,38600000,,None,,,,,291100000,292300000,38600000,None,0.274,,784500000,425100000,,,,,None,,,,,4.893,4.939,8.67,,,,,,,,0.233,,,2025-10-30,quarterly,0.67,USD,pre-market,280700000,,0.0772,0.135,0.147,10.02,514600000,,,,77.69,83.33,12.7566,,,,,,,1553100000,,38.09,,87.89,65.94
2025-12-28,EW,2.28,5883800000.0,38.09,,0.967,17.57,,,,,,,,,,,,,,,None,342600000,342600000,,,,,,None,38100000,,,,,-0.903,0.0758,362100000,400200000,0.5942,2025-06-30,30.58,,4600400000.0,1189600000,400200000,64300000,,,None,None,37400000,,None,,,,,329800000,335900000,37400000,None,0.274,,758700000,430900000,,,,,None,,,,,4.893,4.939,8.67,,,,,,,,0.233,,,2025-10-30,quarterly,0.67,USD,pre-market,276200000,,0.0772,0.135,0.147,10.02,502000000,,,,77.69,83.33,12.7566,,,,,,,1532200000,,38.09,,87.89,65.94
2025-12-28,EW,2.28,5883800000.0,38.09,,0.967,17.57,,,,,,,,,,,,,,,None,301600000,301600000,,,,,,None,36600000,,,,,-0.903,0.0758,433900000,470500000,0.5942,2025-03-31,30.58,,4600400000.0,1111100000,433900000,70300000,,,None,None,36500000,,None,,,,,358000000,363600000,36500000,None,0.274,,716300000,394800000,,,,,None,,,,,4.893,4.939,8.67,,,,,,,,0.233,,,2025-10-30,quarterly,0.67,USD,pre-market,254600000,,0.0772,0.135,0.147,10.02,465700000,,,,77.69,83.33,12.7566,,,,,,,1412700000,,38.09,,87.89,65.94
2025-12-28,EW,2.28,5883800000.0,38.09,,0.967,17.57,,,,,,,,,,,,,,,None,292200000,292200000,,,,,,None,42600000,,,,,-0.903,0.0758,441100000,483700000,0.5942,2024-12-31,30.58,,4600400000.0,1093600000,390100000,45100000,,,None,None,64000000,,None,,,,,385600000,345000000,44200000,None,0.274,,781000000,312600000,,,,,None,,,,,4.893,4.939,8.67,,,,,,,,0.233,,,2025-10-30,quarterly,0.67,USD,pre-market,271100000,,0.0772,0.135,0.147,10.02,491900000,,,,77.69,83.33,12.7566,,,,,,,1385800000,,38.09,,87.89,65.94
2025-12-28,EW,2.28,5883800000.0,38.09,,0.967,17.57,,,,,,,,,,,,,,,None,262900000,262900000,,,,,,None,34500000,,,,,-0.903,0.0758,394300000,428800000,0.5942,2024-09-30,30.58,,4600400000.0,1091500000,402800000,40700000,,,None,None,24300000,,None,,,,,3070800000,362100000,24300000,None,0.274,,740900000,350600000,,,,,None,,,,,4.893,4.939,8.67,,,,,,,,0.233,,,2025-10-30,quarterly,0.67,USD,pre-market,253400000,,0.0772,0.135,0.147,10.02,421400000,,,,77.69,83.33,12.7566,,,,,,,1354400000,,38.09,,87.89,65.94
2025-12-28,EW,2.28,5883800000.0,38.09,,0.967,17.57,,,,,,,,,,,,,,,None,297800000,297800000,,,,,,None,39600000,,,,,-0.903,0.0758,386600000,426200000,0.5942,2024-06-30,30.58,,4600400000.0,1088100000,386600000,20200000,,,None,None,15500000,,None,,,,,363700000,366400000,15500000,None,0.274,,723400000,364700000,,,,,None,,,,,4.893,4.939,8.67,,,,,,,,0.233,,,2025-10-30,quarterly,0.67,USD,pre-market,272600000,,0.0772,0.135,0.147,10.02,450800000,,,,77.69,83.33,12.7566,,,,,,,1385900000,,38.09,,87.89,65.94
2025-12-28,EW,2.28,5883800000.0,38.09,,0.967,17.57,,,,,,,,,,,,,,,None,289300000,289300000,,,,,,None,38500000,,,,,-0.903,0.0758,371200000,409700000,0.5942,2024-03-31,30.58,,4600400000.0,1040599999,371200000,46300000,,,None,None,None,,None,,,,,351900000,351000000,16500000,None,0.274,,685100000,355500000,,,,,None,,,,,4.893,4.939,8.67,,,,,,,,0.233,,,2025-10-30,quarterly,0.67,USD,pre-market,256700000,,0.0772,0.135,0.147,10.02,489700000,,,,77.69,83.33,12.7566,,,,,,,1329900000,,38.09,,87.89,65.94
2025-12-28,EW,2.28,5883800000.0,38.09,,0.967,17.57,,,,,,,,,,,,,,,None,251000000,251000000,,,,,,None,36700000,,,,,-0.903,0.0758,367200000,403900000,0.5942,2023-12-31,30.58,,4600400000.0,1015400000,367200000,34100000,,,None,27800000,None,,None,,,,,369900000,369700000,16800000,None,0.274,,658700000,356700000,,,,,None,,,,,4.893,4.939,8.67,,,,,,,,0.233,,,2025-10-30,quarterly,0.67,USD,pre-market,242100000,,0.0772,0.135,0.147,10.02,478800000,,,,77.69,83.33,12.7566,,,,,,,1266400000,,38.09,,87.89,65.94
2025-12-28,EW,2.28,5883800000.0,38.09,,0.967,17.57,,,,,,,,,,,,,,,None,272200000,272200000,,,,,,None,36900000,,,,,-0.903,0.0758,387600000,424500000,0.5942,2023-09-30,30.58,,4600400000.0,971200000,387600000,52700000,,,None,None,15100000,,None,,,,,384900000,383700000,15100000,None,0.274,,624700000,346500000,,,,,None,,,,,4.893,4.939,8.67,,,,,,,,0.233,,,2025-10-30,quarterly,0.67,USD,pre-market,242800000,,0.0772,0.135,0.147,10.02,439600000,,,,77.69,83.33,12.7566,,,,,,,1243400000,,38.09,,87.89,65.94
2025-12-28,EW,2.28,5883800000.0,38.09,,0.967,17.57,,,,,,,,,,,,,,,None,270800000,270800000,,,,,,None,36100000,,,,,-0.903,0.0758,275100000,311200000,0.5942,2023-06-30,30.58,,4600400000.0,1024700000,275100000,20900000,,,None,9100000,9100000,,None,,,,,307100000,305500000,9100000,None,0.274,,654100000,370600000,,,,,2200000,,,,,4.893,4.939,8.67,,,,,,,,0.233,,,2025-10-30,quarterly,0.67,USD,pre-market,243700000,,0.0772,0.135,0.147,10.02,468700000,,,,77.69,83.33,12.7566,,,,,,,1295500000,,38.09,,87.89,65.94
2025-12-28,EW,2.28,5883800000.0,38.09,,0.967,17.57,,,,,,,,,,,,,,,None,359300000,359300000,,,,,,None,42000000,,,,,-0.903,0.0758,398600000,440600000,0.5942,2023-03-31,30.58,,4600400000.0,1100300000,398600000,58100000,,,None,10200000,8600000,,None,,,,,340500000,340500000,8600000,None,0.274,,697500000,402800000,,,,,1600000,,,,,4.893,4.939,8.67,,,,,,,,0.233,,,2025-10-30,quarterly,0.67,USD,pre-market,261200000,,0.0772,0.135,0.147,10.02,437000000,,,,77.69,83.33,12.7566,,,,,,,1459600000,,38.09,,87.89,65.94
2025-12-28,EW,2.28,5883800000.0,38.09,,0.967,17.57,,,,,,,,,,,,,,,None,295600000,295600000,,,,,,None,42000000,,,,,-0.903,0.0758,459300000,501300000,0.5942,2022-12-31,30.58,,4600400000.0,1052700000,459300000,60900000,,,None,7900000,7900000,,None,,,,,398400000,398400000,7900000,None,0.274,,643200000,409500000,,,,,39100000,,,,,4.893,4.939,8.67,,,,,,,,0.233,,,2025-10-30,quarterly,0.67,USD,pre-market,232200000,,0.0772,0.135,0.147,10.02,411000000,,,,77.69,83.33,12.7566,,,,,,,1348300000,,38.09,,87.89,65.94
2025-12-28,EW,2.28,5883800000.0,38.09,,0.967,17.57,,,,,,,,,,,,,,,None,280900000,280900000,,,,,,None,42100000,,,,,-0.903,0.0758,407300000,449400000,0.5942,2022-09-30,30.58,,4600400000.0,1038099999,407300000,63800000,,,None,6900000,6900000,,None,,,,,343500000,343500000,6900000,None,0.274,,610900000,427200000,,,,,-2000000,,,,,4.893,4.939,8.67,,,,,,,,0.233,,,2025-10-30,quarterly,0.67,USD,pre-market,233600000,,0.0772,0.135,0.147,10.02,377300000,,,,77.69,83.33,12.7566,,,,,,,1319000000,,38.09,,87.89,65.94
2025-12-28,EW,2.28,5883800000.0,38.09,,0.967,17.57,,,,,,,,,,,,,,,None,285700000,285700000,,,,,,None,40900000,,,,,-0.903,0.0758,465800000,506700000,0.5942,2022-06-30,30.58,,4600400000.0,1088200000,464700000,58300000,,,None,1100000,3700000,,None,,,,,406400000,406400000,900000,None,0.274,,659800000,428400000,,,,,4300000,,,,,4.893,4.939,8.67,,,,,,,,0.233,,,2025-10-30,quarterly,0.67,USD,pre-market,250800000,,0.0772,0.135,0.147,10.02,388100000,,,,77.69,83.33,12.7566,,,,,,,1373900000,,38.09,,87.89,65.94
2025-12-28,EW,2.28,5883800000.0,38.09,,0.967,17.57,,,,,,,,,,,,,,,None,306600000,306600000,,,,,,None,41800000,,,,,-0.903,0.0758,437100000,478900000,0.5942,2022-03-31,30.58,,4600400000.0,1034599999,436100000,62500000,,,None,1000000,600000,,None,,,,,373600000,373600000,600000,None,0.274,,598900000,435700000,,,,,-3300000,,,,,4.893,4.939,8.67,,,,,,,,0.233,,,2025-10-30,quarterly,0.67,USD,pre-market,228600000,,0.0772,0.135,0.147,10.02,370300000,,,,77.69,83.33,12.7566,,,,,,,1341200000,,38.09,,87.89,65.94
2025-12-28,EW,2.28,5883800000.0,38.09,,0.967,17.57,,,,,,,,,,,,,,,None,311100000,311100000,,,,,,None,40100000,,,,,-0.903,0.0758,377500000,417600000,0.5942,2021-12-31,30.58,,4600400000.0,1018600000,376300000,41000000,,,None,1200000,500000,,None,,,,,335300000,335300000,500000,None,0.274,,656800000,361800000,,,,,18800000,,,,,4.893,4.939,8.67,,,,,,,,0.233,,,2025-10-30,quarterly,0.67,USD,pre-market,232800000,,0.0772,0.135,0.147,10.02,424000000,,,,77.69,83.33,12.7566,,,,,,,1329700000,,38.09,,87.89,65.94
2025-12-28,EW,2.28,5883800000.0,38.09,,0.967,17.57,,,,,,,,,,,,,,,None,300900000,300900000,,,,,,None,40700000,,,,,-0.903,0.0758,393300000,434000000,0.5942,2021-09-30,30.58,,4600400000.0,1009300000,390900000,50800000,,,None,2400000,800000,,None,,,,,340100000,340100000,-800000,None,0.274,,602100000,407200000,,,,,1400000,,,,,4.893,4.939,8.67,,,,,,,,0.233,,,2025-10-30,quarterly,0.67,USD,pre-market,238000000,,0.0772,0.135,0.147,10.02,364400000,,,,77.69,83.33,12.7566,,,,,,,1310200000,,38.09,,87.89,65.94
2025-12-28,EW,2.28,5883800000.0,38.09,,0.967,17.57,,,,,,,,,,,,,,,None,326000000,326000000,,,,,,None,42800000,,,,,-0.903,0.0758,548000000,590800000,0.5942,2021-06-30,30.58,,4600400000.0,1050000000,545500000,56000000,,,None,2500000,3100000,,None,,,,,489500000,489500000,-1000000,None,0.274,,599400000,450600000,,,,,4400000,,,,,4.893,4.939,8.67,,,,,,,,0.233,,,2025-10-30,quarterly,0.67,USD,pre-market,225300000,,0.0772,0.135,0.147,10.02,374500000,,,,77.69,83.33,12.7566,,,,,,,1376000000,,38.09,,87.89,65.94
2025-12-28,EW,2.28,5883800000.0,38.09,,0.967,17.57,,,,,,,,,,,,,,,None,287900000,287900000,,,,,,None,39700000,,,,,-0.903,0.0758,390600000,430300000,0.5942,2021-03-31,30.58,,4600400000.0,928700000,389300000,51100000,,,None,1300000,300000,,None,,,,,338200000,338200000,300000,None,0.274,,537900000,390800000,,,,,5500000,,,,,4.893,4.939,8.67,,,,,,,,0.233,,,2025-10-30,quarterly,0.67,USD,pre-market,207000000,,0.0772,0.135,0.147,10.02,326300000,,,,77.69,83.33,12.7566,,,,,,,1216600000,,38.09,,87.89,65.94
2025-12-28,EW,2.28,5883800000.0,38.09,,0.967,17.57,,,,,,,,,,,,,,,None,295000000,295000000,,,,,,None,40100000,,,,,-0.903,0.0758,357100000,397200000,0.5942,2020-12-31,30.58,,4600400000.0,896700000,356100000,46600000,,,None,1000000,500000,,None,,,,,309500000,309500000,500000,None,0.274,,534400000,362300000,,,,,27600000,,,,,4.893,4.939,8.67,,,,,,,,0.233,,,2025-10-30,quarterly,0.67,USD,pre-market,195700000,,0.0772,0.135,0.147,10.02,307800000,,,,77.69,83.33,12.7566,,,,,,,1191700000,,38.09,,87.89,65.94
2025-12-28,EW,2.28,5883800000.0,38.09,,0.967,17.57,,,,,,,,,,,,,,,None,286900000,286900000,,,,,,None,33000000,,,,,-0.903,0.0758,365100000,398100000,0.5942,2020-09-30,30.58,,4600400000.0,854000000,364300000,39100000,,,None,800000,6100000,,None,,,,,325200000,325200000,800000,None,0.274,,503000000,351000000,,,,,5700000,,,,,4.893,4.939,8.67,,,,,,,,0.233,,,2025-10-30,quarterly,0.67,USD,pre-market,195500000,,0.0772,0.135,0.147,10.02,307200000,,,,77.69,83.33,12.7566,,,,,,,1140900000,,38.09,,87.89,65.94
2025-12-28,EW,2.28,5883800000.0,38.09,,0.967,17.57,,,,,,,,,,,,,,,None,245900000,245900000,,,,,,None,31100000,,,,,-0.903,0.0758,-168200000,-137100000,0.5942,2020-06-30,30.58,,4600400000.0,679100000,-168200000,-46300000,,,None,1800000,1800000,,None,,,,,-121900000,-121900000,1800000,None,0.274,,457900000,221200000,,,,,-300000,,,,,4.893,4.939,8.67,,,,,,,,0.233,,,2025-10-30,quarterly,0.67,USD,pre-market,182100000,,0.0772,0.135,0.147,10.02,274900000,,,,77.69,83.33,12.7566,,,,,,,925000000,,38.09,,87.89,65.94
2025-12-28,EW,2.28,5883800000.0,38.09,,0.967,17.57,,,,,,,,,,,,,,,None,271200000,271200000,,,,,,None,31200000,,,,,-0.903,0.0758,364500000,395700000,0.5942,2020-03-31,30.58,,4600400000.0,857500000,364500000,53900000,,,None,4500000,4500000,,None,,,,,310600000,310600000,4500000,None,0.274,,496000000,361500000,,,,,1900000,,,,,4.893,4.939,8.67,,,,,,,,0.233,,,2025-10-30,quarterly,0.67,USD,pre-market,187400000,,0.0772,0.135,0.147,10.02,307800000,,,,77.69,83.33,12.7566,,,,,,,1128700000,,38.09,,87.89,65.94
2025-12-28,EW,2.28,5883800000.0,38.09,,0.967,17.57,,,,,,,,,,,,,,,None,295400000,295400000,,,,,,None,30500000,,,,,-0.903,0.0758,315500000,346000000,0.5942,2019-12-31,30.58,,4600400000.0,878700000,315500000,35300000,,,None,27900000,4300000,,None,,,,,280200000,280200000,4300000,None,0.274,,541600000,337100000,,,,,32600000,,,,,4.893,4.939,8.67,,,,,,,,0.233,,,2025-10-30,quarterly,0.67,USD,pre-market,193900000,,0.0772,0.135,0.147,10.02,347200000,,,,77.69,83.33,12.7566,,,,,,,1174100000,,38.09,,87.89,65.94
2025-12-28,EW,2.28,5883800000.0,38.09,,0.967,17.57,,,,,,,,,,,,,,,None,305200000,305200000,,,,,,None,30000000,,,,,-0.903,0.0758,301700000,331700000,0.5942,2019-09-30,30.58,,4600400000.0,788800000,301700000,27000000,,,None,2800000,10700000,,None,,,,,274700000,274700000,2800000,None,0.274,,502300000,286500000,,,,,4600000,,,,,4.893,4.939,8.67,,,,,,,,0.233,,,2025-10-30,quarterly,0.67,USD,pre-market,195500000,,0.0772,0.135,0.147,10.02,306200000,,,,77.69,83.33,12.7566,,,,,,,1094000000,,38.09,,87.89,65.94
2025-12-28,EW,2.28,5883800000.0,38.09,,0.967,17.57,,,,,,,,,,,,,,,None,315300000,315300000,,,,,,None,27800000,,,,,-0.903,0.0758,271300000,299100000,0.5942,2019-06-30,30.58,,4600400000.0,771600000,271300000,29000000,,,None,2400000,2400000,,None,,,,,242300000,242300000,2400000,None,0.274,,500900000,270700000,,,,,1400000,,,,,4.893,4.939,8.67,,,,,,,,0.233,,,2025-10-30,quarterly,0.67,USD,pre-market,191900000,,0.0772,0.135,0.147,10.02,308500000,,,,77.69,83.33,12.7566,,,,,,,1086900000,,38.09,,87.89,65.94
2025-12-28,EW,2.28,5883800000.0,38.09,,0.967,17.57,,,,,,,,,,,,,,,None,239400000,239400000,,,,,,None,26300000,,,,,-0.903,0.0758,278000000,304300000,0.5942,2019-03-31,30.58,,4600400000.0,753600000,278000000,28300000,,,None,2000000,2000000,,None,,,,,249700000,249700000,2000000,None,0.274,,452000000,301600000,,,,,1800000,,,,,4.893,4.939,8.67,,,,,,,,0.233,,,2025-10-30,quarterly,0.67,USD,pre-market,171400000,,0.0772,0.135,0.147,10.02,280300000,,,,77.69,83.33,12.7566,,,,,,,993000000,,38.09,,87.89,65.94
2025-12-28,EW,2.28,5883800000.0,38.09,,0.967,17.57,,,,,,,,,,,,,,,None,236200000,236200000,,,,,,None,19900000,,,,,-0.903,0.0758,-1800000,18100000,0.5942,2018-12-31,30.58,,4600400000.0,741500000,-1800000,-8800000,,,None,1800000,None,,None,,,,,7000000,7000000,None,None,0.274,,451400000,290100000,,,,,33700000,,,,,4.893,4.939,8.67,,,,,,,,0.233,,,2025-10-30,quarterly,0.67,USD,pre-market,163100000,,0.0772,0.135,0.147,10.02,288100000,,,,77.69,83.33,12.7566,,,,,,,977700000,,38.09,,87.89,65.94
2025-12-28,EW,2.28,5883800000.0,38.09,,0.967,17.57,,,,,,,,,,,,,,,None,220300000,220300000,,,,,,None,19200000,,,,,-0.903,0.0758,250800000,270000000,0.5942,2018-09-30,30.58,,4600400000.0,686300000,248700000,22800000,,,None,2100000,None,,None,,,,,225900000,225900000,None,None,0.274,,430900000,255400000,,,,,300000,,,,,4.893,4.939,8.67,,,,,,,,0.233,,,2025-10-30,quarterly,0.67,USD,pre-market,161800000,,0.0772,0.135,0.147,10.02,269500000,,,,77.69,83.33,12.7566,,,,,,,906600000,,38.09,,87.89,65.94
2025-12-28,EW,2.28,5883800000.0,38.09,,0.967,17.57,,,,,,,,,,,,,,,None,233500000,233500000,,,,,,None,19200000,,,,,-0.903,0.0758,251200000,270400000,0.5942,2018-06-30,30.58,,4600400000.0,710200000,251000000,-31700000,,,None,200000,None,,None,,,,,282700000,282700000,None,None,0.274,,428000000,282200000,,,,,-1100000,,,,,4.893,4.939,8.67,,,,,,,,0.233,,,2025-10-30,quarterly,0.67,USD,pre-market,154100000,,0.0772,0.135,0.147,10.02,274900000,,,,77.69,83.33,12.7566,,,,,,,943700000,,38.09,,87.89,65.94
2025-12-28,EW,2.28,5883800000.0,38.09,,0.967,17.57,,,,,,,,,,,,,,,None,232100000,232100000,,,,,,None,19100000,,,,,-0.903,0.0758,263500000,282600000,0.5942,2018-03-31,30.58,,4600400000.0,662700000,263500000,56900000,,,None,800000,None,,None,,,,,206600000,206600000,None,None,0.274,,398100000,264600000,,,,,3100000,,,,,4.893,4.939,8.67,,,,,,,,0.233,,,2025-10-30,quarterly,0.67,USD,pre-market,143200000,,0.0772,0.135,0.147,10.02,256000000,,,,77.69,83.33,12.7566,,,,,,,894800000,,38.09,,87.89,65.94
2025-12-28,EW,2.28,5883800000.0,38.09,,0.967,17.57,,,,,,,,,,,,,,,None,235100000,235100000,,,,,,None,21200000,,,,,-0.903,0.0758,321700000,342900000,0.5942,2017-12-31,30.58,,4600400000.0,653400000,323900000,326700000,,,None,1000000,None,,None,,,,,35700000,-2800000,None,None,0.274,,412000000,241400000,,,,,19500000,,,,,4.893,4.939,8.67,,,,,,,,0.233,,,2025-10-30,quarterly,0.67,USD,pre-market,146600000,,0.0772,0.135,0.147,10.02,266700000,,,,77.69,83.33,12.7566,,,,,,,888500000,,38.09,,87.89,65.94
2025-12-28,EW,2.28,5883800000.0,38.09,,0.967,17.57,,,,,,,,,,,,,,,None,216400000,216400000,,,,,,None,20700000,,,,,-0.903,0.0758,211800000,232500000,0.5942,2017-09-30,30.58,,4600400000.0,605100000,211800000,41700000,,,None,100000,None,,None,,,,,170100000,170100000,None,None,0.274,,387100000,218000000,,,,,-1600000,,,,,4.893,4.939,8.67,,,,,,,,0.233,,,2025-10-30,quarterly,0.67,USD,pre-market,142900000,,0.0772,0.135,0.147,10.02,244600000,,,,77.69,83.33,12.7566,,,,,,,821500000,,38.09,,87.89,65.94
2025-12-28,EW,2.28,5883800000.0,38.09,,0.967,17.57,,,,,,,,,,,,,,,None,208900000,208900000,,,,,,None,18900000,,,,,-0.903,0.0758,207100000,226000000,0.5942,2017-06-30,30.58,,4600400000.0,632900000,205600000,19500000,,,None,1500000,None,,None,,,,,186100000,186100000,None,None,0.274,,378100000,254800000,,,,,-3500000,,,,,4.893,4.939,8.67,,,,,,,,0.233,,,2025-10-30,quarterly,0.67,USD,pre-market,134400000,,0.0772,0.135,0.147,10.02,243800000,,,,77.69,83.33,12.7566,,,,,,,841800000,,38.09,,87.89,65.94
2025-12-28,EW,2.28,5883800000.0,38.09,,0.967,17.57,,,,,,,,,,,,,,,None,218100000,218100000,,,,,,None,21100000,,,,,-0.903,0.0758,296100000,317200000,0.5942,2017-03-31,30.58,,4600400000.0,665400000,293600000,63400000,,,None,2500000,None,,None,,,,,230200000,230200000,None,None,0.274,,357800000,307600000,,,,,-2300000,,,,,4.893,4.939,8.67,,,,,,,,0.233,,,2025-10-30,quarterly,0.67,USD,pre-market,128699999,,0.0772,0.135,0.147,10.02,229600000,,,,77.69,83.33,12.7566,,,,,,,883500000,,38.09,,87.89,65.94
2025-12-28,EW,2.28,5883800000.0,38.09,,0.967,17.57,,,,,,,,,,,,,,,None,210300000,210300000,,,,,,None,19100000,,,,,-0.903,0.0758,209000000,228100000,0.5942,2016-12-31,30.58,,4600400000.0,557400000,200400000,41900000,,,None,8600000,None,,None,,,,,158500000,158500000,None,None,0.274,,348500000,208900000,,,,,11500000,,,,,4.893,4.939,8.67,,,,,,,,0.233,,,2025-10-30,quarterly,0.67,USD,pre-market,114900000,,0.0772,0.135,0.147,10.02,233600000,,,,77.69,83.33,12.7566,,,,,,,767700000,,38.09,,87.89,65.94
2025-12-28,EW,2.28,5883800000.0,38.09,,0.967,17.57,,,,,,,,,,,,,,,None,198100000,198100000,,,,,,None,18200000,,,,,-0.903,0.0758,185200000,203400000,0.5942,2016-09-30,30.58,,4600400000.0,541300000,185200000,43800000,,,None,2100000,None,,None,,,,,141400000,141400000,None,None,0.274,,342500000,198800000,,,,,-1500000,,,,,4.893,4.939,8.67,,,,,,,,0.233,,,2025-10-30,quarterly,0.67,USD,pre-market,113000000,,0.0772,0.135,0.147,10.02,229600000,,,,77.69,83.33,12.7566,,,,,,,739400000,,38.09,,87.89,65.94
2025-12-28,EW,2.28,5883800000.0,38.09,,0.967,17.57,,,,,,,,,,,,,,,None,202500000,202500000,,,,,,None,18000000,,,,,-0.903,0.0758,181000000,199000000,0.5942,2016-06-30,30.58,,4600400000.0,556800000,169000000,42400000,,,None,2400000,None,,None,,,,,126600000,126600000,None,None,0.274,,341700000,180600000,,,,,-100000,,,,,4.893,4.939,8.67,,,,,,,,0.233,,,2025-10-30,quarterly,0.67,USD,pre-market,112900000,,0.0772,0.135,0.147,10.02,228800000,,,,77.69,83.33,12.7566,,,,,,,759300000,,38.09,,87.89,65.94
2025-12-28,EW,2.28,5883800000.0,38.09,,0.967,17.57,,,,,,,,,,,,,,,None,180300000,180300000,,,,,,None,15900000,,,,,-0.903,0.0758,202500000,218400000,0.5942,2016-03-31,30.58,,4600400000.0,517000000,183300000,40300000,,,None,2400000,None,,None,,,,,143000000,143000000,None,None,0.274,,315100000,201900000,,,,,-4000000,,,,,4.893,4.939,8.67,,,,,,,,0.233,,,2025-10-30,quarterly,0.67,USD,pre-market,102400000,,0.0772,0.135,0.147,10.02,212700000,,,,77.69,83.33,12.7566,,,,,,,697300000,,38.09,,87.89,65.94
2025-12-28,EW,2.28,5883800000.0,38.09,,0.967,17.57,,,,,,,,,,,,,,,None,175900000,175900000,,,,,,None,14500000,,,,,-0.903,0.0758,175900000,190400000,0.5942,2015-12-31,30.58,,4600400000.0,495200000,167000000,26300000,,,None,2600000,None,,None,,,,,140700000,140700000,None,None,0.274,,320500000,174700000,,,,,6100000,,,,,4.893,4.939,8.67,,,,,,,,0.233,,,2025-10-30,quarterly,0.67,USD,pre-market,98200000,,0.0772,0.135,0.147,10.02,222300000,,,,77.69,83.33,12.7566,,,,,,,671100000,,38.09,,87.89,65.94
2025-12-28,EW,2.28,5883800000.0,38.09,,0.967,17.57,,,,,,,,,,,,,,,None,146700000,146700000,,,,,,None,18500000,,,,,-0.903,0.0758,155800000,174300000,0.5942,2015-09-30,30.58,,4600400000.0,468800000,150700000,32600000,,,None,2500000,None,,None,,,,,118100000,118100000,None,None,0.274,,313000000,155800000,,,,,-200000,,,,,4.893,4.939,8.67,,,,,,,,0.233,,,2025-10-30,quarterly,0.67,USD,pre-market,101000000,,0.0772,0.135,0.147,10.02,212000000,,,,77.69,83.33,12.7566,,,,,,,615500000,,38.09,,87.89,65.94
2025-12-28,EW,2.28,5883800000.0,38.09,,0.967,17.57,,,,,,,,,,,,,,,None,158600000,158600000,,,,,,None,16800000,,,,,-0.903,0.0758,146800000,163600000,0.5942,2015-06-30,30.58,,4600400000.0,458200000,142200000,29500000,,,None,1800000,None,,None,,,,,112700000,112700000,None,None,0.274,,311400000,146800000,,,,,-1800000,,,,,4.893,4.939,8.67,,,,,,,,0.233,,,2025-10-30,quarterly,0.67,USD,pre-market,97500000,,0.0772,0.135,0.147,10.02,213900000,,,,77.69,83.33,12.7566,,,,,,,616800000,,38.09,,87.89,65.94
2025-12-28,EW,2.28,5883800000.0,38.09,,0.967,17.57,,,,,,,,,,,,,,,None,136000000,136000000,,,,,,None,16000000,,,,,-0.903,0.0758,165400000,181400000,0.5942,2015-03-31,30.58,,4600400000.0,454300000,162500000,39100000,,,None,2400000,None,,None,,,,,123400000,123400000,None,None,0.274,,288900000,165400000,,,,,-200000,,,,,4.893,4.939,8.67,,,,,,,,0.233,,,2025-10-30,quarterly,0.67,USD,pre-market,86400000,,0.0772,0.135,0.147,10.02,202500000,,,,77.69,83.33,12.7566,,,,,,,590300000,,38.09,,87.89,65.94
2025-12-28,EW,2.28,5883800000.0,38.09,,0.967,17.57,,,,,,,,,,,,,,,None,160400000,160400000,,,,,,None,18300000,,,,,-0.903,0.0758,150500000,168800000,0.5942,2014-12-31,30.58,,4600400000.0,457600000,132900000,23700000,,,None,1700000,None,,None,,,,,109200000,109200000,None,None,0.274,,307100000,140300000,,,,,1300000,,,,,4.893,4.939,8.67,,,,,,,,0.233,,,2025-10-30,quarterly,0.67,USD,pre-market,84000000,,0.0772,0.135,0.147,10.02,223100000,,,,77.69,83.33,12.7566,,,,,,,618000000,,38.09,,87.89,65.94
2025-12-28,EW,2.28,5883800000.0,38.09,,0.967,17.57,,,,,,,,,,,,,,,None,168100000,168100000,,,,,,None,18000000,,,,,-0.903,0.0758,129500000,147500000,0.5942,2014-09-30,30.58,,4600400000.0,439300000,120600000,26000000,,,None,2500000,None,,None,,,,,94600000,94600000,None,None,0.274,,309800000,129500000,,,,,-2500000,,,,,4.893,4.939,8.67,,,,,,,,0.233,,,2025-10-30,quarterly,0.67,USD,pre-market,87600000,,0.0772,0.135,0.147,10.02,222200000,,,,77.69,83.33,12.7566,,,,,,,607400000,,38.09,,87.89,65.94
2025-12-28,EW,2.28,5883800000.0,38.09,,0.967,17.57,,,,,,,,,,,,,,,None,151200000,151200000,,,,,,None,16100000,,,,,-0.903,0.0758,119300000,135400000,0.5942,2014-06-30,30.58,,4600400000.0,423900000,813200000,266200000,,,None,3100000,None,,None,,,,,547000000,547000000,None,None,0.274,,304600000,119300000,,,,,-400000,,,,,4.893,4.939,8.67,,,,,,,,0.233,,,2025-10-30,quarterly,0.67,USD,pre-market,89100000,,0.0772,0.135,0.147,10.02,215500000,,,,77.69,83.33,12.7566,,,,,,,575100000,,38.09,,87.89,65.94
2025-12-28,EW,2.28,5883800000.0,38.09,,0.967,17.57,,,,,,,,,,,,,,,None,145900000,145900000,,,,,,None,16200000,,,,,-0.903,0.0758,93500000,109700000,0.5942,2014-03-31,30.58,,4600400000.0,376500000,77300000,17000000,,,None,3500000,None,,None,,,,,60300000,60300000,None,None,0.274,,283000000,93500000,,,,,300000,,,,,4.893,4.939,8.67,,,,,,,,0.233,,,2025-10-30,quarterly,0.67,USD,pre-market,85800000,,0.0772,0.135,0.147,10.02,197200000,,,,77.69,83.33,12.7566,,,,,,,522400000,,38.09,,87.89,65.94
2025-12-28,EW,2.28,5883800000.0,38.09,,0.967,17.57,,,,,,,,,,,,,,,None,145500000,145500000,,,,,,None,18800000,,,,,-0.903,0.0758,106600000,125400000,0.5942,2013-12-31,30.58,,4600400000.0,390500000,101500000,25700000,,,None,4000000,None,,None,,,,,75800000,75800000,None,None,0.274,,269100000,121400000,,,,,5000000,,,,,4.893,4.939,8.67,,,,,,,,0.233,,,2025-10-30,quarterly,0.67,USD,pre-market,78600000,,0.0772,0.135,0.147,10.02,190500000,,,,77.69,83.33,12.7566,,,,,,,536000000,,38.09,,87.89,65.94
2025-12-28,EW,2.28,5883800000.0,38.09,,0.967,17.57,,,,,,,,,,,,,,,None,129700000,129700000,,,,,,None,18500000,,,,,-0.903,0.0758,104000000,122500000,0.5942,2013-09-30,30.58,,4600400000.0,365900000,99900000,23000000,,,None,1000000,None,,None,,,,,76800000,76900000,None,None,0.274,,264600000,101300000,,,,,-400000,,,,,4.893,4.939,8.67,,,,,,,,0.233,,,2025-10-30,quarterly,0.67,USD,pre-market,84100000,,0.0772,0.135,0.147,10.02,180500000,,,,77.69,83.33,12.7566,,,,,,,495600000,,38.09,,87.89,65.94
2025-12-28,EW,2.28,5883800000.0,38.09,,0.967,17.57,,,,,,,,,,,,,,,None,125000000,125000000,,,,,,None,16100000,,,,,-0.903,0.0758,125100000,141200000,0.5942,2013-06-30,30.58,,4600400000.0,392200000,121800000,27700000,,,None,400000,None,,None,,,,,93300000,94100000,None,None,0.274,,269900000,122300000,,,,,-100000,,,,,4.893,4.939,8.67,,,,,,,,0.233,,,2025-10-30,quarterly,0.67,USD,pre-market,80500000,,0.0772,0.135,0.147,10.02,189400000,,,,77.69,83.33,12.7566,,,,,,,517200000,,38.09,,87.89,65.94
2025-12-28,EW,2.28,5883800000.0,38.09,,0.967,17.57,,,,,,,,,,,,,,,None,122200000,122200000,,,,,,None,15300000,,,,,-0.903,0.0758,112300000,127600000,0.5942,2013-03-31,30.58,,4600400000.0,374500000,192100000,47200000,,,None,1400000,None,,None,,,,,143900000,144900000,None,None,0.274,,265000000,109500000,,,,,-1200000,,,,,4.893,4.939,8.67,,,,,,,,0.233,,,2025-10-30,quarterly,0.67,USD,pre-market,79800000,,0.0772,0.135,0.147,10.02,185200000,,,,77.69,83.33,12.7566,,,,,,,496700000,,38.09,,87.89,65.94
2025-12-28,EW,2.28,5883800000.0,38.09,,0.967,17.57,,,,,,,,,,,,,,,None,125800000,125800000,,,,,,None,15100000,,,,,-0.903,0.0758,123400000,138500000,0.5942,2012-12-31,30.58,,4600400000.0,384700000,122200000,31100000,,,None,1200000,None,,None,,,,,91100000,91100000,None,None,0.274,,252800000,131900000,,,,,4100000,,,,,4.893,4.939,8.67,,,,,,,,0.233,,,2025-10-30,quarterly,0.67,USD,pre-market,74900000,,0.0772,0.135,0.147,10.02,177900000,,,,77.69,83.33,12.7566,,,,,,,510500000,,38.09,,87.89,65.94
2025-12-28,EW,2.28,5883800000.0,38.09,,0.967,17.57,,,,,,,,,,,,,,,None,111700000,111700000,,,,,,None,14400000,,,,,-0.903,0.0758,94300000,108700000,0.5942,2012-09-30,30.58,,4600400000.0,336200000,93400000,24200000,,,None,900000,None,,None,,,,,69200000,69200000,None,None,0.274,,241600000,94600000,,,,,-1500000,,,,,4.893,4.939,8.67,,,,,,,,0.233,,,2025-10-30,quarterly,0.67,USD,pre-market,73800000,,0.0772,0.135,0.147,10.02,167800000,,,,77.69,83.33,12.7566,,,,,,,447900000,,38.09,,87.89,65.94
2025-12-28,EW,2.28,5883800000.0,38.09,,0.967,17.57,,,,,,,,,,,,,,,None,129800000,129800000,,,,,,None,14000000,,,,,-0.903,0.0758,91100000,105100000,0.5942,2012-06-30,30.58,,4600400000.0,352200000,89900000,22100000,,,None,1200000,None,,None,,,,,67800000,67800000,None,None,0.274,,256400000,95800000,,,,,1000000,,,,,4.893,4.939,8.67,,,,,,,,0.233,,,2025-10-30,quarterly,0.67,USD,pre-market,74000000,,0.0772,0.135,0.147,10.02,182400000,,,,77.69,83.33,12.7566,,,,,,,482000000,,38.09,,87.89,65.94
2025-12-28,EW,2.28,5883800000.0,38.09,,0.967,17.57,,,,,,,,,,,,,,,None,127300000,127300000,,,,,,None,13800000,,,,,-0.903,0.0758,86100000,99900000,0.5942,2012-03-31,30.58,,4600400000.0,331900000,85600000,20500000,,,None,1100000,None,,None,,,,,65100000,65100000,None,None,0.274,,245800000,86100000,,,,,-500000,,,,,4.893,4.939,8.67,,,,,,,,0.233,,,2025-10-30,quarterly,0.67,USD,pre-market,68600000,,0.0772,0.135,0.147,10.02,177200000,,,,77.69,83.33,12.7566,,,,,,,459200000,,38.09,,87.89,65.94
2025-12-28,EW,2.28,5883800000.0,38.09,,0.967,17.57,,,,,,,,,,,,,,,None,119600000,119600000,,,,,,None,14800000,,,,,-0.903,0.0758,69500000,84300000,0.5942,2011-12-31,30.58,,4600400000.0,310600000,68600000,5500000,,,None,900000,None,,None,,,,,63100000,63100000,None,None,0.274,,224100000,86500000,,,,,3100000,,,,,4.893,4.939,8.67,,,,,,,,0.233,,,2025-10-30,quarterly,0.67,USD,pre-market,60700000,,0.0772,0.135,0.147,10.02,163400000,,,,77.69,83.33,12.7566,,,,,,,430200000,,38.09,,87.89,65.94
2025-12-28,EW,2.28,5883800000.0,38.09,,0.967,17.57,,,,,,,,,,,,,,,None,125600000,125600000,,,,,,None,13900000,,,,,-0.903,0.0758,58600000,72500000,0.5942,2011-09-30,30.58,,4600400000.0,287100000,57600000,6000000,,,None,1000000,None,,None,,,,,51600000,51600000,None,None,0.274,,227200000,59900000,,,,,-2300000,,,,,4.893,4.939,8.67,,,,,,,,0.233,,,2025-10-30,quarterly,0.67,USD,pre-market,61700000,,0.0772,0.135,0.147,10.02,165500000,,,,77.69,83.33,12.7566,,,,,,,412700000,,38.09,,87.89,65.94
2025-12-28,EW,2.28,5883800000.0,38.09,,0.967,17.57,,,,,,,,,,,,,,,None,127800000,127800000,,,,,,None,14800000,,,,,-0.903,0.0758,73500000,88300000,0.5942,2011-06-30,30.58,,4600400000.0,303400000,72800000,14700000,,,None,700000,None,,None,,,,,58100000,58100000,None,None,0.274,,228100000,75300000,,,,,1200000,,,,,4.893,4.939,8.67,,,,,,,,0.233,,,2025-10-30,quarterly,0.67,USD,pre-market,64900000,,0.0772,0.135,0.147,10.02,163200000,,,,77.69,83.33,12.7566,,,,,,,431200000,,38.09,,87.89,65.94
2025-12-28,EW,2.28,5883800000.0,38.09,,0.967,17.57,,,,,,,,,,,,,,,None,116800000,116800000,,,,,,None,14500000,,,,,-0.903,0.0758,85100000,99600000,0.5942,2011-03-31,30.58,,4600400000.0,287700000,84600000,20700000,,,None,500000,None,,None,,,,,63900000,63900000,None,None,0.274,,209300000,78400000,,,,,6200000,,,,,4.893,4.939,8.67,,,,,,,,0.233,,,2025-10-30,quarterly,0.67,USD,pre-market,59000000,,0.0772,0.135,0.147,10.02,150300000,,,,77.69,83.33,12.7566,,,,,,,404500000,,38.09,,87.89,65.94
2025-12-28,EW,2.28,5883800000.0,38.09,,0.967,17.57,,,,,,,,,,,,,,,None,113500000,113500000,,,,,,None,15400000,,,,,-0.903,0.0758,70600000,86000000,0.5942,2010-12-31,30.58,,4600400000.0,278900000,70100000,5300000,,,None,500000,None,,None,,,,,64800000,0,None,None,0.274,,198300000,80600000,,,,,None,,,,,4.893,4.939,8.67,,,,,,,,0.233,,,2025-10-30,quarterly,0.67,USD,pre-market,55900000,,0.0772,0.135,0.147,10.02,142400000,,,,77.69,83.33,12.7566,,,,,,,392400000,,38.09,,87.89,65.94
2025-12-28,EW,2.28,5883800000.0,38.09,,0.967,17.57,,,,,,,,,,,,,,,None,95800000,95800000,,,,,,None,13400000,,,,,-0.903,0.0758,66900000,80300000,0.5942,2010-09-30,30.58,,4600400000.0,253100000,66200000,18200000,,,None,700000,None,,None,,,,,48000000,48000000,None,None,0.274,,185700000,67400000,,,,,3100000,,,,,4.893,4.939,8.67,,,,,,,,0.233,,,2025-10-30,quarterly,0.67,USD,pre-market,52700000,,0.0772,0.135,0.147,10.02,133000000,,,,77.69,83.33,12.7566,,,,,,,348900000,,38.09,,87.89,65.94
2025-12-28,EW,2.28,5883800000.0,38.09,,0.967,17.57,,,,,,,,,,,,,,,None,100400000,100400000,,,,,,None,13700000,,,,,-0.903,0.0758,67100000,80800000,0.5942,2010-06-30,30.58,,4600400000.0,264800000,66400000,8900000,,,None,500000,None,,None,,,,,57500000,57500000,None,None,0.274,,191200000,73600000,,,,,1600000,,,,,4.893,4.939,8.67,,,,,,,,0.233,,,2025-10-30,quarterly,0.67,USD,pre-market,50600000,,0.0772,0.135,0.147,10.02,140600000,,,,77.69,83.33,12.7566,,,,,,,365200000,,38.09,,87.89,65.94
2025-12-28,EW,2.28,5883800000.0,38.09,,0.967,17.57,,,,,,,,,,,,,,,None,98600000,98600000,,,,,,None,14000000,,,,,-0.903,0.0758,65800000,79800000,0.5942,2010-03-31,30.58,,4600400000.0,241900000,65500000,17800000,,,None,200000,None,,None,,,,,47700000,0,None,None,0.274,,179200000,62700000,,,,,None,,,,,4.893,4.939,8.67,,,,,,,,0.233,,,2025-10-30,quarterly,0.67,USD,pre-market,45200000,,0.0772,0.135,0.147,10.02,134000000,,,,77.69,83.33,12.7566,,,,,,,340500000,,38.09,,87.89,65.94
2025-12-28,EW,2.28,5883800000.0,38.09,,0.967,17.57,,,,,,,,,,,,,,,None,101700000,101700000,,,,,,None,14200000,,,,,-0.903,0.0758,62900000,77100000,0.5942,2009-12-31,30.58,,4600400000.0,245000000,62400000,14800000,,,None,500000,None,,None,,,,,47600000,0,None,None,0.274,,180600000,64400000,,,,,None,,,,,4.893,4.939,8.67,,,,,,,,0.233,,,2025-10-30,quarterly,0.67,USD,pre-market,48300000,,0.0772,0.135,0.147,10.02,132300000,,,,77.69,83.33,12.7566,,,,,,,346700000,,38.09,,87.89,65.94
2025-12-28,EW,2.28,5883800000.0,38.09,,0.967,17.57,,,,,,,,,,,,,,,None,98500000,98500000,,,,,,None,15400000,,,,,-0.903,0.0758,95100000,110500000,0.5942,2009-09-30,30.58,,4600400000.0,227200000,94200000,20700000,,,None,900000,None,,None,,,,,73500000,0,None,None,0.274,,170600000,56400000,,,,,None,,,,,4.893,4.939,8.67,,,,,,,,0.233,,,2025-10-30,quarterly,0.67,USD,pre-market,44700000,,0.0772,0.135,0.147,10.02,126100000,,,,77.69,83.33,12.7566,,,,,,,325700000,,38.09,,87.89,65.94
2025-12-28,EW,2.28,5883800000.0,38.09,,0.967,17.57,,,,,,,,,,,,,,,None,101900000,101900000,,,,,,None,14900000,,,,,-0.903,0.0758,63300000,78200000,0.5942,2009-06-30,30.58,,4600400000.0,233600000,62800000,15300000,,,None,200000,None,,None,,,,,47500000,0,None,None,0.274,,171100000,62500000,,,,,None,,,,,4.893,4.939,8.67,,,,,,,,0.233,,,2025-10-30,quarterly,0.67,USD,pre-market,42600000,,0.0772,0.135,0.147,10.02,128500000,,,,77.69,83.33,12.7566,,,,,,,335500000,,38.09,,87.89,65.94
2025-12-28,EW,2.28,5883800000.0,38.09,,0.967,17.57,,,,,,,,,,,,,,,None,97000000,97000000,,,,,,None,14200000,,,,,-0.903,0.0758,85800000,100000000,0.5942,2009-03-31,30.58,,4600400000.0,216500000,85000000,24500000,,,None,800000,None,,None,,,,,60500000,0,None,None,0.274,,161800000,54700000,,,,,None,,,,,4.893,4.939,8.67,,,,,,,,0.233,,,2025-10-30,quarterly,0.67,USD,pre-market,39900000,,0.0772,0.135,0.147,10.02,121900000,,,,77.69,83.33,12.7566,,,,,,,313500000,,38.09,,87.89,65.94
2025-12-28,EW,2.28,5883800000.0,38.09,,0.967,17.57,,,,,,,,,,,,,,,None,98800000,98800000,,,,,,None,14300000,,,,,-0.903,0.0758,28200000,42500000,0.5942,2008-12-31,30.58,,4600400000.0,210900000,34000000,-4100000,,,None,7200000,None,,None,,,,,38100000,0,None,None,0.274,,156000000,54900000,,,,,None,,,,,4.893,4.939,8.67,,,,,,,,0.233,,,2025-10-30,quarterly,0.67,USD,pre-market,35800000,,0.0772,0.135,0.147,10.02,120200000,,,,77.69,83.33,12.7566,,,,,,,309700000,,38.09,,87.89,65.94
2025-12-28,EW,2.28,5883800000.0,38.09,,0.967,17.57,,,,,,,,,,,,,,,None,104900000,104900000,,,,,,None,13800000,,,,,-0.903,0.0758,44300000,58100000,0.5942,2008-09-30,30.58,,4600400000.0,198700000,43600000,10700000,,,None,400000,None,,None,,,,,32900000,0,None,None,0.274,,154400000,44300000,,,,,None,,,,,4.893,4.939,8.67,,,,,,,,0.233,,,2025-10-30,quarterly,0.67,USD,pre-market,35100000,,0.0772,0.135,0.147,10.02,119300000,,,,77.69,83.33,12.7566,,,,,,,303600000,,38.09,,87.89,65.94
2025-12-28,EW,2.28,5883800000.0,38.09,,0.967,17.57,,,,,,,,,,,,,,,None,113000000,113000000,,,,,,None,14000000,,,,,-0.903,0.0758,54000000,68000000,0.5942,2008-06-30,30.58,,4600400000.0,214600000,52100000,12400000,,,None,400000,None,,None,,,,,39700000,0,None,None,0.274,,161900000,52700000,,,,,None,,,,,4.893,4.939,8.67,,,,,,,,0.233,,,2025-10-30,quarterly,0.67,USD,pre-market,35400000,,0.0772,0.135,0.147,10.02,126500000,,,,77.69,83.33,12.7566,,,,,,,327600000,,38.09,,87.89,65.94
2025-12-28,EW,2.28,5883800000.0,38.09,,0.967,17.57,,,,,,,,,,,,,,,None,102900000,102900000,,,,,,None,13500000,,,,,-0.903,0.0758,36800000,50300000,0.5942,2008-03-31,30.58,,4600400000.0,193900000,34700000,16500000,,,None,400000,None,,None,,,,,18200000,0,None,None,0.274,,159200000,34700000,,,,,None,,,,,4.893,4.939,8.67,,,,,,,,0.233,,,2025-10-30,quarterly,0.67,USD,pre-market,32900000,,0.0772,0.135,0.147,10.02,114600000,,,,77.69,83.33,12.7566,,,,,,,296800000,,38.09,,87.89,65.94
2025-12-28,EW,2.28,5883800000.0,38.09,,0.967,17.57,,,,,,,,,,,,,,,None,99600000,99600000,,,,,,None,13700000,,,,,-0.903,0.0758,45400000,59100000,0.5942,2007-12-31,30.58,,4600400000.0,193400000,19600000,3800000,,,None,9100000,None,,None,,,,,15800000,0,None,None,0.274,,148000000,45400000,,,,,None,,,,,4.893,4.939,8.67,,,,,,,,0.233,,,2025-10-30,quarterly,0.67,USD,pre-market,33500000,,0.0772,0.135,0.147,10.02,114500000,,,,77.69,83.33,12.7566,,,,,,,293000000,,38.09,,87.89,65.94
2025-12-28,EW,2.28,5883800000.0,38.09,,0.967,17.57,,,,,,,,,,,,,,,None,90700000,90700000,,,,,,None,14000000,,,,,-0.903,0.0758,36600000,50600000,0.5942,2007-09-30,30.58,,4600400000.0,170700000,38800000,9700000,,,None,400000,None,,None,,,,,29100000,0,None,None,0.274,,134100000,36600000,,,,,None,,,,,4.893,4.939,8.67,,,,,,,,0.233,,,2025-10-30,quarterly,0.67,USD,pre-market,30900000,,0.0772,0.135,0.147,10.02,103200000,,,,77.69,83.33,12.7566,,,,,,,261400000,,38.09,,87.89,65.94
2025-12-28,EW,2.28,5883800000.0,38.09,,0.967,17.57,,,,,,,,,,,,,,,None,94700000,94700000,,,,,,None,13700000,,,,,-0.903,0.0758,47100000,60800000,0.5942,2007-06-30,30.58,,4600400000.0,177900000,46800000,11900000,,,None,400000,None,,None,,,,,34900000,0,None,None,0.274,,130800000,47100000,,,,,None,,,,,4.893,4.939,8.67,,,,,,,,0.233,,,2025-10-30,quarterly,0.67,USD,pre-market,29100000,,0.0772,0.135,0.147,10.02,101700000,,,,77.69,83.33,12.7566,,,,,,,272600000,,38.09,,87.89,65.94
2025-12-28,EW,2.28,5883800000.0,38.09,,0.967,17.57,,,,,,,,,,,,,,,None,93200000,93200000,,,,,,None,13400000,,,,,-0.903,0.0758,44600000,58000000,0.5942,2007-03-31,30.58,,4600400000.0,170900000,44600000,11400000,,,None,200000,None,,None,,,,,33200000,0,None,None,0.274,,126300000,44600000,,,,,None,,,,,4.893,4.939,8.67,,,,,,,,0.233,,,2025-10-30,quarterly,0.67,USD,pre-market,28800000,,0.0772,0.135,0.147,10.02,98600000,,,,77.69,83.33,12.7566,,,,,,,264100000,,38.09,,87.89,65.94
2025-12-28,EW,2.28,5883800000.0,38.09,,0.967,17.57,,,,,,,,,,,,,,,None,97400000,97400000,,,,,,None,14600000,,,,,-0.903,0.0758,43100000,57700000,0.5942,2006-12-31,30.58,,4600400000.0,168200000,23700000,3000000,,,None,10500000,None,,None,,,,,20700000,0,None,None,0.274,,125100000,43100000,,,,,None,,,,,4.893,4.939,8.67,,,,,,,,0.233,,,2025-10-30,quarterly,0.67,USD,pre-market,30000000,,0.0772,0.135,0.147,10.02,95100000,,,,77.69,83.33,12.7566,,,,,,,265600000,,38.09,,87.89,65.94
2025-12-28,EW,2.28,5883800000.0,38.09,,0.967,17.57,,,,,,,,,,,,,,,None,87400000,87400000,,,,,,None,13800000,,,,,-0.903,0.0758,40200000,54000000,0.5942,2006-09-30,30.58,,4600400000.0,160000000,36700000,8900000,,,None,800000,None,,None,,,,,27800000,0,None,None,0.274,,119800000,40200000,,,,,None,,,,,4.893,4.939,8.67,,,,,,,,0.233,,,2025-10-30,quarterly,0.67,USD,pre-market,28100000,,0.0772,0.135,0.147,10.02,91700000,,,,77.69,83.33,12.7566,,,,,,,247400000,,38.09,,87.89,65.94
2025-12-28,EW,2.28,5883800000.0,38.09,,0.967,17.57,,,,,,,,,,,,,,,None,95700000,95700000,,,,,,None,14400000,,,,,-0.903,0.0758,45500000,59900000,0.5942,2006-06-30,30.58,,4600400000.0,171600000,45500000,9400000,,,None,600000,None,,None,,,,,36100000,0,None,None,0.274,,125900000,45700000,,,,,None,,,,,4.893,4.939,8.67,,,,,,,,0.233,,,2025-10-30,quarterly,0.67,USD,pre-market,28900000,,0.0772,0.135,0.147,10.02,97000000,,,,77.69,83.33,12.7566,,,,,,,267300000,,38.09,,87.89,65.94
2025-12-28,EW,2.28,5883800000.0,38.09,,0.967,17.57,,,,,,,,,,,,,,,None,93000000,93000000,,,,,,None,14000000,,,,,-0.903,0.0758,66200000,80200000,0.5942,2006-03-31,30.58,,4600400000.0,164000000,66000000,21000000,,,None,900000,None,,None,,,,,46000000,0,None,None,0.274,,98000000,66000000,,,,,None,,,,,4.893,4.939,8.67,,,,,,,,0.233,,,2025-10-30,quarterly,0.67,USD,pre-market,27000000,,0.0772,0.135,0.147,10.02,92000000,,,,77.69,83.33,12.7566,,,,,,,257000000,,38.09,,87.89,65.94
2025-12-28,EW,2.28,5883800000.0,38.09,,0.967,17.57,,,,,,,,,,,,,,,None,89600000,89600000,,,,,,None,14400000,,,,,-0.903,0.0758,47200000,61600000,0.5942,2005-12-31,30.58,,4600400000.0,160100000,43500000,4900000,,,None,9700000,None,,None,,,,,38600000,0,None,None,0.274,,112900000,47200000,,,,,None,,,,,4.893,4.939,8.67,,,,,,,,0.233,,,2025-10-30,quarterly,0.67,USD,pre-market,25800000,,0.0772,0.135,0.147,10.02,87100000,,,,77.69,83.33,12.7566,,,,,,,249700000,,38.09,,87.89,65.94
2025-12-28,EW,2.28,5883800000.0,38.09,,0.967,17.57,,,,,,,,,,,,,,,None,90900000,90900000,,,,,,None,14000000,,,,,-0.903,0.0758,40100000,54100000,0.5942,2005-09-30,30.58,,4600400000.0,150000000,15300000,19700000,,,None,2200000,None,,None,,,,,-4400000,0,None,None,0.274,,109900000,40100000,,,,,None,,,,,4.893,4.939,8.67,,,,,,,,0.233,,,2025-10-30,quarterly,0.67,USD,pre-market,24000000,,0.0772,0.135,0.147,10.02,85900000,,,,77.69,83.33,12.7566,,,,,,,240900000,,38.09,,87.89,65.94
2025-12-28,EW,2.28,5883800000.0,38.09,,0.967,17.57,,,,,,,,,,,,,,,None,1117500000,1117500000,,,,,,None,155200000,,,,,-0.903,0.0758,1567900000,1723100000,0.5942,2024-12-31,30.58,,4600400000.0,4322000000,1548100000,152100000,,,None,19800000,120300000,,None,,,,,4174600000,1396000000,100500000,None,0.274,,2943300000,1378700000,,,,,None,,,,,4.893,4.939,8.67,,,,,,,,0.233,,,2025-10-30,annual,0.67,USD,pre-market,1053000000,,0.0772,0.135,0.147,10.02,1789200000,,,,77.69,83.33,12.7566,,,,,,,5439500000,,38.09,,87.89,65.94
2025-12-28,EW,2.28,5883800000.0,38.09,,0.967,17.57,,,,,,,,,,,,,,,None,1379800000,1379800000,,,,,,None,144900000,,,,,-0.903,0.0758,1534100000,1534100000,0.5942,2023-12-31,30.58,,4600400000.0,4625000000,1598100000,198700000,,,None,17600000,67200000,,None,,,,,1402400000,1428100000,40700000,None,0.274,,2896400000,1534100000,,,,,None,,,,,4.893,4.939,8.67,,,,,,,,0.233,,,2025-10-30,annual,0.67,USD,pre-market,1071800000,,0.0772,0.135,0.147,10.02,1755600000,,,,77.69,83.33,12.7566,,,,,,,6004800000,,38.09,,87.89,65.94
2025-12-28,EW,2.28,5883800000.0,38.09,,0.967,17.57,,,,,,,,,,,,,,,None,1167200000,1167200000,,,,,,None,166800000,,,,,-0.903,0.0758,1793600000,1960400000,0.5942,2022-12-31,30.58,,4600400000.0,4215200000,1767400000,245500000,,,None,26200000,16300000,,None,,,,,1521900000,1521900000,16300000,None,0.274,,2512800000,1702400000,,,,,38100000,,,,,4.893,4.939,8.67,,,,,,,,0.233,,,2025-10-30,annual,0.67,USD,pre-market,945200000,,0.0772,0.135,0.147,10.02,1566500000,,,,77.69,83.33,12.7566,,,,,,,5382400000,,38.09,,87.89,65.94
2025-12-28,EW,2.28,5883800000.0,38.09,,0.967,17.57,,,,,,,,,,,,,,,None,1225900000,1225900000,,,,,,None,163300000,,,,,-0.903,0.0758,1726800000,1890100000,0.5942,2021-12-31,30.58,,4600400000.0,4006600000,1702000000,198900000,,,None,24800000,1000000,,None,,,,,1503100000,1503100000,-1000000,None,0.274,,2396200000,1610400000,,,,,30100000,,,,,4.893,4.939,8.67,,,,,,,,0.233,,,2025-10-30,annual,0.67,USD,pre-market,903100000,,0.0772,0.135,0.147,10.02,1494000000,,,,77.69,83.33,12.7566,,,,,,,5232500000,,38.09,,87.89,65.94
2025-12-28,EW,2.28,5883800000.0,38.09,,0.967,17.57,,,,,,,,,,,,,,,None,1099000000,1099000000,,,,,,None,135400000,,,,,-0.903,0.0758,938900000,1074300000,0.5942,2020-12-31,30.58,,4600400000.0,3287300000,916700000,93300000,,,None,22200000,7600000,,None,,,,,823400000,823400000,7600000,None,0.274,,1991300000,1296000000,,,,,34900000,,,,,4.893,4.939,8.67,,,,,,,,0.233,,,2025-10-30,annual,0.67,USD,pre-market,760700000,,0.0772,0.135,0.147,10.02,1228400000,,,,77.69,83.33,12.7566,,,,,,,4386300000,,38.09,,87.89,65.94
2025-12-28,EW,2.28,5883800000.0,38.09,,0.967,17.57,,,,,,,,,,,,,,,None,1155300000,1155300000,,,,,,None,114600000,,,,,-0.903,0.0758,1193800000,1308400000,0.5942,2019-12-31,30.58,,4600400000.0,3192700000,1166500000,119600000,,,None,27300000,32200000,,None,,,,,1046900000,1046900000,11500000,None,0.274,,1994800000,1197900000,,,,,40400000,,,,,4.893,4.939,8.67,,,,,,,,0.233,,,2025-10-30,annual,0.67,USD,pre-market,752700000,,0.0772,0.135,0.147,10.02,1242200000,,,,77.69,83.33,12.7566,,,,,,,4348000000,,38.09,,87.89,65.94
2025-12-28,EW,2.28,5883800000.0,38.09,,0.967,17.57,,,,,,,,,,,,,,,None,922100000,922100000,,,,,,None,77400000,,,,,-0.903,0.0758,794800000,872200000,0.5942,2018-12-31,30.58,,4600400000.0,2800700000,761400000,39200000,,,None,33400000,32000000,,None,,,,,722200000,722200000,2100000,None,0.274,,1708400000,1092300000,,,,,36000000,,,,,4.893,4.939,8.67,,,,,,,,0.233,,,2025-10-30,annual,0.67,USD,pre-market,622200000,,0.0772,0.135,0.147,10.02,1088500000,,,,77.69,83.33,12.7566,,,,,,,3722800000,,38.09,,87.89,65.94
2025-12-28,EW,2.28,5883800000.0,38.09,,0.967,17.57,,,,,,,,,,,,,,,None,882900000,882900000,,,,,,None,81900000,,,,,-0.903,0.0758,1058100000,1140000000,0.5942,2017-12-31,30.58,,4600400000.0,2552400000,1034900000,451300000,,,None,23200000,20300000,,None,,,,,622100000,583600000,-2900000,None,0.274,,1542300000,1010100000,,,,,12100000,,,,,4.893,4.939,8.67,,,,,,,,0.233,,,2025-10-30,annual,0.67,USD,pre-market,552600000,,0.0772,0.135,0.147,10.02,984700000,,,,77.69,83.33,12.7566,,,,,,,3435300000,,38.09,,87.89,65.94
2025-12-28,EW,2.28,5883800000.0,38.09,,0.967,17.57,,,,,,,,,,,,,,,None,805800000,805800000,,,,,,None,71200000,,,,,-0.903,0.0758,755900000,827100000,0.5942,2016-12-31,30.58,,4600400000.0,2157900000,737900000,168400000,,,None,18000000,10800000,,None,,,,,569500000,569500000,-8400000,None,0.274,,1342400000,815500000,,,,,5900000,,,,,4.893,4.939,8.67,,,,,,,,0.233,,,2025-10-30,annual,0.67,USD,pre-market,442200000,,0.0772,0.135,0.147,10.02,904700000,,,,77.69,83.33,12.7566,,,,,,,2963700000,,38.09,,87.89,65.94
2025-12-28,EW,2.28,5883800000.0,38.09,,0.967,17.57,,,,,,,,,,,,,,,None,684300000,684300000,,,,,,None,65800000,,,,,-0.903,0.0758,640800000,706600000,0.5942,2015-12-31,30.58,,4600400000.0,1809400000,622400000,127500000,,,None,18400000,None,,None,,,,,494900000,494900000,None,None,0.274,,1233500000,575900000,,,,,3900000,,,,,4.893,4.939,8.67,,,,,,,,0.233,,,2025-10-30,annual,0.67,USD,pre-market,383100000,,0.0772,0.135,0.147,10.02,850700000,,,,77.69,83.33,12.7566,,,,,,,2493700000,,38.09,,87.89,65.94
2025-12-28,EW,2.28,5883800000.0,38.09,,0.967,17.57,,,,,,,,,,,,,,,None,631200000,631200000,,,,,,None,68600000,,,,,-0.903,0.0758,1165600000,1234200000,0.5942,2014-12-31,30.58,,4600400000.0,1691700000,1144000000,332900000,,,None,21600000,None,,None,,,,,811100000,811100000,None,None,0.274,,1204500000,487200000,,,,,-1300000,,,,,4.893,4.939,8.67,,,,,,,,0.233,,,2025-10-30,annual,0.67,USD,pre-market,346500000,,0.0772,0.135,0.147,10.02,858000000,,,,77.69,83.33,12.7566,,,,,,,2322900000,,38.09,,87.89,65.94
2025-12-28,EW,2.28,5883800000.0,38.09,,0.967,17.57,,,,,,,,,,,,,,,None,543900000,543900000,,,,,,None,68700000,,,,,-0.903,0.0758,521100000,589800000,0.5942,2013-12-31,30.58,,4600400000.0,1501600000,515299999,123600000,,,None,5800000,None,,None,,,,,391700000,391700000,None,None,0.274,,1068599999,433000000,,,,,3300000,,,,,4.893,4.939,8.67,,,,,,,,0.233,,,2025-10-30,annual,0.67,USD,pre-market,323000000,,0.0772,0.135,0.147,10.02,745600000,,,,77.69,83.33,12.7566,,,,,,,2045500000,,38.09,,87.89,65.94
2025-12-28,EW,2.28,5883800000.0,38.09,,0.967,17.57,,,,,,,,,,,,,,,None,506800000,506800000,,,,,,None,57300000,,,,,-0.903,0.0758,395500000,452800000,0.5942,2012-12-31,30.58,,4600400000.0,1392800000,391100000,97900000,,,None,4400000,None,,None,,,,,293200000,293200000,None,None,0.274,,996100000,396700000,,,,,3100000,,,,,4.893,4.939,8.67,,,,,,,,0.233,,,2025-10-30,annual,0.67,USD,pre-market,291300000,,0.0772,0.135,0.147,10.02,705300000,,,,77.69,83.33,12.7566,,,,,,,1899600000,,38.09,,87.89,65.94
2025-12-28,EW,2.28,5883800000.0,38.09,,0.967,17.57,,,,,,,,,,,,,,,None,460800000,460800000,,,,,,None,58000000,,,,,-0.903,0.0758,286700000,344700000,0.5942,2011-12-31,30.58,,4600400000.0,1217800000,283600000,46900000,,,None,3100000,None,,None,,,,,236700000,236700000,None,None,0.274,,888700000,329100000,,,,,8200000,,,,,4.893,4.939,8.67,,,,,,,,0.233,,,2025-10-30,annual,0.67,USD,pre-market,246300000,,0.0772,0.135,0.147,10.02,642400000,,,,77.69,83.33,12.7566,,,,,,,1678600000,,38.09,,87.89,65.94
2025-12-28,EW,2.28,5883800000.0,38.09,,0.967,17.57,,,,,,,,,,,,,,,None,410100000,410100000,,,,,,None,56500000,,,,,-0.903,0.0758,270600000,327100000,0.5942,2010-12-31,30.58,,4600400000.0,1036900000,268200000,50200000,,,None,2400000,None,,None,,,,,218000000,218000000,None,None,0.274,,754400000,282500000,,,,,9000000,,,,,4.893,4.939,8.67,,,,,,,,0.233,,,2025-10-30,annual,0.67,USD,pre-market,204400000,,0.0772,0.135,0.147,10.02,550000000,,,,77.69,83.33,12.7566,,,,,,,1447000000,,38.09,,87.89,65.94
2025-12-28,EW,2.28,5883800000.0,38.09,,0.967,17.57,,,,,,,,,,,,,,,None,399100000,399100000,,,,,,None,58700000,,,,,-0.903,0.0758,238000000,296700000,0.5942,2009-12-31,30.58,,4600400000.0,922300000,304400000,75300000,,,None,1100000,None,,None,,,,,229100000,None,None,None,0.274,,684300000,238000000,,,,,None,,,,,4.893,4.939,8.67,,,,,,,,0.233,,,2025-10-30,annual,0.67,USD,pre-market,175500000,,0.0772,0.135,0.147,10.02,508800000,,,,77.69,83.33,12.7566,,,,,,,1321400000,,38.09,,87.89,65.94
2025-12-28,EW,2.28,5883800000.0,38.09,,0.967,17.57,,,,,,,,,,,,,,,None,408900000,408900000,,,,,,None,55600000,,,,,-0.903,0.0758,171600000,227200000,0.5942,2008-12-31,30.58,,4600400000.0,828800000,164400000,35500000,,,None,7200000,None,,None,,,,,128900000,None,None,None,0.274,,619800000,209000000,,,,,None,,,,,4.893,4.939,8.67,,,,,,,,0.233,,,2025-10-30,annual,0.67,USD,pre-market,139200000,,0.0772,0.135,0.147,10.02,480600000,,,,77.69,83.33,12.7566,,,,,,,1237700000,,38.09,,87.89,65.94
2025-12-28,EW,2.28,5883800000.0,38.09,,0.967,17.57,,,,,,,,,,,,,,,None,381300000,381300000,,,,,,None,54800000,,,,,-0.903,0.0758,158900000,213700000,0.5942,2007-12-31,30.58,,4600400000.0,709800000,149800000,36800000,,,None,9100000,None,,None,,,,,113000000,None,None,None,0.274,,540300000,169500000,,,,,None,,,,,4.893,4.939,8.67,,,,,,,,0.233,,,2025-10-30,annual,0.67,USD,pre-market,122300000,,0.0772,0.135,0.147,10.02,418000000,,,,77.69,83.33,12.7566,,,,,,,1091100000,,38.09,,87.89,65.94
2025-12-28,EW,2.28,5883800000.0,38.09,,0.967,17.57,,,,,,,,,,,,,,,None,383300000,383300000,,,,,,None,56800000,,,,,-0.903,0.0758,182800000,239600000,0.5942,2006-12-31,30.58,,4600400000.0,653700000,172300000,41800000,,,None,10500000,None,,None,,,,,130500000,None,None,None,0.274,,490200000,163500000,,,,,None,,,,,4.893,4.939,8.67,,,,,,,,0.233,,,2025-10-30,annual,0.67,USD,pre-market,114200000,,0.0772,0.135,0.147,10.02,376000000,,,,77.69,83.33,12.7566,,,,,,,1037000000,,38.09,,87.89,65.94
2025-12-28,EW,2.28,5883800000.0,38.09,,0.967,17.57,,,,,,,,,,,,,,,None,374600000,374600000,,,,,,None,56200000,,,,,-0.903,0.0758,129000000,185200000,0.5942,2005-12-31,30.58,,4600400000.0,623300000,116700000,37400000,,,None,12300000,None,,None,,,,,79300000,None,None,None,0.274,,447700000,175600000,,,,,None,,,,,4.893,4.939,8.67,,,,,,,,0.233,,,2025-10-30,annual,0.67,USD,pre-market,99000000,,0.0772,0.135,0.147,10.02,348700000,,,,77.69,83.33,12.7566,,,,,,,997900000,,38.09,,87.89,65.94
2025-12-28,EW,2.28,5883800000.0,38.09,None,0.967,17.57,,102100000,2685600000,2685600000,,,,,,,,,658200000,585700000,None,374600000,374600000,165000000,None,None,892800000,None,None,56200000,,,,,-0.903,0.0758,129000000,185200000,0.5942,2025-09-30,30.58,1768500000,4600400000.0,623300000,116700000,37400000,1130800000,1130800000,None,12300000,None,1140900000,None,None,598200000,None,274700000,79300000,None,None,None,0.274,,447700000,175600000,483200000,1396200000,None,805500000,None,,,,,4.893,4.939,8.67,,,,,,,,0.233,,1839800000,2025-10-30,quarterly,0.67,USD,pre-market,99000000,14149300000,0.0772,0.135,0.147,10.02,348700000,700300000,26800000,1156400000,77.69,83.33,12.7566,13272200000,6358900000,1588000000,3067200000,6913300000,1479200000,997900000,10205000000,38.09,None,87.89,65.94
2025-12-28,EW,2.28,5883800000.0,38.09,None,0.967,17.57,,104600000,3272800000,3272800000,,,,,,,,,657600000,587900000,None,374600000,374600000,162100000,None,None,902600000,None,None,56200000,,,,,-0.903,0.0758,129000000,185200000,0.5942,2025-06-30,30.58,1776700000,4600400000.0,623300000,116700000,37400000,1172800000,1172800000,None,12300000,None,1141700000,None,None,598000000,None,298500000,79300000,None,None,None,0.274,,447700000,175600000,470700000,1179900000,None,800800000,None,,,,,4.893,4.939,8.67,,,,,,,,0.233,,1825600000,2025-10-30,quarterly,0.67,USD,pre-market,99000000,13858200000,0.0772,0.135,0.147,10.02,348700000,702600000,25900000,789400000,77.69,83.33,12.7566,13488700000,6577200000,1404700000,2882200000,6911500000,1477500000,997900000,10545300000,38.09,None,87.89,65.94
2025-12-28,EW,2.28,5883800000.0,38.09,None,0.967,17.57,,101600000,3140600000,3140600000,,,,,,,,,655900000,587800000,None,374600000,374600000,172400000,None,None,751900000,None,None,56200000,,,,,-0.903,0.0758,129000000,185200000,0.5942,2025-03-31,30.58,1778700000,4600400000.0,623300000,116700000,37400000,1174900000,1174900000,None,12300000,None,1113900000,None,None,597800000,None,277900000,79300000,None,None,None,0.274,,447700000,175600000,448400000,775800000,None,760200000,None,,,,,4.893,4.939,8.67,,,,,,,,0.233,,1795200000,2025-10-30,quarterly,0.67,USD,pre-market,99000000,13525000000,0.0772,0.135,0.147,10.02,348700000,699400000,23700000,757900000,77.69,83.33,12.7566,13022300000,6212700000,1394800000,2830700000,6809600000,1435900000,997900000,10128700000,38.09,None,87.89,65.94
2025-12-28,EW,2.28,5883800000.0,38.09,None,0.967,17.57,,102300000,3045200000,3045200000,,,,,,,,,654800000,590500000,None,374600000,374600000,197400000,None,None,727400000,None,None,56200000,,,,,-0.903,0.0758,129000000,185200000,0.5942,2024-12-31,30.58,1776700000,4600400000.0,623300000,116700000,37400000,1176600000,1176600000,None,12300000,None,1086700000,None,None,597700000,None,307900000,79300000,None,None,None,0.274,,447700000,175600000,495400000,856000000,None,756600000,None,,,,,4.893,4.939,8.67,,,,,,,,0.233,,1784200000,2025-10-30,quarterly,0.67,USD,pre-market,99000000,13167000000,0.0772,0.135,0.147,10.02,348700000,700000000,23400000,930700000,77.69,83.33,12.7566,13055300000,6285400000,1505200000,2992400000,6769900000,1487200000,997900000,9998400000,38.09,None,87.89,65.94
2025-12-28,EW,2.28,5883800000.0,38.09,None,0.967,17.57,,109200000,3676400000,3676400000,,,,,,,,,654300000,598100000,None,374600000,374600000,172800000,None,None,811500000,None,None,56200000,,,,,-0.903,0.0758,129000000,185200000,0.5942,2024-09-30,30.58,1605300000,4600400000.0,623300000,116700000,37400000,956100000,956100000,None,12300000,None,1104200000,None,None,597500000,None,319600000,79300000,None,None,None,0.274,,447700000,175600000,365900000,882300000,None,668200000,None,,,,,4.893,4.939,8.67,,,,,,,,0.233,,1780100000,2025-10-30,quarterly,0.67,USD,pre-market,99000000,12781400000,0.0772,0.135,0.147,10.02,348700000,706700000,24200000,769700000,77.69,83.33,12.7566,12971200000,6727700000,1944100000,3359800000,6243500000,1415700000,997900000,9545600000,38.09,None,87.89,65.94
2025-12-28,EW,2.28,5883800000.0,38.09,None,0.967,17.57,,95700000,1644500000,1644500000,,,,,,,,,653500000,604300000,None,374600000,374600000,185900000,None,None,834400000,None,None,56200000,,,,,-0.903,0.0758,129000000,185200000,0.5942,2024-06-30,30.58,1151000000,4600400000.0,623300000,116700000,37400000,417100000,417100000,None,12300000,None,1024700000,None,None,597300000,None,353300000,79300000,None,None,None,0.274,,447700000,175600000,667100000,888800000,None,600300000,None,,,,,4.893,4.939,8.67,,,,,,,,0.233,,None,2025-10-30,quarterly,0.67,USD,pre-market,99000000,9710600000,0.0772,0.135,0.147,10.02,348700000,693000000,21500000,345300000,77.69,83.33,12.7566,10099300000,4516000000,1217000000,2594700000,5583300000,1377700000,997900000,7437400000,38.09,None,87.89,65.94
2025-12-28,EW,2.28,5883800000.0,38.09,None,0.967,17.57,,102000000,1224600000,1224600000,,,,,,,,,651800000,604100000,None,374600000,374600000,212300000,None,None,876900000,None,None,56200000,,,,,-0.903,0.0758,129000000,185200000,0.5942,2024-03-31,30.58,1252800000,4600400000.0,623300000,116700000,37400000,446800000,446800000,None,12300000,None,1207300000,None,None,597200000,None,455600000,79300000,None,None,None,0.274,,447700000,175600000,388700000,717500000,None,266500000,None,,,,,4.893,4.939,8.67,,,,,,,,0.233,,None,2025-10-30,quarterly,0.67,USD,pre-market,99000000,9344300000,0.0772,0.135,0.147,10.02,348700000,699200000,24800000,473000000,77.69,83.33,12.7566,9736300000,4170500000,1110800000,2549900000,5565800000,1439100000,997900000,7117900000,38.09,None,87.89,65.94
2025-12-28,EW,2.28,5883800000.0,38.09,None,0.967,17.57,,97900000,1132300000,1132300000,,,,,,,,,650500000,606900000,None,374600000,374600000,186600000,None,None,828100000,None,None,56200000,,,,,-0.903,0.0758,129000000,185200000,0.5942,2023-12-31,30.58,1145100000,4600400000.0,623300000,116700000,37400000,399400000,399400000,None,12300000,None,903500000,None,None,597000000,None,583900000,79300000,None,None,None,0.274,,447700000,175600000,671300000,879400000,None,264300000,None,,,,,4.893,4.939,8.67,,,,,,,,0.233,,None,2025-10-30,quarterly,0.67,USD,pre-market,99000000,8992400000,0.0772,0.135,0.147,10.02,348700000,685100000,22900000,500500000,77.69,83.33,12.7566,9363200000,4035700000,1195400000,2643800000,5327500000,1448400000,997900000,6650000000,38.09,None,87.89,65.94
2025-12-28,EW,2.28,5883800000.0,38.09,None,0.967,17.57,,94300000,1410100000,1410100000,,,,,,,,,649900000,609500000,None,374600000,374600000,190600000,None,None,802100000,None,None,56200000,,,,,-0.903,0.0758,129000000,185200000,0.5942,2023-09-30,30.58,1297400000,4600400000.0,623300000,116700000,37400000,429800000,429800000,None,12300000,None,1032400000,None,None,596800000,None,704600000,79300000,None,None,None,0.274,,447700000,175600000,369100000,794800000,None,240300000,None,,,,,4.893,4.939,8.67,,,,,,,,0.233,,1772200000,2025-10-30,quarterly,0.67,USD,pre-market,99000000,8622500000,0.0772,0.135,0.147,10.02,348700000,691100000,24300000,453800000,77.69,83.33,12.7566,9370800000,4067500000,1238900000,2643700000,5303300000,1404800000,997900000,6657500000,38.09,None,87.89,65.94
2025-12-28,EW,2.28,5883800000.0,38.09,None,0.967,17.57,,87800000,1042600000,1042600000,,,,,,,,,649100000,610300000,None,374600000,374600000,193000000,None,None,816900000,None,None,56200000,,,,,-0.903,0.0758,129000000,185200000,0.5942,2023-06-30,30.58,1299500000,4600400000.0,623300000,116700000,37400000,431400000,431400000,None,12300000,None,980200000,None,None,596700000,None,856200000,79300000,None,None,None,0.274,,447700000,175600000,340600000,777200000,None,242700000,None,,,,,4.893,4.939,8.67,,,,,,,,0.233,,1747100000,2025-10-30,quarterly,0.67,USD,pre-market,99000000,8237600000,0.0772,0.135,0.147,10.02,348700000,684500000,24300000,466700000,77.69,83.33,12.7566,9004000000,3647000000,1157200000,2557500000,5357000000,1400300000,997900000,6375700000,38.09,None,87.89,65.94
2025-12-28,EW,2.28,5883800000.0,38.09,None,0.967,17.57,,91300000,872500000,872500000,,,,,,,,,647100000,610900000,None,374600000,374600000,180800000,None,None,779300000,None,None,56200000,,,,,-0.903,0.0758,129000000,185200000,0.5942,2023-03-31,30.58,1308400000,4600400000.0,623300000,116700000,37400000,446800000,446800000,None,12300000,None,914300000,None,None,596500000,None,1066700000,79300000,None,None,None,0.274,,447700000,175600000,309400000,701700000,None,910700000,None,,,,,4.893,4.939,8.67,,,,,,,,0.233,,1646000000,2025-10-30,quarterly,0.67,USD,pre-market,99000000,7930500000,0.0772,0.135,0.147,10.02,348700000,687800000,25100000,381700000,77.69,83.33,12.7566,8651200000,3257200000,1082000000,2589200000,5394000000,1507200000,997900000,5978000000,38.09,None,87.89,65.94
2025-12-28,EW,2.28,5883800000.0,38.09,None,0.967,17.57,,95000000,769000000,769000000,,,,,,,,,646300000,616200000,None,374600000,374600000,201900000,None,None,699100000,None,None,56200000,,,,,-0.903,0.0758,129000000,185200000,0.5942,2022-12-31,30.58,1164300000,4600400000.0,623300000,116700000,37400000,285200000,285200000,None,12300000,None,875500000,None,None,596300000,None,1239000000,79300000,None,None,None,0.274,,447700000,175600000,305900000,698800000,None,511200000,None,,,,,4.893,4.939,8.67,,,,,,,,0.233,,1725100000,2025-10-30,quarterly,0.67,USD,pre-market,99000000,7590000000,0.0772,0.135,0.147,10.02,348700000,691300000,25500000,446300000,77.69,83.33,12.7566,8292500000,3095800000,1022400000,2485800000,5196700000,1463400000,997900000,5806700000,38.09,None,87.89,65.94
2025-12-28,EW,2.28,5883800000.0,38.09,None,0.967,17.57,,90600000,1247800000,1247800000,,,,,,,,,645700000,624500000,None,374600000,374600000,154900000,None,None,661400000,None,None,56200000,,,,,-0.903,0.0758,129000000,185200000,0.5942,2022-09-30,30.58,1158700000,4600400000.0,623300000,116700000,37400000,266500000,266500000,None,12300000,None,757800000,None,None,596200000,None,1381000000,79300000,None,None,None,0.274,,447700000,175600000,356000000,646100000,None,906300000,None,,,,,4.893,4.939,8.67,,,,,,,,0.233,,1654100000,2025-10-30,quarterly,0.67,USD,pre-market,99000000,7191600000,0.0772,0.135,0.147,10.02,348700000,686800000,23500000,490900000,77.69,83.33,12.7566,8638200000,3513900000,917900000,2420400000,5124300000,1502500000,997900000,6217800000,38.09,None,87.89,65.94
2025-12-28,EW,2.28,5883800000.0,38.09,None,0.967,17.57,,86800000,1198100000,1198100000,,,,,,,,,645000000,626700000,None,374600000,374600000,162500000,None,None,679200000,None,None,56200000,,,,,-0.903,0.0758,129000000,185200000,0.5942,2022-06-30,30.58,1164100000,4600400000.0,623300000,116700000,37400000,320700000,320700000,None,12300000,None,740000000,None,None,596000000,None,1490800000,79300000,None,None,None,0.274,,447700000,175600000,328100000,633400000,None,916400000,None,,,,,4.893,4.939,8.67,,,,,,,,0.233,,1644100000,2025-10-30,quarterly,0.67,USD,pre-market,99000000,6848100000,0.0772,0.135,0.147,10.02,348700000,682800000,23300000,317700000,77.69,83.33,12.7566,8425100000,3263100000,969100000,2481500000,5162000000,1512400000,997900000,5943600000,38.09,-3177600000,87.89,65.94
2025-12-28,EW,2.28,5883800000.0,38.09,None,0.967,17.57,,92300000,1030900000,1030900000,,,,,,,,,642900000,629400000,None,374600000,374600000,158800000,None,None,686200000,None,None,56200000,,,,,-0.903,0.0758,129000000,185200000,0.5942,2022-03-31,30.58,1166300000,4600400000.0,623300000,116700000,37400000,322000000,322000000,None,12300000,None,730600000,None,None,595900000,None,1623700000,79300000,None,None,None,0.274,,447700000,175600000,328600000,604900000,None,589500000,None,,,,,4.893,4.939,8.67,,,,,,,,0.233,,1552200000,2025-10-30,quarterly,0.67,USD,pre-market,99000000,6441700000,0.0772,0.135,0.147,10.02,348700000,688200000,23900000,465000000,77.69,83.33,12.7566,8419900000,3241300000,949900000,2575000000,5178600000,1625100000,997900000,5844900000,38.09,-2822500000,87.89,65.94
2025-12-28,EW,2.28,5883800000.0,38.09,None,0.967,17.57,,94600000,862800000,862800000,,,,,,,,,642000000,632000000,None,374600000,374600000,204500000,None,None,664900000,None,None,56200000,,,,,-0.903,0.0758,129000000,185200000,0.5942,2021-12-31,30.58,1167900000,4600400000.0,623300000,116700000,37400000,323600000,323600000,None,12300000,None,726700000,None,None,595700000,None,1834200000,79300000,None,None,None,0.274,,447700000,175600000,322300000,702800000,None,588300000,None,,,,,4.893,4.939,8.67,,,,,,,,0.233,,1638700000,2025-10-30,quarterly,0.67,USD,pre-market,99000000,6068100000,0.0772,0.135,0.147,10.02,348700000,690300000,25500000,604000000,77.69,83.33,12.7566,8502600000,3180700000,1032300000,2666700000,5321900000,1634400000,997900000,5835900000,38.09,-2416900000,87.89,65.94
2025-12-28,EW,2.28,5883800000.0,38.09,None,0.967,17.57,,88600000,1506900000,1506900000,,,,,,,,,641200000,631700000,None,374600000,374600000,139500000,None,None,664200000,None,None,56200000,,,,,-0.903,0.0758,129000000,185200000,0.5942,2021-09-30,30.58,1170400000,4600400000.0,623300000,116700000,37400000,325300000,325300000,None,12300000,None,737800000,None,None,595500000,None,1282000000,79300000,None,None,None,0.274,,447700000,175600000,318800000,711800000,None,601000000,None,,,,,4.893,4.939,8.67,,,,,,,,0.233,,1549400000,2025-10-30,quarterly,0.67,USD,pre-market,99000000,5732800000,0.0772,0.135,0.147,10.02,348700000,684100000,24200000,287800000,77.69,83.33,12.7566,8160300000,3515500000,966500000,2619000000,4644800000,1652500000,997900000,5541300000,38.09,-2320400000,87.89,65.94
2025-12-28,EW,2.28,5883800000.0,38.09,None,0.967,17.57,,88800000,1312800000,1312800000,,,,,,,,,640100000,629900000,None,374600000,374600000,144600000,None,None,700300000,None,None,56200000,,,,,-0.903,0.0758,129000000,185200000,0.5942,2021-06-30,30.58,1171800000,4600400000.0,623300000,116700000,37400000,327000000,327000000,None,12300000,None,759500000,None,None,595400000,None,1014200000,79300000,None,None,None,0.274,,447700000,175600000,301900000,630500000,None,581600000,None,,,,,4.893,4.939,8.67,,,,,,,,0.233,,1530400000,2025-10-30,quarterly,0.67,USD,pre-market,99000000,5392700000,0.0772,0.135,0.147,10.02,348700000,684200000,25100000,248400000,77.69,83.33,12.7566,7662100000,3322900000,886200000,2528800000,4339200000,1642600000,997900000,5133300000,38.09,-2318600000,87.89,65.94
2025-12-28,EW,2.28,5883800000.0,38.09,None,0.967,17.57,,93600000,1174200000,1174200000,,,,,,,,,637500000,631300000,None,374600000,374600000,150400000,None,None,664300000,None,None,56200000,,,,,-0.903,0.0758,129000000,185200000,0.5942,2021-03-31,30.58,1170800000,4600400000.0,623300000,116700000,37400000,330300000,330300000,None,12300000,None,767900000,None,None,595200000,None,802200000,79300000,None,None,None,0.274,,447700000,175600000,306400000,550400000,None,878700000,None,,,,,4.893,4.939,8.67,,,,,,,,0.233,,1417900000,2025-10-30,quarterly,0.67,USD,pre-market,99000000,4903200000,0.0772,0.135,0.147,10.02,348700000,688800000,26500000,156400000,77.69,83.33,12.7566,7213700000,3069200000,799000000,2555300000,4144500000,1756300000,997900000,4658400000,38.09,-2206700000,87.89,65.94
2025-12-28,EW,2.28,5883800000.0,38.09,None,0.967,17.57,,99900000,1183200000,1183200000,,,,,,,,,636400000,632000000,None,374600000,374600000,196500000,None,None,602800000,None,None,56200000,,,,,-0.903,0.0758,129000000,185200000,0.5942,2020-12-31,30.58,1173200000,4600400000.0,623300000,116700000,37400000,331400000,331400000,None,12300000,None,802300000,None,None,595000000,None,801600000,79300000,None,None,None,0.274,,447700000,175600000,283300000,601900000,None,885900000,None,,,,,4.893,4.939,8.67,,,,,,,,0.233,,1395200000,2025-10-30,quarterly,0.67,USD,pre-market,99000000,4565000000,0.0772,0.135,0.147,10.02,348700000,694900000,27200000,219400000,77.69,83.33,12.7566,7237100000,3091000000,893900000,2662800000,4146100000,1768900000,997900000,4574300000,38.09,-1904100000,87.89,65.94
2025-12-28,EW,2.28,5883800000.0,38.09,None,0.967,17.57,,95200000,1024000000,1024000000,,,,,,,,,635000000,631000000,None,374600000,374600000,162500000,None,None,671700000,None,None,56200000,,,,,-0.903,0.0758,129000000,185200000,0.5942,2020-09-30,30.58,1170000000,4600400000.0,623300000,116700000,37400000,332400000,332400000,None,12300000,None,773300000,None,None,594900000,None,599000000,79300000,None,None,None,0.274,,447700000,175600000,240100000,571800000,None,864100000,None,,,,,4.893,4.939,8.67,,,,,,,,0.233,,1276300000,2025-10-30,quarterly,0.67,USD,pre-market,99000000,4255500000,0.0772,0.135,0.147,10.02,348700000,690100000,24200000,271300000,77.69,83.33,12.7566,6800800000,2980400000,846300000,2590500000,3820400000,1744200000,997900000,4210300000,38.09,-1903900000,87.89,65.94
2025-12-28,EW,2.28,5883800000.0,38.09,None,0.967,17.57,,89800000,903500000,903500000,,,,,,,,,633500000,620300000,None,374600000,374600000,153400000,None,None,567900000,None,None,56200000,,,,,-0.903,0.0758,129000000,185200000,0.5942,2020-06-30,30.58,1167700000,4600400000.0,623300000,116700000,37400000,333500000,333500000,None,12300000,None,735100000,None,None,594700000,None,594400000,79300000,None,None,None,0.274,,447700000,175600000,223500000,584800000,None,836900000,None,,,,,4.893,4.939,8.67,,,,,,,,0.233,,1195600000,2025-10-30,quarterly,0.67,USD,pre-market,99000000,3930300000,0.0772,0.135,0.147,10.02,348700000,684500000,23800000,260300000,77.69,83.33,12.7566,6424100000,2690300000,873200000,2585000000,3733800000,1711800000,997900000,3839100000,38.09,-1902500000,87.89,65.94
2025-12-28,EW,2.28,5883800000.0,38.09,None,0.967,17.57,,80600000,662900000,662900000,,,,,,,,,218500000,635100000,None,374600000,374600000,151500000,None,None,585100000,None,None,56200000,,,,,-0.903,0.0758,129000000,185200000,0.5942,2020-03-31,30.58,1166200000,4600400000.0,623300000,116700000,37400000,334800000,334800000,None,12300000,None,662200000,None,None,594600000,None,587800000,79300000,None,None,None,0.274,,447700000,175600000,229500000,450300000,None,538500000,None,,,,,4.893,4.939,8.67,,,,,,,,0.233,,1100600000,2025-10-30,quarterly,0.67,USD,pre-market,99000000,4052200000,0.0772,0.135,0.147,10.02,348700000,675200000,24900000,368200000,77.69,83.33,12.7566,6076100000,2507900000,746900000,2175000000,3568200000,1428100000,997900000,3901100000,38.09,-1893500000,87.89,65.94
2025-12-28,EW,2.28,5883800000.0,38.09,None,0.967,17.57,,84400000,1179100000,1179100000,,,,,,,,,218100000,637800000,None,374600000,374600000,180400000,None,None,599100000,None,None,56200000,,,,,-0.903,0.0758,129000000,185200000,0.5942,2019-12-31,30.58,1167700000,4600400000.0,623300000,116700000,37400000,336500000,336500000,None,12300000,None,640900000,None,None,594400000,None,585500000,79300000,None,None,None,0.274,,447700000,175600000,227100000,592200000,None,547500000,None,,,,,4.893,4.939,8.67,,,,,,,,0.233,,1060300000,2025-10-30,quarterly,0.67,USD,pre-market,99000000,3741600000,0.0772,0.135,0.147,10.02,348700000,678800000,25500000,337800000,77.69,83.33,12.7566,6488100000,2984000000,902400000,2339800000,3504100000,1437400000,997900000,4148300000,38.09,-1278700000,87.89,65.94
2025-12-28,EW,2.28,5883800000.0,38.09,None,0.967,17.57,,76500000,1186600000,1186600000,,,,,,,,,217500000,636300000,None,374600000,374600000,135900000,None,None,570000000,None,None,56200000,,,,,-0.903,0.0758,129000000,185200000,0.5942,2019-09-30,30.58,1156600000,4600400000.0,623300000,116700000,37400000,381100000,381100000,None,12300000,None,611100000,None,None,594200000,None,386000000,79300000,None,None,None,0.274,,447700000,175600000,201700000,553700000,None,492600000,None,,,,,4.893,4.939,8.67,,,,,,,,0.233,,973600000,2025-10-30,quarterly,0.67,USD,pre-market,99000000,3461400000,0.0772,0.135,0.147,10.02,348700000,670700000,24100000,170300000,77.69,83.33,12.7566,5966300000,2739700000,775800000,2151500000,3226600000,1375700000,997900000,3814800000,38.09,-1278700000,87.89,65.94
2025-12-28,EW,2.28,5883800000.0,38.09,None,0.967,17.57,,74200000,726800000,726800000,,,,,,,,,216900000,636200000,None,374600000,374600000,151000000,None,23800000,609600000,None,None,56200000,,,,,-0.903,0.0758,129000000,185200000,0.5942,2019-06-30,30.58,1173900000,4600400000.0,623300000,116700000,37400000,385600000,385600000,None,12300000,None,624900000,None,None,594100000,None,412900000,79300000,None,None,None,0.274,,447700000,175600000,185900000,468400000,None,495000000,None,,,,,4.893,4.939,8.67,,,,,,,,0.233,,931100000,2025-10-30,quarterly,0.67,USD,pre-market,99000000,3186700000,0.0772,0.135,0.147,10.02,348700000,668300000,23800000,207500000,77.69,83.33,12.7566,5573500000,2354700000,697000000,2073200000,3218800000,1376200000,997900000,3500300000,38.09,-1277400000,87.89,65.94
2025-12-28,EW,2.28,5883800000.0,38.09,None,0.967,17.57,,72300000,709200000,709200000,,,,,,,,,216000000,636600000,None,374600000,374600000,147200000,None,22600000,578000000,None,None,56200000,,,,,-0.903,0.0758,129000000,185200000,0.5942,2019-03-31,30.58,1103400000,4600400000.0,623300000,116700000,37400000,341300000,341300000,None,12300000,None,630900000,None,None,593900000,None,453700000,79300000,None,None,None,0.274,,447700000,175600000,196900000,427600000,None,472300000,None,,,,,4.893,4.939,8.67,,,,,,,,0.233,,892200000,2025-10-30,quarterly,0.67,USD,pre-market,99000000,2944400000,0.0772,0.135,0.147,10.02,348700000,666200000,22600000,253800000,77.69,83.33,12.7566,5469300000,2368800000,646500000,2021800000,3100500000,1375300000,997900000,3447500000,38.09,-1021100000,87.89,65.94
2025-12-28,EW,2.28,5883800000.0,38.09,None,0.967,17.57,,None,714100000,714100000,,,,,,,,,215200000,636600000,None,374600000,374600000,134000000,None,None,537300000,None,None,56200000,,,,,-0.903,0.0758,129000000,185200000,0.5942,2018-12-31,30.58,1112200000,4600400000.0,623300000,116700000,37400000,343200000,343200000,None,12300000,None,607000000,None,None,593800000,None,506300000,79300000,None,None,None,0.274,,447700000,175600000,131800000,4400000,None,453500000,None,,,,,4.893,4.939,8.67,,,,,,,,0.233,,867500000,2025-10-30,quarterly,0.67,USD,pre-market,99000000,2694700000,0.0772,0.135,0.147,10.02,348700000,1158000000,564200000,242400000,77.69,83.33,12.7566,5323700000,2286900000,876600000,2183300000,3036800000,1306700000,997900000,3140400000,38.09,-1015400000,87.89,65.94
2025-12-28,EW,2.28,5883800000.0,38.09,None,0.967,17.57,,None,1261300000,1261300000,,,,,,,,,214800000,639600000,None,374600000,374600000,134000000,None,None,530100000,None,None,56200000,,,,,-0.903,0.0758,129000000,185200000,0.5942,2018-09-30,30.58,1122300000,4600400000.0,623300000,116700000,37400000,467900000,467900000,None,12300000,None,583800000,None,None,593600000,None,479000000,79300000,None,None,None,0.274,,447700000,175600000,203000000,471300000,None,477700000,None,,,,,4.893,4.939,8.67,,,,,,,,0.233,,826100000,2025-10-30,quarterly,0.67,USD,pre-market,99000000,2687700000,0.0772,0.135,0.147,10.02,348700000,1193500000,599900000,334400000,77.69,83.33,12.7566,5958200000,2912600000,1261100000,2596900000,3045600000,1335800000,997900000,3361300000,38.09,-743400000,87.89,65.94
2025-12-28,EW,2.28,5883800000.0,38.09,None,0.967,17.57,,None,1226400000,1226400000,,,,,,,,,214000000,642000000,None,374600000,374600000,124600000,None,1193100000,520100000,None,None,56200000,,,,,-0.903,0.0758,129000000,185200000,0.5942,2018-06-30,30.58,1118600000,4600400000.0,623300000,116700000,37400000,466000000,466000000,None,12300000,None,568100000,None,None,593900000,None,470400000,79300000,None,None,None,0.274,,447700000,175600000,207000000,401600000,None,481500000,None,,,,,4.893,4.939,8.67,,,,,,,,0.233,,770200000,2025-10-30,quarterly,0.67,USD,pre-market,99000000,2461800000,0.0772,0.135,0.147,10.02,348700000,1193100000,599200000,174400000,77.69,83.33,12.7566,5686100000,2696000000,1183200000,2521900000,2990100000,1338700000,997900000,3164200000,38.09,-570300000,87.89,65.94
2025-12-28,EW,2.28,5883800000.0,38.09,None,0.967,17.57,,None,1227000000,1227000000,,,,,,,,,213000000,645300000,None,374600000,374600000,121200000,None,1054600000,446800000,None,None,56200000,,,,,-0.903,0.0758,129000000,185200000,0.5942,2018-03-31,30.58,1144800000,4600400000.0,623300000,116700000,37400000,480500000,480500000,None,12300000,None,573900000,None,None,456000000,None,532100000,79300000,None,None,None,0.274,,447700000,175600000,196900000,423100000,None,518100000,None,,,,,4.893,4.939,8.67,,,,,,,,0.233,,711600000,2025-10-30,quarterly,0.67,USD,pre-market,99000000,2179100000,0.0772,0.135,0.147,10.02,348700000,1054600000,598600000,272300000,77.69,83.33,12.7566,5825100000,2716900000,1314500000,2579400000,3108200000,1264900000,997900000,3245700000,38.09,-254200000,87.89,65.94
2025-12-28,EW,2.28,5883800000.0,38.09,None,0.967,17.57,,None,818300000,818300000,,,,,,,,,212000000,646200000,None,374600000,374600000,116600000,None,1036400000,462200000,None,None,56200000,,,,,-0.903,0.0758,129000000,185200000,0.5942,2017-12-31,30.58,1126500000,4600400000.0,623300000,116700000,37400000,468000000,468000000,None,12300000,None,554900000,None,None,438400000,None,567000000,79300000,None,None,None,0.274,,447700000,175600000,177500000,565700000,None,504300000,None,,,,,4.893,4.939,8.67,,,,,,,,0.233,,679700000,2025-10-30,quarterly,0.67,USD,pre-market,99000000,2000600000,0.0772,0.135,0.147,10.02,348700000,1036400000,598000000,519200000,77.69,83.33,12.7566,5696500000,2532100000,1399400000,2701800000,3164400000,1302400000,997900000,2994700000,38.09,-252100000,87.89,65.94
2025-12-28,EW,2.28,5883800000.0,38.09,None,0.967,17.57,,None,630300000,630300000,,,,,,,,,211600000,648600000,None,374600000,374600000,113400000,None,1034000000,475000000,None,None,56200000,,,,,-0.903,0.0758,129000000,185200000,0.5942,2017-09-30,30.58,980500000,4600400000.0,623300000,116700000,37400000,414900000,414900000,None,12300000,None,538400000,None,None,1034000000,None,567500000,79300000,None,None,None,0.274,,447700000,175600000,97400000,621800000,None,556700000,None,,,,,4.893,4.939,8.67,,,,,,,,0.233,,649600000,2025-10-30,quarterly,0.67,USD,pre-market,99000000,1964900000,0.0772,0.135,0.147,10.02,348700000,1034000000,1034000000,772500000,77.69,83.33,12.7566,5488400000,2566400000,735200000,2325900000,2922000000,1590700000,997900000,3162500000,38.09,-800000,87.89,65.94
2025-12-28,EW,2.28,5883800000.0,38.09,None,0.967,17.57,,None,508200000,508200000,,,,,,,,,244700000,647100000,None,374600000,374600000,104600000,None,1016800000,510700000,None,None,56200000,,,,,-0.903,0.0758,129000000,185200000,0.5942,2017-06-30,30.58,965100000,4600400000.0,623300000,116700000,37400000,408600000,408600000,None,12300000,None,491600000,None,None,1016800000,None,551500000,79300000,None,None,None,0.274,,447700000,175600000,95200000,457900000,None,619600000,None,,,,,4.893,4.939,8.67,,,,,,,,0.233,,627900000,2025-10-30,quarterly,0.67,USD,pre-market,99000000,4331900000,0.0772,0.135,0.147,10.02,348700000,1016800000,1016800000,623600000,77.69,83.33,12.7566,5138500000,2283400000,562500000,2198900000,2855100000,1636400000,997900000,2939600000,38.09,-2746200000,87.89,65.94
2025-12-28,EW,2.28,5883800000.0,38.09,None,0.967,17.57,,None,819300000,819300000,,,,,,,,,243200000,649200000,None,374600000,374600000,93000000,None,847900000,510200000,None,None,56200000,,,,,-0.903,0.0758,129000000,185200000,0.5942,2017-03-31,30.58,945200000,4600400000.0,623300000,116700000,37400000,402100000,402100000,None,12300000,None,431400000,None,None,847900000,None,519000000,79300000,None,None,None,0.274,,447700000,175600000,105600000,491800000,None,605000000,None,,,,,4.893,4.939,8.67,,,,,,,,0.233,,588800000,2025-10-30,quarterly,0.67,USD,pre-market,99000000,4145800000,0.0772,0.135,0.147,10.02,348700000,847900000,847900000,98900000,77.69,83.33,12.7566,4780400000,2018400000,584800000,2037700000,2762000000,1452900000,997900000,2742700000,38.09,-2672400000,87.89,65.94
2025-12-28,EW,2.28,5883800000.0,38.09,None,0.967,17.57,,None,930100000,930100000,,,,,,,,,242600000,653700000,None,374600000,374600000,97100000,None,822300000,414600000,None,None,56200000,,,,,-0.903,0.0758,129000000,185200000,0.5942,2016-12-31,30.58,626100000,4600400000.0,623300000,116700000,37400000,204800000,204800000,None,12300000,None,396600000,None,None,822300000,None,532100000,79300000,None,None,None,0.274,,447700000,175600000,111800000,3300000,None,536200000,None,,,,,4.893,4.939,8.67,,,,,,,,0.233,,580000000,2025-10-30,quarterly,0.67,USD,pre-market,99000000,3906300000,0.0772,0.135,0.147,10.02,348700000,1050600000,228300000,341000000,77.69,83.33,12.7566,4510000000,2240000000,532500000,1891000000,2270000000,1358500000,997900000,2619000000,38.09,-2499300000,87.89,65.94
2025-12-28,EW,2.28,5883800000.0,38.09,None,0.967,17.57,,None,645000000,645000000,,,,,,,,,242000000,654300000,None,374600000,374600000,87000000,None,None,454200000,None,None,56200000,,,,,-0.903,0.0758,129000000,185200000,0.5942,2016-09-30,30.58,630000000,4600400000.0,623300000,116700000,37400000,207000000,207000000,None,12300000,None,401000000,None,None,600600000,None,472800000,79300000,None,None,None,0.274,,447700000,175600000,115900000,403200000,None,513800000,None,,,,,4.893,4.939,8.67,,,,,,,,0.233,,543700000,2025-10-30,quarterly,0.67,USD,pre-market,99000000,3747800000,0.0772,0.135,0.147,10.02,348700000,600600000,None,555300000,77.69,83.33,12.7566,4339000000,2171400000,532800000,1647200000,2167600000,1114400000,997900000,2691800000,38.09,-2217900000,87.89,65.94
2025-12-28,EW,2.28,5883800000.0,38.09,None,0.967,17.57,,None,369900000,369900000,,,,,,,,,241000000,651900000,None,374600000,374600000,83400000,None,None,425800000,None,None,56200000,,,,,-0.903,0.0758,129000000,185200000,0.5942,2016-06-30,30.58,629400000,4600400000.0,623300000,116700000,37400000,208700000,208700000,None,12300000,None,367600000,None,None,602500000,None,397000000,79300000,None,None,None,0.274,,447700000,175600000,131500000,350800000,None,499500000,None,,,,,4.893,4.939,8.67,,,,,,,,0.233,,516200000,2025-10-30,quarterly,0.67,USD,pre-market,99000000,3606400000,0.0772,0.135,0.147,10.02,348700000,602500000,None,690300000,77.69,83.33,12.7566,4051400000,1985100000,478200000,1580200000,2066300000,1102000000,997900000,2471200000,38.09,-2217700000,87.89,65.94
2025-12-28,EW,2.28,5883800000.0,38.09,None,0.967,17.57,,None,501400000,501400000,,,,,,,,,239800000,653400000,None,374600000,374600000,78600000,None,None,388500000,None,None,56200000,,,,,-0.903,0.0758,129000000,185200000,0.5942,2016-03-31,30.58,630900000,4600400000.0,623300000,116700000,37400000,203700000,203700000,None,12300000,None,356600000,None,None,602200000,None,375000000,79300000,None,None,None,0.274,,447700000,175600000,122400000,337400000,None,494000000,None,,,,,4.893,4.939,8.67,,,,,,,,0.233,,497300000,2025-10-30,quarterly,0.67,USD,pre-market,99000000,3479800000,0.0772,0.135,0.147,10.02,348700000,602200000,None,450400000,77.69,83.33,12.7566,3853800000,1819300000,458300000,1554500000,2034500000,1096200000,997900000,2299300000,38.09,-2181100000,87.89,65.94
2025-12-28,EW,2.28,5883800000.0,38.09,None,0.967,17.57,,None,718400000,718400000,,,,,,,,,239100000,661800000,None,374600000,374600000,63900000,None,596900000,344100000,None,None,56200000,,,,,-0.903,0.0758,129000000,185200000,0.5942,2015-12-31,30.58,628300000,4600400000.0,623300000,116700000,37400000,205400000,205400000,None,12300000,None,339900000,None,None,599900000,None,381500000,79300000,None,None,None,0.274,,447700000,175600000,94100000,4200000,None,480100000,None,,,,,4.893,4.939,8.67,,,,,,,,0.233,,482500000,2025-10-30,quarterly,0.67,USD,pre-market,99000000,3336800000,0.0772,0.135,0.147,10.02,348700000,827500000,227600000,506300000,77.69,83.33,12.7566,4059300000,2047900000,476200000,1556200000,2011400000,1080000000,997900000,2503100000,38.09,-1837000000,87.89,65.94
2025-12-28,EW,2.28,5883800000.0,38.09,None,0.967,17.57,,None,646100000,646100000,,,,,,,,,130200000,660000000,None,374600000,374600000,71500000,None,None,338400000,None,None,56200000,,,,,-0.903,0.0758,129000000,185200000,0.5942,2015-09-30,30.58,621200000,4600400000.0,623300000,116700000,37400000,207300000,207300000,None,12300000,None,333500000,None,None,604900000,None,371500000,79300000,None,None,None,0.274,,447700000,175600000,223100000,417700000,None,317800000,None,,,,,4.893,4.939,8.67,,,,,,,,0.233,,454800000,2025-10-30,quarterly,0.67,USD,pre-market,99000000,3196100000,0.0772,0.135,0.147,10.02,348700000,604900000,None,604400000,77.69,83.33,12.7566,3876600000,2145500000,532500000,1455200000,1731100000,922700000,997900000,2421400000,38.09,-1737000000,87.89,65.94
2025-12-28,EW,2.28,5883800000.0,38.09,None,0.967,17.57,,None,597600000,597600000,,,,,,,,,129900000,660000000,None,374600000,374600000,66200000,None,None,351000000,None,None,56200000,,,,,-0.903,0.0758,129000000,185200000,0.5942,2015-06-30,30.58,370900000,4600400000.0,623300000,116700000,37400000,18900000,18900000,None,12300000,None,313300000,None,None,600300000,None,331200000,79300000,None,None,None,0.274,,447700000,175600000,223700000,338000000,None,274200000,None,,,,,4.893,4.939,8.67,,,,,,,,0.233,,450600000,2025-10-30,quarterly,0.67,USD,pre-market,99000000,3078000000,0.0772,0.135,0.147,10.02,348700000,600300000,None,811400000,77.69,83.33,12.7566,3608300000,2297000000,445200000,1319700000,1311300000,874500000,997900000,2288600000,38.09,-1736800000,87.89,65.94
2025-12-28,EW,2.28,5883800000.0,38.09,None,0.967,17.57,,None,457000000,457000000,,,,,,,,,129400000,661800000,None,374600000,374600000,68600000,None,None,345300000,None,None,56200000,,,,,-0.903,0.0758,129000000,185200000,0.5942,2015-03-31,30.58,368400000,4600400000.0,623300000,116700000,37400000,20500000,20500000,None,12300000,None,298500000,None,None,602700000,None,261300000,79300000,None,None,None,0.274,,447700000,175600000,240200000,290300000,None,266500000,None,,,,,4.893,4.939,8.67,,,,,,,,0.233,,445100000,2025-10-30,quarterly,0.67,USD,pre-market,99000000,2965300000,0.0772,0.135,0.147,10.02,348700000,602700000,None,913800000,77.69,83.33,12.7566,3488400000,2254800000,405300000,1274500000,1233600000,869200000,997900000,2213900000,38.09,-1657900000,87.89,65.94
2025-12-28,EW,2.28,5883800000.0,38.09,None,0.967,17.57,,None,653800000,653800000,,,,,,,,,128900000,658200000,None,374600000,374600000,58200000,None,598100000,325000000,None,None,56200000,,,,,-0.903,0.0758,129000000,185200000,0.5942,2014-12-31,30.58,376000000,4600400000.0,623300000,116700000,37400000,23400000,23400000,None,12300000,None,296800000,None,None,598100000,None,246700000,79300000,None,None,None,0.274,,447700000,175600000,121700000,376200000,None,300400000,None,,,,,4.893,4.939,8.67,,,,,,,,0.233,,442900000,2025-10-30,quarterly,0.67,USD,pre-market,99000000,2841900000,0.0772,0.135,0.147,10.02,348700000,598100000,598100000,785000000,77.69,83.33,12.7566,3524300000,2294600000,434400000,1332900000,1229700000,898500000,997900000,2191400000,38.09,-1556900000,87.89,65.94
2025-12-28,EW,2.28,5883800000.0,38.09,None,0.967,17.57,,None,404100000,404100000,,,,,,,,,128000000,650400000,None,374600000,374600000,59900000,None,None,322900000,None,None,56200000,,,,,-0.903,0.0758,129000000,185200000,0.5942,2014-09-30,30.58,379000000,4600400000.0,623300000,116700000,37400000,25800000,25800000,None,12300000,None,303600000,None,None,596400000,None,100100000,79300000,None,None,None,0.274,,447700000,175600000,89600000,2200000,None,282400000,None,,,,,4.893,4.939,8.67,,,,,,,,0.233,,429300000,2025-10-30,quarterly,0.67,USD,pre-market,99000000,2732700000,0.0772,0.135,0.147,10.02,348700000,610000000,13600000,1111000000,77.69,83.33,12.7566,3350000000,2309200000,427800000,1306600000,1040800000,878800000,997900000,2043400000,38.09,-1556700000,87.89,65.94
2025-12-28,EW,2.28,5883800000.0,38.09,None,0.967,17.57,,None,498600000,498600000,,,,,,,,,127100000,644400000,None,374600000,374600000,533400000,None,None,327500000,None,None,56200000,,,,,-0.903,0.0758,129000000,185200000,0.5942,2014-06-30,30.58,384300000,4600400000.0,623300000,116700000,37400000,29500000,29500000,None,12300000,None,317100000,None,None,598000000,None,106600000,79300000,None,None,None,0.274,,447700000,175600000,149400000,540500000,None,273200000,None,,,,,4.893,4.939,8.67,,,,,,,,0.233,,422500000,2025-10-30,quarterly,0.67,USD,pre-market,99000000,2638100000,0.0772,0.135,0.147,10.02,348700000,598000000,None,985500000,77.69,83.33,12.7566,3326600000,2278100000,540500000,1411700000,1048500000,871200000,997900000,1914900000,38.09,-1556600000,87.89,65.94
2025-12-28,EW,2.28,5883800000.0,38.09,None,0.967,17.57,,None,295700000,295700000,,,,,,,,,126400000,651000000,None,374600000,374600000,345900000,None,None,305100000,None,None,56200000,,,,,-0.903,0.0758,129000000,185200000,0.5942,2014-03-31,30.58,385400000,4600400000.0,623300000,116700000,37400000,31600000,31600000,None,12300000,None,308000000,None,None,725400000,None,101100000,79300000,None,None,None,0.274,,447700000,175600000,158600000,356200000,None,229300000,None,,,,,4.893,4.939,8.67,,,,,,,,0.233,,418700000,2025-10-30,quarterly,0.67,USD,pre-market,99000000,2091100000,0.0772,0.135,0.147,10.02,348700000,725400000,None,535900000,77.69,83.33,12.7566,2651700000,1603300000,356200000,1310900000,1048400000,954700000,997900000,1340800000,38.09,-1556000000,87.89,65.94
2025-12-28,EW,2.28,5883800000.0,38.09,None,0.967,17.57,,None,420400000,420400000,,,,,,,,,126000000,666000000,None,374600000,374600000,48400000,None,None,328000000,None,None,56200000,,,,,-0.903,0.0758,129000000,185200000,0.5942,2013-12-31,30.58,385400000,4600400000.0,623300000,116700000,37400000,33500000,33500000,None,12300000,None,308900000,None,None,593100000,None,29200000,79300000,None,None,None,0.274,,447700000,175600000,152000000,258500000,None,226800000,None,,,,,4.893,4.939,8.67,,,,,,,,0.233,,421600000,2025-10-30,quarterly,0.67,USD,pre-market,99000000,2045600000,0.0772,0.135,0.147,10.02,348700000,593100000,None,516500000,77.69,83.33,12.7566,2724700000,1725800000,345600000,1165500000,998900000,819900000,997900000,1559200000,38.09,-1256000000,87.89,65.94
2025-12-28,EW,2.28,5883800000.0,38.09,None,0.967,17.57,,None,471000000,471000000,,,,,,,,,125700000,677400000,None,374600000,374600000,324300000,None,None,327800000,None,None,56200000,,,,,-0.903,0.0758,129000000,185200000,0.5942,2013-09-30,30.58,383800000,4600400000.0,623300000,116700000,37400000,63100000,63100000,None,12300000,None,313900000,None,None,532100000,None,31800000,79300000,None,None,None,0.274,,447700000,175600000,171100000,335100000,None,226000000,None,,,,,4.893,4.939,8.67,,,,,,,,0.233,,409000000,2025-10-30,quarterly,0.67,USD,pre-market,99000000,1969800000,0.0772,0.135,0.147,10.02,348700000,532100000,None,286600000,77.69,83.33,12.7566,2530600000,1570400000,335100000,1093200000,960200000,758100000,997900000,1437400000,38.09,-1233200000,87.89,65.94
2025-12-28,EW,2.28,5883800000.0,38.09,None,0.967,17.57,,None,372700000,372700000,,,,,,,,,125400000,688200000,None,374600000,374600000,308700000,None,None,341800000,None,None,56200000,,,,,-0.903,0.0758,129000000,185200000,0.5942,2013-06-30,30.58,381500000,4600400000.0,623300000,116700000,37400000,64600000,64600000,None,12300000,None,299500000,None,None,227300000,None,34900000,79300000,None,None,None,0.274,,447700000,175600000,174300000,314200000,None,218400000,None,,,,,4.893,4.939,8.67,,,,,,,,0.233,,399200000,2025-10-30,quarterly,0.67,USD,pre-market,99000000,1892900000,0.0772,0.135,0.147,10.02,348700000,227300000,None,202300000,77.69,83.33,12.7566,2339700000,1390600000,314200000,759900000,949100000,445700000,997900000,1579800000,38.09,-1005600000,87.89,65.94
2025-12-28,EW,2.28,5883800000.0,38.09,None,0.967,17.57,,None,401500000,401500000,,,,,,,,,124700000,699000000,None,374600000,374600000,296200000,None,None,329700000,None,None,56200000,,,,,-0.903,0.0758,129000000,185200000,0.5942,2013-03-31,30.58,380200000,4600400000.0,623300000,116700000,37400000,65500000,65500000,None,12300000,None,288500000,None,None,192700000,None,33300000,79300000,None,None,None,0.274,,447700000,175600000,184600000,300400000,None,211500000,None,,,,,4.893,4.939,8.67,,,,,,,,0.233,,385400000,2025-10-30,quarterly,0.67,USD,pre-market,99000000,1798800000,0.0772,0.135,0.147,10.02,348700000,192700000,None,156400000,77.69,83.33,12.7566,2296600000,1360700000,300400000,704600000,935900000,404200000,997900000,1592000000,38.09,-866700000,87.89,65.94
2025-12-28,EW,2.28,5883800000.0,38.09,None,0.967,17.57,,None,310900000,310900000,,,,,,,,,124200000,706800000,None,374600000,374600000,74700000,None,None,347500000,None,None,56200000,,,,,-0.903,0.0758,129000000,185200000,0.5942,2012-12-31,30.58,384700000,4600400000.0,623300000,116700000,37400000,67000000,67000000,None,12300000,None,281000000,None,None,189300000,None,31000000,79300000,None,None,None,0.274,,447700000,175600000,142000000,232200000,None,205500000,None,,,,,4.893,4.939,8.67,,,,,,,,0.233,,373300000,2025-10-30,quarterly,0.67,USD,pre-market,99000000,1653900000,0.0772,0.135,0.147,10.02,348700000,189300000,None,210500000,77.69,83.33,12.7566,2221500000,1291900000,347400000,742200000,929600000,394800000,997900000,1479300000,38.09,-749900000,87.89,65.94
2025-12-28,EW,2.28,5883800000.0,38.09,None,0.967,17.57,,None,305800000,305800000,,,,,,,,,123900000,714000000,None,374600000,374600000,298600000,None,None,325400000,None,None,56200000,,,,,-0.903,0.0758,129000000,185200000,0.5942,2012-09-30,30.58,349800000,4600400000.0,623300000,116700000,37400000,59600000,59600000,None,12300000,None,286000000,None,None,175400000,None,33100000,79300000,None,None,None,0.274,,447700000,175600000,153800000,298600000,None,185500000,None,,,,,4.893,4.939,8.67,,,,,,,,0.233,,328700000,2025-10-30,quarterly,0.67,USD,pre-market,99000000,1562800000,0.0772,0.135,0.147,10.02,348700000,175400000,None,316700000,77.69,83.33,12.7566,2195800000,1387700000,298600000,659500000,808100000,360900000,997900000,1536300000,38.09,-572100000,87.89,65.94
2025-12-28,EW,2.28,5883800000.0,38.09,None,0.967,17.57,,None,304300000,304300000,,,,,,,,,123000000,710400000,None,374600000,374600000,284300000,None,None,336400000,None,None,56200000,,,,,-0.903,0.0758,129000000,185200000,0.5942,2012-06-30,30.58,349800000,4600400000.0,623300000,116700000,37400000,61700000,61700000,None,12300000,None,265400000,None,None,185100000,None,33000000,79300000,None,None,None,0.274,,447700000,175600000,171000000,284300000,None,171100000,None,,,,,4.893,4.939,8.67,,,,,,,,0.233,,315800000,2025-10-30,quarterly,0.67,USD,pre-market,99000000,1493600000,0.0772,0.135,0.147,10.02,348700000,185100000,None,201700000,77.69,83.33,12.7566,2075100000,1278800000,284300000,640500000,796300000,356200000,997900000,1434600000,38.09,-549000000,87.89,65.94
2025-12-28,EW,2.28,5883800000.0,38.09,None,0.967,17.57,,None,213300000,213300000,,,,,,,,,121100000,708000000,None,374600000,374600000,265200000,None,None,346700000,None,None,56200000,,,,,-0.903,0.0758,129000000,185200000,0.5942,2012-03-31,30.58,349800000,4600400000.0,623300000,116700000,37400000,65100000,65100000,None,12300000,None,268300000,None,None,179400000,None,43300000,79300000,None,None,None,0.274,,447700000,175600000,163500000,265200000,None,169300000,None,,,,,4.893,4.939,8.67,,,,,,,,0.233,,308200000,2025-10-30,quarterly,0.67,USD,pre-market,99000000,1425800000,0.0772,0.135,0.147,10.02,348700000,179400000,None,196200000,77.69,83.33,12.7566,2004200000,1188000000,265200000,613900000,816200000,348700000,997900000,1390300000,38.09,-495300000,87.89,65.94
2025-12-28,EW,2.28,5883800000.0,38.09,None,0.967,17.57,,None,171200000,171200000,,,,,,,,,120000000,708600000,None,374600000,374600000,85000000,None,None,320700000,None,None,56200000,,,,,-0.903,0.0758,129000000,185200000,0.5942,2011-12-31,30.58,349800000,4600400000.0,623300000,116700000,37400000,66900000,66900000,None,12300000,None,261300000,None,None,150400000,None,46400000,79300000,None,None,None,0.274,,447700000,175600000,136000000,212700000,None,157000000,None,,,,,4.893,4.939,8.67,,,,,,,,0.233,,304300000,2025-10-30,quarterly,0.67,USD,pre-market,99000000,1360700000,0.0772,0.135,0.147,10.02,348700000,150400000,None,279300000,77.69,83.33,12.7566,1980500000,1168500000,335200000,642600000,812000000,307400000,997900000,1337900000,38.09,-405800000,87.89,65.94
2025-12-28,EW,2.28,5883800000.0,38.09,None,0.967,17.57,,None,451100000,451100000,,,,,,,,,119500000,714000000,None,374600000,374600000,302000000,None,None,346800000,None,None,56200000,,,,,-0.903,0.0758,129000000,185200000,0.5942,2011-09-30,30.58,349800000,4600400000.0,623300000,116700000,37400000,70200000,70200000,None,12300000,None,247900000,None,None,175000000,None,21400000,79300000,None,None,None,0.274,,447700000,175600000,136100000,302000000,None,151300000,None,,,,,4.893,4.939,8.67,,,,,,,,0.233,,286400000,2025-10-30,quarterly,0.67,USD,pre-market,99000000,1297600000,0.0772,0.135,0.147,10.02,348700000,175000000,None,0,77.69,83.33,12.7566,1982900000,1181900000,302000000,628300000,801000000,326300000,997900000,1354600000,38.09,-365800000,87.89,65.94
2025-12-28,EW,2.28,5883800000.0,38.09,None,0.967,17.57,,None,468200000,468200000,,,,,,,,,118800000,720000000,None,374600000,374600000,313300000,None,None,364100000,None,None,56200000,,,,,-0.903,0.0758,129000000,185200000,0.5942,2011-06-30,30.58,349900000,4600400000.0,623300000,116700000,37400000,72900000,72900000,None,12300000,None,229400000,None,None,174800000,None,24800000,79300000,None,None,None,0.274,,447700000,175600000,155100000,313300000,None,129100000,None,,,,,4.893,4.939,8.67,,,,,,,,0.233,,281000000,2025-10-30,quarterly,0.67,USD,pre-market,99000000,1246000000,0.0772,0.135,0.147,10.02,348700000,174800000,None,0,77.69,83.33,12.7566,2002400000,1216800000,313300000,617200000,785600000,303900000,997900000,1385200000,38.09,-261500000,87.89,65.94
2025-12-28,EW,2.28,5883800000.0,38.09,None,0.967,17.57,,None,433800000,433800000,,,,,,,,,117700000,723000000,None,374600000,374600000,295700000,None,None,354200000,None,None,56200000,,,,,-0.903,0.0758,129000000,185200000,0.5942,2011-03-31,30.58,349900000,4600400000.0,623300000,116700000,37400000,76300000,76300000,None,12300000,None,217700000,None,None,0,None,27300000,79300000,None,None,None,0.274,,447700000,175600000,144600000,295700000,None,128100000,None,,,,,4.893,4.939,8.67,,,,,,,,0.233,,274300000,2025-10-30,quarterly,0.67,USD,pre-market,99000000,1187900000,0.0772,0.135,0.147,10.02,348700000,149500000,149500000,0,77.69,83.33,12.7566,1931100000,1150300000,445200000,573300000,780800000,128100000,997900000,1357800000,38.09,-178300000,87.89,65.94
2025-12-28,EW,2.28,5883800000.0,38.09,None,0.967,17.57,,None,396100000,396100000,,,,,,,,,117000000,681600000,None,374600000,374600000,47600000,None,None,302500000,None,None,56200000,,,,,-0.903,0.0758,129000000,185200000,0.5942,2010-12-31,30.58,315200000,4600400000.0,623300000,116700000,37400000,67100000,67100000,None,12300000,None,203600000,None,None,0,None,25000000,79300000,None,None,None,0.274,,447700000,175600000,130400000,226100000,None,121200000,None,,,,,4.893,4.939,8.67,,,,,,,,0.233,,269800000,2025-10-30,quarterly,0.67,USD,pre-market,99000000,1124000000,0.0772,0.135,0.147,10.02,348700000,41800000,41800000,0,77.69,83.33,12.7566,1767200000,1032600000,337800000,459000000,734600000,121200000,997900000,1308200000,38.09,-102000000,87.89,65.94
2025-12-28,EW,2.28,5883800000.0,38.09,None,0.967,17.57,,None,361000000,361000000,,,,,,,,,116100000,713400000,None,374600000,374600000,281600000,None,None,303400000,None,None,56200000,,,,,-0.903,0.0758,129000000,185200000,0.5942,2010-09-30,30.58,315200000,4600400000.0,623300000,116700000,37400000,71700000,71700000,None,12300000,None,212200000,None,None,0,None,22300000,79300000,None,None,None,0.274,,447700000,175600000,115800000,281600000,None,109700000,None,,,,,4.893,4.939,8.67,,,,,,,,0.233,,260300000,2025-10-30,quarterly,0.67,USD,pre-market,99000000,1059200000,0.0772,0.135,0.147,10.02,348700000,100600000,100600000,0,77.69,83.33,12.7566,1725400000,992400000,281600000,491900000,733000000,210300000,997900000,1233500000,38.09,-102000000,87.89,65.94
2025-12-28,EW,2.28,5883800000.0,38.09,None,0.967,17.57,,None,320300000,320300000,,,,,,,,,115100000,712800000,None,374600000,374600000,247700000,None,None,294000000,None,None,56200000,,,,,-0.903,0.0758,129000000,185200000,0.5942,2010-06-30,30.58,315200000,4600400000.0,623300000,116700000,37400000,74300000,74300000,None,12300000,None,182300000,None,None,177500000,None,21900000,79300000,None,None,None,0.274,,447700000,175600000,122300000,247700000,None,98900000,None,,,,,4.893,4.939,8.67,,,,,,,,0.233,,249800000,2025-10-30,quarterly,0.67,USD,pre-market,99000000,1011200000,0.0772,0.135,0.147,10.02,348700000,177500000,None,0,77.69,83.33,12.7566,1641900000,918900000,247700000,524100000,723000000,276400000,997900000,1117800000,38.09,-101300000,87.89,65.94
2025-12-28,EW,2.28,5883800000.0,38.09,None,0.967,17.57,,None,321200000,321200000,,,,,,,,,77200000,714000000,None,374600000,374600000,242200000,None,None,278600000,None,None,56200000,,,,,-0.903,0.0758,129000000,185200000,0.5942,2010-03-31,30.58,315200000,4600400000.0,623300000,116700000,37400000,83600000,83600000,None,12300000,None,174600000,None,None,129300000,None,None,79300000,None,None,None,0.274,,447700000,175600000,98300000,242200000,None,None,None,,,,,4.893,4.939,8.67,,,,,,,,0.233,,247200000,2025-10-30,quarterly,0.67,USD,pre-market,99000000,953700000,0.0772,0.135,0.147,10.02,348700000,129300000,None,None,77.69,83.33,12.7566,1604400000,872700000,242200000,452900000,731700000,210700000,997900000,1151500000,38.09,-970300000,87.89,65.94
2025-12-28,EW,2.28,5883800000.0,38.09,None,0.967,17.57,,None,334100000,334100000,,,,,,,,,76100000,676800000,None,374600000,374600000,51100000,None,None,272100000,None,None,56200000,,,,,-0.903,0.0758,129000000,185200000,0.5942,2009-12-31,30.58,315200000,4600400000.0,623300000,116700000,37400000,86700000,86700000,None,12300000,None,165900000,None,None,90300000,None,None,79300000,None,None,None,0.274,,447700000,175600000,117100000,203500000,None,None,None,,,,,4.893,4.939,8.67,,,,,,,,0.233,,252000000,2025-10-30,quarterly,0.67,USD,pre-market,99000000,906000000,0.0772,0.135,0.147,10.02,348700000,90300000,None,None,77.69,83.33,12.7566,1615500000,889200000,290500000,457600000,726300000,167100000,997900000,1157900000,38.09,-872300000,87.89,65.94
2025-12-28,EW,2.28,5883800000.0,38.09,None,0.967,17.57,,None,287600000,287600000,,,,,,,,,75400000,704400000,None,374600000,374600000,296300000,None,None,280500000,None,None,56200000,,,,,-0.903,0.0758,129000000,185200000,0.5942,2009-09-30,30.58,315200000,4600400000.0,623300000,116700000,37400000,91000000,91000000,None,12300000,None,168700000,None,None,102300000,None,None,79300000,None,None,None,0.274,,447700000,175600000,138500000,296300000,None,None,None,,,,,4.893,4.939,8.67,,,,,,,,0.233,,240700000,2025-10-30,quarterly,0.67,USD,pre-market,99000000,858400000,0.0772,0.135,0.147,10.02,348700000,102300000,None,1900000,77.69,83.33,12.7566,1588000000,863000000,282100000,497500000,725000000,215400000,997900000,1090500000,38.09,-856400000,87.89,65.94
2025-12-28,EW,2.28,5883800000.0,38.09,None,0.967,17.57,,None,183100000,183100000,,,,,,,,,75100000,702000000,None,374600000,374600000,245100000,None,None,274500000,None,None,56200000,,,,,-0.903,0.0758,129000000,185200000,0.5942,2009-06-30,30.58,315700000,4600400000.0,623300000,116700000,37400000,91300000,91300000,None,12300000,None,160900000,None,None,113900000,None,None,79300000,None,None,None,0.274,,447700000,175600000,121900000,245100000,None,None,None,,,,,4.893,4.939,8.67,,,,,,,,0.233,,239100000,2025-10-30,quarterly,0.67,USD,pre-market,99000000,784900000,0.0772,0.135,0.147,10.02,348700000,113900000,None,5200000,77.69,83.33,12.7566,1465100000,745600000,245100000,462000000,719500000,216900000,997900000,1003100000,38.09,-831300000,87.89,65.94
2025-12-28,EW,2.28,5883800000.0,38.09,None,0.967,17.57,,None,146700000,146700000,,,,,,,,,74300000,702000000,None,374600000,374600000,200200000,None,None,255800000,None,None,56200000,,,,,-0.903,0.0758,129000000,185200000,0.5942,2009-03-31,30.58,315700000,4600400000.0,623300000,116700000,37400000,92600000,92600000,None,12300000,None,146100000,None,None,123000000,None,None,79300000,None,None,None,0.274,,447700000,175600000,96700000,200200000,None,None,None,,,,,4.893,4.939,8.67,,,,,,,,0.233,,229800000,2025-10-30,quarterly,0.67,USD,pre-market,99000000,737400000,0.0772,0.135,0.147,10.02,348700000,123000000,None,3700000,77.69,83.33,12.7566,1358900000,649000000,200200000,415600000,709900000,215400000,997900000,943300000,38.09,-803600000,87.89,65.94
2025-12-28,EW,2.28,5883800000.0,38.09,None,0.967,17.57,,None,218700000,218700000,,,,,,,,,73700000,672000000,None,374600000,374600000,65600000,None,None,204700000,None,None,56200000,,,,,-0.903,0.0758,129000000,185200000,0.5942,2008-12-31,30.58,315700000,4600400000.0,623300000,116700000,37400000,96900000,96900000,None,12300000,None,151800000,None,None,175500000,None,None,79300000,None,None,None,0.274,,447700000,175600000,108600000,186700000,None,None,None,,,,,4.893,4.939,8.67,,,,,,,,0.233,,230100000,2025-10-30,quarterly,0.67,USD,pre-market,99000000,676900000,0.0772,0.135,0.147,10.02,348700000,175500000,None,8100000,77.69,83.33,12.7566,1400200000,691900000,258500000,521400000,708300000,262900000,997900000,878800000,38.09,-776800000,87.89,65.94
2025-12-28,EW,2.28,5883800000.0,38.09,None,0.967,17.57,,None,202400000,202400000,,,,,,,,,73300000,708000000,None,374600000,374600000,229900000,None,None,213600000,None,None,56200000,,,,,-0.903,0.0758,129000000,185200000,0.5942,2008-09-30,30.58,315700000,4600400000.0,623300000,116700000,37400000,107900000,107900000,None,12300000,None,143800000,None,None,202800000,None,None,79300000,None,None,None,0.274,,447700000,175600000,104400000,None,None,None,None,,,,,4.893,4.939,8.67,,,,,,,,0.233,,224000000,2025-10-30,quarterly,0.67,USD,pre-market,99000000,639400000,0.0772,0.135,0.147,10.02,348700000,202800000,None,12100000,77.69,83.33,12.7566,1381200000,676300000,229900000,506700000,704900000,276800000,997900000,874500000,38.09,-755800000,87.89,65.94
2025-12-28,EW,2.28,5883800000.0,38.09,None,0.967,17.57,,None,188200000,188200000,,,,,,,,,72700000,722400000,None,374600000,374600000,226600000,None,None,173300000,None,None,56200000,,,,,-0.903,0.0758,129000000,185200000,0.5942,2008-06-30,30.58,315700000,4600400000.0,623300000,116700000,37400000,109600000,109600000,None,12300000,None,136800000,None,None,141700000,None,None,79300000,None,None,None,0.274,,447700000,175600000,116900000,None,None,None,None,,,,,4.893,4.939,8.67,,,,,,,,0.233,,224600000,2025-10-30,quarterly,0.67,USD,pre-market,99000000,606500000,0.0772,0.135,0.147,10.02,348700000,141700000,None,19900000,77.69,83.33,12.7566,1348300000,635100000,226600000,451000000,713200000,224400000,997900000,897300000,38.09,-685100000,87.89,65.94
2025-12-28,EW,2.28,5883800000.0,38.09,None,0.967,17.57,,None,162900000,162900000,,,,,,,,,68900000,702000000,None,374600000,374600000,241600000,None,None,155300000,None,None,56200000,,,,,-0.903,0.0758,129000000,185200000,0.5942,2008-03-31,30.58,315700000,4600400000.0,623300000,116700000,37400000,111900000,111900000,None,12300000,None,139500000,None,None,62900000,None,None,79300000,None,None,None,0.274,,447700000,175600000,107200000,241600000,None,None,None,,,,,4.893,4.939,8.67,,,,,,,,0.233,,223600000,2025-10-30,quarterly,0.67,USD,pre-market,99000000,566800000,0.0772,0.135,0.147,10.02,348700000,212900000,150000000,26700000,77.69,83.33,12.7566,1310300000,591600000,391600000,532700000,718700000,141100000,997900000,777600000,38.09,-570300000,87.89,65.94
2025-12-28,EW,2.28,5883800000.0,38.09,None,0.967,17.57,,None,141800000,141800000,,,,,,,,,68600000,685200000,None,374600000,374600000,63900000,None,None,145300000,None,None,56200000,,,,,-0.903,0.0758,129000000,185200000,0.5942,2007-12-31,30.58,350300000,4600400000.0,623300000,116700000,37400000,122500000,122500000,None,12300000,None,152600000,None,None,61700000,None,None,79300000,None,None,None,0.274,,447700000,175600000,92600000,161500000,None,None,None,,,,,4.893,4.939,8.67,,,,,,,,0.233,,228200000,2025-10-30,quarterly,0.67,USD,pre-market,99000000,548600000,0.0772,0.135,0.147,10.02,348700000,211700000,150000000,49400000,77.69,83.33,12.7566,1345100000,581700000,375400000,510100000,763400000,134700000,997900000,835000000,38.09,-470300000,87.89,65.94
2025-12-28,EW,2.28,5883800000.0,38.09,None,0.967,17.57,,None,175700000,175700000,,,,,,,,,68400000,748800000,None,374600000,374600000,198800000,None,None,136700000,None,None,56200000,,,,,-0.903,0.0758,129000000,185200000,0.5942,2007-09-30,30.58,337700000,4600400000.0,623300000,116700000,37400000,107000000,107000000,None,12300000,None,158300000,None,None,61200000,None,None,79300000,None,None,None,0.274,,447700000,175600000,94100000,198800000,None,None,None,,,,,4.893,4.939,8.67,,,,,,,,0.233,,228000000,2025-10-30,quarterly,0.67,USD,pre-market,99000000,532800000,0.0772,0.135,0.147,10.02,348700000,211200000,150000000,None,77.69,83.33,12.7566,1299700000,564800000,348800000,475900000,734900000,127100000,997900000,823800000,38.09,-446600000,87.89,65.94
2025-12-28,EW,2.28,5883800000.0,38.09,None,0.967,17.57,,None,164900000,164900000,,,,,,,,,67900000,756000000,None,374600000,374600000,173600000,None,None,137400000,None,None,56200000,,,,,-0.903,0.0758,129000000,185200000,0.5942,2007-06-30,30.58,337700000,4600400000.0,623300000,116700000,37400000,107500000,107500000,None,12300000,None,143500000,None,None,57600000,None,None,79300000,None,None,None,0.274,,447700000,175600000,95400000,173600000,None,None,None,,,,,4.893,4.939,8.67,,,,,,,,0.233,,220200000,2025-10-30,quarterly,0.67,USD,pre-market,99000000,503700000,0.0772,0.135,0.147,10.02,348700000,207600000,150000000,None,77.69,83.33,12.7566,1251800000,541200000,323600000,444300000,710600000,120700000,997900000,807500000,38.09,-399200000,87.89,65.94
2025-12-28,EW,2.28,5883800000.0,38.09,None,0.967,17.57,,None,180200000,180200000,,,,,,,,,67600000,762000000,None,374600000,374600000,179400000,None,None,129300000,None,None,56200000,,,,,-0.903,0.0758,129000000,185200000,0.5942,2007-03-31,30.58,337700000,4600400000.0,623300000,116700000,37400000,108900000,108900000,None,12300000,None,141500000,None,None,224500000,None,None,79300000,None,None,None,0.274,,447700000,175600000,91100000,None,None,None,None,,,,,4.893,4.939,8.67,,,,,,,,0.233,,216700000,2025-10-30,quarterly,0.67,USD,pre-market,99000000,468800000,0.0772,0.135,0.147,10.02,348700000,224500000,None,None,77.69,83.33,12.7566,1249200000,542100000,179400000,464200000,707100000,284800000,997900000,785000000,38.09,-364200000,87.89,65.94
2025-12-28,EW,2.28,5883800000.0,38.09,None,0.967,17.57,,None,182800000,182800000,,,,,,,,,67000000,698400000,None,374600000,374600000,57200000,None,None,127100000,None,None,56200000,,,,,-0.903,0.0758,129000000,185200000,0.5942,2006-12-31,30.58,337700000,4600400000.0,623300000,116700000,37400000,116100000,116100000,None,12300000,None,142100000,None,None,235900000,None,None,79300000,None,None,None,0.274,,447700000,175600000,79600000,169000000,None,None,None,,,,,4.893,4.939,8.67,,,,,,,,0.233,,213000000,2025-10-30,quarterly,0.67,USD,pre-market,99000000,433900000,0.0772,0.135,0.147,10.02,348700000,235900000,None,None,77.69,83.33,12.7566,1246800000,531600000,226200000,497400000,715200000,271200000,997900000,749400000,38.09,-339400000,87.89,65.94
2025-12-28,EW,2.28,5883800000.0,38.09,None,0.967,17.57,,None,151300000,151300000,,,,,,,,,66700000,763200000,None,374600000,374600000,227500000,None,None,130200000,None,None,56200000,,,,,-0.903,0.0758,129000000,185200000,0.5942,2006-09-30,30.58,337700000,4600400000.0,623300000,116700000,37400000,123200000,123200000,None,12300000,None,148900000,None,None,253000000,None,None,79300000,None,None,None,0.274,,447700000,175600000,94500000,None,None,None,None,,,,,4.893,4.939,8.67,,,,,,,,0.233,,211500000,2025-10-30,quarterly,0.67,USD,pre-market,99000000,413200000,0.0772,0.135,0.147,10.02,348700000,253000000,None,None,77.69,83.33,12.7566,1240300000,524900000,227500000,512400000,715400000,284900000,997900000,727900000,38.09,-320700000,87.89,65.94
2025-12-28,EW,2.28,5883800000.0,38.09,None,0.967,17.57,,None,167100000,167100000,,,,,,,,,66300000,770400000,None,374600000,374600000,226500000,None,None,133700000,None,None,56200000,,,,,-0.903,0.0758,129000000,185200000,0.5942,2006-06-30,30.58,337700000,4600400000.0,623300000,116700000,37400000,127500000,127500000,None,12300000,None,139000000,None,None,279600000,None,None,79300000,None,None,None,0.274,,447700000,175600000,102500000,None,None,None,None,,,,,4.893,4.939,8.67,,,,,,,,0.233,,205700000,2025-10-30,quarterly,0.67,USD,pre-market,99000000,385400000,0.0772,0.135,0.147,10.02,348700000,279600000,None,None,77.69,83.33,12.7566,1259200000,542300000,226500000,536800000,716900000,310300000,997900000,722400000,38.09,-279400000,87.89,65.94
2025-12-28,EW,2.28,5883800000.0,38.09,None,0.967,17.57,,None,189000000,189000000,,,,,,,,,66000000,775200000,None,374600000,374600000,197000000,None,None,123000000,None,None,56200000,,,,,-0.903,0.0758,129000000,185200000,0.5942,2006-03-31,30.58,338000000,4600400000.0,623300000,116700000,37400000,133000000,133000000,None,12300000,None,135000000,None,None,288800000,None,None,79300000,None,None,None,0.274,,447700000,175600000,79000000,None,None,None,None,,,,,4.893,4.939,8.67,,,,,,,,0.233,,199200000,2025-10-30,quarterly,0.67,USD,pre-market,99000000,349000000,0.0772,0.135,0.147,10.02,348700000,289000000,None,None,77.69,83.33,12.7566,1240000000,526000000,197000000,516000000,714000000,319000000,997900000,724000000,38.09,-222900000,87.89,65.94
2025-12-28,EW,2.28,5883800000.0,38.09,None,0.967,17.57,,None,178600000,178600000,,,,,,,,,65600000,717600000,None,374600000,374600000,194200000,None,None,118500000,None,None,56200000,,,,,-0.903,0.0758,129000000,185200000,0.5942,2005-12-31,30.58,337700000,4600400000.0,623300000,116700000,37400000,137700000,137700000,None,12300000,None,131500000,None,None,316100000,None,None,79300000,None,None,None,0.274,,447700000,175600000,85600000,108300000,None,None,None,,,,,4.893,4.939,8.67,,,,,,,,0.233,,201900000,2025-10-30,quarterly,0.67,USD,pre-market,99000000,303400000,0.0772,0.135,0.147,10.02,348700000,316100000,None,None,77.69,83.33,12.7566,1229100000,514200000,194200000,539100000,714900000,344900000,997900000,690000000,38.09,-193500000,87.89,65.94
2025-12-28,EW,2.28,5883800000.0,38.09,None,0.967,17.57,,None,88000000,88000000,,,,,,,,,65400000,717600000,None,374600000,374600000,204600000,None,None,125900000,None,None,56200000,,,,,-0.903,0.0758,129000000,185200000,0.5942,2005-09-30,30.58,337700000,4600400000.0,623300000,116700000,37400000,479500000,479500000,None,12300000,None,135500000,None,None,251500000,None,None,79300000,None,None,None,0.274,,447700000,175600000,81000000,None,None,None,None,,,,,4.893,4.939,8.67,,,,,,,,0.233,,192100000,2025-10-30,quarterly,0.67,USD,pre-market,99000000,264700000,0.0772,0.135,0.147,10.02,348700000,251500000,None,None,77.69,83.33,12.7566,1145000000,430400000,204600000,485800000,714600000,281200000,997900000,659200000,38.09,-176400000,87.89,65.94
2025-12-28,EW,2.28,5883800000.0,38.09,None,0.967,17.57,,102300000,3045200000,3045200000,,,,,,,,,654800000,599300000,None,374600000,374600000,197400000,None,None,727400000,None,None,56200000,,,,,-0.903,0.0758,129000000,185200000,0.5942,2024-12-31,30.58,1776700000,4600400000.0,623300000,116700000,37400000,1176600000,1176600000,None,12300000,None,1086700000,None,None,597700000,None,307900000,79300000,None,None,None,0.274,,447700000,175600000,495400000,856000000,None,756600000,None,,,,,4.893,4.939,8.67,,,,,,,,0.233,,1784200000,2025-10-30,annual,0.67,USD,pre-market,99000000,13167000000,0.0772,0.135,0.147,10.02,348700000,700000000,23400000,930700000,77.69,83.33,12.7566,13055300000,6285400000,1505200000,2992400000,6769900000,1487200000,997900000,9998400000,38.09,None,87.89,65.94
2025-12-28,EW,2.28,5883800000.0,38.09,None,0.967,17.57,,97900000,1132300000,1132300000,,,,,,,,,650500000,609400000,None,374600000,374600000,186600000,None,None,828100000,None,None,56200000,,,,,-0.903,0.0758,129000000,185200000,0.5942,2023-12-31,30.58,1145100000,4600400000.0,623300000,116700000,37400000,399400000,399400000,None,12300000,None,903500000,None,None,597000000,None,583900000,79300000,None,None,None,0.274,,447700000,175600000,671300000,879400000,None,264300000,None,,,,,4.893,4.939,8.67,,,,,,,,0.233,,1843400000,2025-10-30,annual,0.67,USD,pre-market,99000000,8992400000,0.0772,0.135,0.147,10.02,348700000,685100000,22900000,500500000,77.69,83.33,12.7566,9363200000,4035700000,1195400000,2643800000,5327500000,1448400000,997900000,6650000000,38.09,None,87.89,65.94
2025-12-28,EW,2.28,5883800000.0,38.09,None,0.967,17.57,,95000000,769000000,769000000,,,,,,,,,646300000,624200000,None,374600000,374600000,201900000,None,None,699100000,None,None,56200000,,,,,-0.903,0.0758,129000000,185200000,0.5942,2022-12-31,30.58,1164300000,4600400000.0,623300000,116700000,37400000,285200000,285200000,None,12300000,None,875500000,None,None,596300000,None,1239000000,79300000,None,None,None,0.274,,447700000,175600000,305900000,698800000,None,511200000,None,,,,,4.893,4.939,8.67,,,,,,,,0.233,,1725100000,2025-10-30,annual,0.67,USD,pre-market,99000000,7590000000,0.0772,0.135,0.147,10.02,348700000,691300000,25500000,446300000,77.69,83.33,12.7566,8292500000,3095800000,1022400000,2485800000,5196700000,1463400000,997900000,5806700000,38.09,None,87.89,65.94
2025-12-28,EW,2.28,5883800000.0,38.09,None,0.967,17.57,,94600000,862800000,862800000,,,,,,,,,642000000,631200000,None,374600000,374600000,204500000,None,None,664900000,None,None,56200000,,,,,-0.903,0.0758,129000000,185200000,0.5942,2021-12-31,30.58,1167900000,4600400000.0,623300000,116700000,37400000,323600000,323600000,None,12300000,None,726700000,None,None,595700000,None,1834200000,79300000,None,None,None,0.274,,447700000,175600000,322300000,702800000,None,588300000,None,,,,,4.893,4.939,8.67,,,,,,,,0.233,,1638700000,2025-10-30,annual,0.67,USD,pre-market,99000000,6068100000,0.0772,0.135,0.147,10.02,348700000,690300000,25500000,604000000,77.69,83.33,12.7566,8502600000,3180700000,1032300000,2666700000,5321900000,1634400000,997900000,5835900000,38.09,-2416900000,87.89,65.94
2025-12-28,EW,2.28,5883800000.0,38.09,None,0.967,17.57,,99900000,1183200000,1183200000,,,,,,,,,636400000,631900000,None,374600000,374600000,196500000,None,None,602800000,None,None,56200000,,,,,-0.903,0.0758,129000000,185200000,0.5942,2020-12-31,30.58,1173200000,4600400000.0,623300000,116700000,37400000,331400000,331400000,None,12300000,None,802300000,None,None,595000000,None,801600000,79300000,None,None,None,0.274,,447700000,175600000,283300000,601900000,None,885900000,None,,,,,4.893,4.939,8.67,,,,,,,,0.233,,1395200000,2025-10-30,annual,0.67,USD,pre-market,99000000,4565000000,0.0772,0.135,0.147,10.02,348700000,694900000,27200000,219400000,77.69,83.33,12.7566,7237100000,3091000000,893900000,2662800000,4146100000,1768900000,997900000,4574300000,38.09,-1904100000,87.89,65.94
2025-12-28,EW,2.28,5883800000.0,38.09,None,0.967,17.57,,84400000,1179100000,1179100000,,,,,,,,,218100000,636599987,None,374600000,374600000,180400000,None,None,599100000,None,None,56200000,,,,,-0.903,0.0758,129000000,185200000,0.5942,2019-12-31,30.58,1167700000,4600400000.0,623300000,116700000,37400000,336500000,336500000,None,12300000,None,640900000,None,None,594400000,None,585500000,79300000,None,None,None,0.274,,447700000,175600000,227100000,592200000,None,547500000,None,,,,,4.893,4.939,8.67,,,,,,,,0.233,,1060300000,2025-10-30,annual,0.67,USD,pre-market,99000000,3741600000,0.0772,0.135,0.147,10.02,348700000,678800000,25500000,337800000,77.69,83.33,12.7566,6488100000,2984000000,902400000,2339800000,3504100000,1437400000,997900000,4148300000,38.09,-1278700000,87.89,65.94
2025-12-28,EW,2.28,5883800000.0,38.09,None,0.967,17.57,,None,714100000,714100000,,,,,,,,,215200000,640800000,None,374600000,374600000,134000000,None,None,537300000,None,None,56200000,,,,,-0.903,0.0758,129000000,185200000,0.5942,2018-12-31,30.58,1112200000,4600400000.0,623300000,116700000,37400000,343200000,343200000,None,12300000,None,607000000,None,None,593800000,None,506300000,79300000,None,None,None,0.274,,447700000,175600000,186100000,671800000,None,453500000,None,,,,,4.893,4.939,8.67,,,,,,,,0.233,,867500000,2025-10-30,annual,0.67,USD,pre-market,99000000,2694700000,0.0772,0.135,0.147,10.02,348700000,593800000,0,242400000,77.69,83.33,12.7566,5323700000,2286900000,876600000,2183300000,3036800000,1306700000,997900000,3140400000,38.09,-1015400000,87.89,65.94
2025-12-28,EW,2.28,5883800000.0,38.09,None,0.967,17.57,,None,818300000,818300000,,,,,,,,,212000000,647700000,None,374600000,374600000,116600000,None,598000000,479300000,None,None,56200000,,,,,-0.903,0.0758,129000000,185200000,0.5942,2017-12-31,30.58,1126500000,4600400000.0,623300000,116700000,37400000,468000000,468000000,None,12300000,None,554900000,None,None,438400000,None,567000000,79300000,None,None,None,0.274,,447700000,175600000,177500000,565700000,None,504300000,None,,,,,4.893,4.939,8.67,,,,,,,,0.233,,679700000,2025-10-30,annual,0.67,USD,pre-market,99000000,2000600000,0.0772,0.135,0.147,10.02,348700000,1036400000,598000000,519200000,77.69,83.33,12.7566,5696500000,2532100000,1399400000,2701800000,3164400000,1302400000,997900000,2994700000,38.09,-252100000,87.89,65.94
2025-12-28,EW,2.28,5883800000.0,38.09,None,0.967,17.57,,None,930100000,930100000,,,,,,,,,242600000,653400000,None,374600000,374600000,97100000,None,822300000,414600000,None,None,56200000,,,,,-0.903,0.0758,129000000,185200000,0.5942,2016-12-31,30.58,626100000,4600400000.0,623300000,116700000,37400000,204800000,204800000,None,12300000,None,396600000,None,None,822300000,None,532100000,79300000,None,None,None,0.274,,447700000,175600000,111800000,435400000,None,536200000,None,,,,,4.893,4.939,8.67,,,,,,,,0.233,,580000000,2025-10-30,annual,0.67,USD,pre-market,99000000,3906300000,0.0772,0.135,0.147,10.02,348700000,822300000,822300000,341000000,77.69,83.33,12.7566,4510000000,2240000000,532500000,1891000000,2270000000,1358500000,997900000,2619000000,38.09,-2499300000,87.89,65.94
2025-12-28,EW,2.28,5883800000.0,38.09,None,0.967,17.57,,None,718400000,718400000,,,,,,,,,239100000,660900000,None,374600000,374600000,63900000,None,596900000,344100000,None,None,56200000,,,,,-0.903,0.0758,129000000,185200000,0.5942,2015-12-31,30.58,628300000,4600400000.0,623300000,116700000,37400000,205400000,205400000,None,12300000,None,339900000,None,None,596900000,None,381500000,79300000,None,None,None,0.274,,447700000,175600000,94100000,412300000,None,480100000,None,,,,,4.893,4.939,8.67,,,,,,,,0.233,,482500000,2025-10-30,annual,0.67,USD,pre-market,99000000,3336800000,0.0772,0.135,0.147,10.02,348700000,599900000,596900000,506300000,77.69,83.33,12.7566,4059300000,2047900000,476200000,1556200000,2011400000,1080000000,997900000,2503100000,38.09,-1837000000,87.89,65.94
2025-12-28,EW,2.28,5883800000.0,38.09,None,0.967,17.57,,None,653800000,653800000,,,,,,,,,128900000,651000000,None,374600000,374600000,58200000,None,598100000,325000000,None,None,56200000,,,,,-0.903,0.0758,129000000,185200000,0.5942,2014-12-31,30.58,376000000,4600400000.0,623300000,116700000,37400000,23400000,23400000,None,12300000,None,296800000,None,None,598100000,None,246700000,79300000,None,None,None,0.274,,447700000,175600000,121700000,376200000,None,300400000,None,,,,,4.893,4.939,8.67,,,,,,,,0.233,,442900000,2025-10-30,annual,0.67,USD,pre-market,99000000,2841900000,0.0772,0.135,0.147,10.02,348700000,598100000,598100000,785000000,77.69,83.33,12.7566,3524300000,2294600000,434400000,1332900000,1229700000,898500000,997900000,2191400000,38.09,-1556900000,87.89,65.94
2025-12-28,EW,2.28,5883800000.0,38.09,None,0.967,17.57,,None,420400000,420400000,,,,,,,,,126000000,682800000,None,374600000,374600000,48400000,None,None,328000000,None,None,56200000,,,,,-0.903,0.0758,129000000,185200000,0.5942,2013-12-31,30.58,385400000,4600400000.0,623300000,116700000,37400000,33500000,33500000,None,12300000,None,308900000,None,None,593100000,None,29200000,79300000,None,None,None,0.274,,447700000,175600000,152000000,258500000,None,226800000,None,,,,,4.893,4.939,8.67,,,,,,,,0.233,,421600000,2025-10-30,annual,0.67,USD,pre-market,99000000,2045600000,0.0772,0.135,0.147,10.02,348700000,593100000,None,516500000,77.69,83.33,12.7566,2724700000,1725800000,345600000,1165500000,998900000,819900000,997900000,1559200000,38.09,-1256000000,87.89,65.94
2025-12-28,EW,2.28,5883800000.0,38.09,None,0.967,17.57,,None,310900000,310900000,,,,,,,,,124200000,709800000,None,374600000,374600000,74700000,None,None,347500000,None,None,56200000,,,,,-0.903,0.0758,129000000,185200000,0.5942,2012-12-31,30.58,384700000,4600400000.0,623300000,116700000,37400000,67000000,67000000,None,12300000,None,281000000,None,None,189300000,None,31000000,79300000,None,None,None,0.274,,447700000,175600000,142000000,232200000,None,205500000,None,,,,,4.893,4.939,8.67,,,,,,,,0.233,,373300000,2025-10-30,annual,0.67,USD,pre-market,99000000,1653900000,0.0772,0.135,0.147,10.02,348700000,189300000,None,210500000,77.69,83.33,12.7566,2221500000,1291900000,347400000,742200000,929600000,394800000,997900000,1479300000,38.09,-749900000,87.89,65.94
2025-12-28,EW,2.28,5883800000.0,38.09,None,0.967,17.57,,None,171200000,171200000,,,,,,,,,120000000,716400000,None,374600000,374600000,85000000,None,None,320700000,None,None,56200000,,,,,-0.903,0.0758,129000000,185200000,0.5942,2011-12-31,30.58,349800000,4600400000.0,623300000,116700000,37400000,66900000,66900000,None,12300000,None,261300000,None,None,150400000,None,46400000,79300000,None,None,None,0.274,,447700000,175600000,136000000,212700000,None,157000000,None,,,,,4.893,4.939,8.67,,,,,,,,0.233,,304300000,2025-10-30,annual,0.67,USD,pre-market,99000000,1360700000,0.0772,0.135,0.147,10.02,348700000,150400000,None,279300000,77.69,83.33,12.7566,1980500000,1168500000,335200000,642600000,812000000,307400000,997900000,1337900000,38.09,-405800000,87.89,65.94
2025-12-28,EW,2.28,5883800000.0,38.09,None,0.967,17.57,,None,396100000,396100000,,,,,,,,,117000000,715200000,None,374600000,374600000,47600000,None,None,302500000,None,None,56200000,,,,,-0.903,0.0758,129000000,185200000,0.5942,2010-12-31,30.58,315200000,4600400000.0,623300000,116700000,37400000,67100000,67100000,None,12300000,None,203600000,None,None,0,None,25000000,79300000,None,None,None,0.274,,447700000,175600000,130400000,226100000,None,121200000,None,,,,,4.893,4.939,8.67,,,,,,,,0.233,,269800000,2025-10-30,annual,0.67,USD,pre-market,99000000,1124000000,0.0772,0.135,0.147,10.02,348700000,41800000,41800000,0,77.69,83.33,12.7566,1767200000,1032600000,337800000,459000000,734600000,121200000,997900000,1308200000,38.09,-102000000,87.89,65.94
2025-12-28,EW,2.28,5883800000.0,38.09,None,0.967,17.57,,None,334100000,334100000,,,,,,,,,76100000,704400000,None,374600000,374600000,51100000,None,None,272100000,None,None,56200000,,,,,-0.903,0.0758,129000000,185200000,0.5942,2009-12-31,30.58,315200000,4600400000.0,623300000,116700000,37400000,86700000,86700000,None,12300000,None,165900000,None,None,90300000,None,None,79300000,None,None,None,0.274,,447700000,175600000,117100000,203500000,None,None,None,,,,,4.893,4.939,8.67,,,,,,,,0.233,,252000000,2025-10-30,annual,0.67,USD,pre-market,99000000,906000000,0.0772,0.135,0.147,10.02,348700000,90300000,None,None,77.69,83.33,12.7566,1615500000,889200000,290500000,457600000,726300000,167100000,997900000,1157900000,38.09,-872300000,87.89,65.94
2025-12-28,EW,2.28,5883800000.0,38.09,None,0.967,17.57,,None,218700000,218700000,,,,,,,,,73700000,715200000,None,374600000,374600000,65600000,None,None,204700000,None,None,56200000,,,,,-0.903,0.0758,129000000,185200000,0.5942,2008-12-31,30.58,315700000,4600400000.0,623300000,116700000,37400000,96900000,96900000,None,12300000,None,151800000,None,None,175500000,None,None,79300000,None,None,None,0.274,,447700000,175600000,108600000,186700000,None,None,None,,,,,4.893,4.939,8.67,,,,,,,,0.233,,230100000,2025-10-30,annual,0.67,USD,pre-market,99000000,676900000,0.0772,0.135,0.147,10.02,348700000,175500000,None,8100000,77.69,83.33,12.7566,1400200000,691900000,258500000,521400000,708300000,262900000,997900000,878800000,38.09,-776800000,87.89,65.94
2025-12-28,EW,2.28,5883800000.0,38.09,None,0.967,17.57,,None,141800000,141800000,,,,,,,,,68600000,752400000,None,374600000,374600000,63900000,None,None,145300000,None,None,56200000,,,,,-0.903,0.0758,129000000,185200000,0.5942,2007-12-31,30.58,350300000,4600400000.0,623300000,116700000,37400000,122500000,122500000,None,12300000,None,152600000,None,None,61700000,None,None,79300000,None,None,None,0.274,,447700000,175600000,92600000,161500000,None,None,None,,,,,4.893,4.939,8.67,,,,,,,,0.233,,228200000,2025-10-30,annual,0.67,USD,pre-market,99000000,548600000,0.0772,0.135,0.147,10.02,348700000,211700000,150000000,49400000,77.69,83.33,12.7566,1345100000,581700000,375400000,510100000,763400000,134700000,997900000,835000000,38.09,-470300000,87.89,65.94
2025-12-28,EW,2.28,5883800000.0,38.09,None,0.967,17.57,,None,182800000,182800000,,,,,,,,,67000000,766800000,None,374600000,374600000,57200000,None,None,127100000,None,None,56200000,,,,,-0.903,0.0758,129000000,185200000,0.5942,2006-12-31,30.58,337700000,4600400000.0,623300000,116700000,37400000,116100000,116100000,None,12300000,None,142100000,None,None,235900000,None,None,79300000,None,None,None,0.274,,447700000,175600000,137400000,169000000,None,None,None,,,,,4.893,4.939,8.67,,,,,,,,0.233,,213000000,2025-10-30,annual,0.67,USD,pre-market,99000000,433900000,0.0772,0.135,0.147,10.02,348700000,235900000,None,None,77.69,83.33,12.7566,1246800000,531600000,226200000,497400000,715200000,271200000,997900000,749400000,38.09,-339400000,87.89,65.94
2025-12-28,EW,2.28,5883800000.0,38.09,None,0.967,17.57,,None,178600000,178600000,,,,,,,,,65600000,747600000,None,374600000,374600000,194200000,None,None,118500000,None,None,56200000,,,,,-0.903,0.0758,129000000,185200000,0.5942,2005-12-31,30.58,337700000,4600400000.0,623300000,116700000,37400000,137700000,137700000,None,12300000,None,131500000,None,None,316100000,None,None,79300000,None,None,None,0.274,,447700000,175600000,85600000,108300000,None,None,None,,,,,4.893,4.939,8.67,,,,,,,,0.233,,201900000,2025-10-30,annual,0.67,USD,pre-market,99000000,303400000,0.0772,0.135,0.147,10.02,348700000,316100000,None,None,77.69,83.33,12.7566,1229100000,514200000,194200000,539100000,714900000,344900000,997900000,690000000,38.09,-193500000,87.89,65.94
2025-12-28,EW,2.28,5883800000.0,38.09,None,0.967,17.57,57500000,None,178600000,178600000,-740100000,-427800000,None,None,-1800000,None,None,None,65600000,747600000,None,374600000,374600000,194200000,None,None,118500000,None,None,56200000,39200000,None,None,None,-0.903,0.0758,129000000,185200000,0.5942,2025-09-30,30.58,337700000,4600400000.0,623300000,116700000,37400000,137700000,137700000,None,12300000,None,131500000,None,None,316100000,None,None,290300000,None,None,None,0.274,573700000,447700000,175600000,85600000,108300000,None,None,None,None,None,None,None,4.893,4.939,8.67,None,None,None,None,None,157000000,None,0.233,None,201900000,2025-10-30,quarterly,0.67,USD,pre-market,99000000,303400000,0.0772,0.135,0.147,10.02,348700000,316100000,None,None,77.69,83.33,12.7566,1229100000,514200000,194200000,539100000,714900000,344900000,997900000,690000000,38.09,-193500000,87.89,65.94
2025-12-28,EW,2.28,5883800000.0,38.09,None,0.967,17.57,49300000,None,178600000,178600000,52700000,-172100000,None,None,41600000,None,None,None,65600000,747600000,None,374600000,374600000,194200000,None,None,118500000,None,None,56200000,38100000,None,None,None,-0.903,0.0758,129000000,185200000,0.5942,2025-06-30,30.58,337700000,4600400000.0,623300000,116700000,37400000,137700000,137700000,None,12300000,None,131500000,None,None,316100000,None,None,331500000,None,None,None,0.274,290200000,447700000,175600000,85600000,108300000,None,None,None,None,None,None,None,4.893,4.939,8.67,None,None,None,None,None,-5500000,None,0.233,None,201900000,2025-10-30,quarterly,0.67,USD,pre-market,99000000,303400000,0.0772,0.135,0.147,10.02,348700000,316100000,None,None,77.69,83.33,12.7566,1229100000,514200000,194200000,539100000,714900000,344900000,997900000,690000000,38.09,-193500000,87.89,65.94
2025-12-28,EW,2.28,5883800000.0,38.09,None,0.967,17.57,56000000,None,178600000,178600000,-258000000,85300000,None,None,-100000,None,None,None,65600000,747600000,None,374600000,374600000,194200000,None,None,118500000,None,None,56200000,36600000,None,None,None,-0.903,0.0758,129000000,185200000,0.5942,2025-03-31,30.58,337700000,4600400000.0,623300000,116700000,37400000,137700000,137700000,None,12300000,None,131500000,None,None,316100000,None,None,358000000,None,None,None,0.274,280400000,447700000,175600000,85600000,108300000,None,None,None,None,None,None,None,4.893,4.939,8.67,None,None,None,None,None,-208700000,None,0.233,None,201900000,2025-10-30,quarterly,0.67,USD,pre-market,99000000,303400000,0.0772,0.135,0.147,10.02,348700000,316100000,None,None,77.69,83.33,12.7566,1229100000,514200000,194200000,539100000,714900000,344900000,997900000,690000000,38.09,-193500000,87.89,65.94
2025-12-28,EW,2.28,5883800000.0,38.09,None,0.967,17.57,56000000,None,178600000,178600000,-258000000,85300000,None,None,-100000,None,None,None,65600000,747600000,None,374600000,374600000,194200000,None,None,118500000,None,None,56200000,36600000,None,None,None,-0.903,0.0758,129000000,185200000,0.5942,2024-12-31,30.58,337700000,4600400000.0,623300000,116700000,37400000,137700000,137700000,None,12300000,None,131500000,None,None,316100000,None,None,356400000,None,None,None,0.274,280400000,447700000,175600000,85600000,108300000,None,None,None,None,None,None,None,4.893,4.939,8.67,None,None,None,None,None,-258600000,None,0.233,None,201900000,2025-10-30,quarterly,0.67,USD,pre-market,99000000,303400000,0.0772,0.135,0.147,10.02,348700000,316100000,None,None,77.69,83.33,12.7566,1229100000,514200000,194200000,539100000,714900000,344900000,997900000,690000000,38.09,-193500000,87.89,65.94
2025-12-28,EW,2.28,5883800000.0,38.09,None,0.967,17.57,31900000,None,178600000,178600000,-976700000,2701700000,None,None,-41200000,None,None,None,65600000,747600000,None,374600000,374600000,194200000,None,None,118500000,None,None,56200000,34500000,None,None,None,-0.903,0.0758,129000000,185200000,0.5942,2024-09-30,30.58,337700000,4600400000.0,623300000,116700000,37400000,137700000,137700000,None,12300000,None,131500000,None,None,316100000,None,None,3069400000,None,None,None,0.274,351800000,447700000,175600000,85600000,108300000,None,None,None,None,None,None,None,4.893,4.939,8.67,None,None,None,None,None,-901000000,None,0.233,None,201900000,2025-10-30,quarterly,0.67,USD,pre-market,99000000,303400000,0.0772,0.135,0.147,10.02,348700000,316100000,None,None,77.69,83.33,12.7566,1229100000,514200000,194200000,539100000,714900000,344900000,997900000,690000000,38.09,-193500000,87.89,65.94
2025-12-28,EW,2.28,5883800000.0,38.09,None,0.967,17.57,85400000,None,178600000,178600000,-96600000,124800000,None,None,-94200000,None,None,None,65600000,747600000,None,374600000,374600000,194200000,None,None,118500000,None,None,56200000,39600000,None,None,None,-0.903,0.0758,129000000,185200000,0.5942,2024-06-30,30.58,337700000,4600400000.0,623300000,116700000,37400000,137700000,137700000,None,12300000,None,131500000,None,None,316100000,None,None,365000000,None,None,None,0.274,371500000,447700000,175600000,85600000,108300000,None,None,None,None,None,None,None,4.893,4.939,8.67,None,None,None,None,None,-158100000,None,0.233,None,201900000,2025-10-30,quarterly,0.67,USD,pre-market,99000000,303400000,0.0772,0.135,0.147,10.02,348700000,316100000,None,None,77.69,83.33,12.7566,1229100000,514200000,194200000,539100000,714900000,344900000,997900000,690000000,38.09,-193500000,87.89,65.94
2025-12-28,EW,2.28,5883800000.0,38.09,None,0.967,17.57,85300000,None,178600000,178600000,61700000,63100000,None,None,-69500000,None,None,None,65600000,747600000,None,374600000,374600000,194200000,None,None,118500000,None,None,56200000,38500000,None,None,None,-0.903,0.0758,129000000,185200000,0.5942,2024-03-31,30.58,337700000,4600400000.0,623300000,116700000,37400000,137700000,137700000,None,12300000,None,131500000,None,None,316100000,None,None,351000000,None,None,None,0.274,-53500000,447700000,175600000,85600000,108300000,None,None,None,None,None,None,None,4.893,4.939,8.67,None,None,None,None,None,-200000,None,0.233,None,201900000,2025-10-30,quarterly,0.67,USD,pre-market,99000000,303400000,0.0772,0.135,0.147,10.02,348700000,316100000,None,None,77.69,83.33,12.7566,1229100000,514200000,194200000,539100000,714900000,344900000,997900000,690000000,38.09,-193500000,87.89,65.94
2025-12-28,EW,2.28,5883800000.0,38.09,None,0.967,17.57,101600000,None,178600000,178600000,-413200000,14100000,None,None,-99300000,None,None,None,65600000,747600000,None,374600000,374600000,194200000,None,None,118500000,None,None,56200000,36700000,32900000,32900000,None,-0.903,0.0758,129000000,185200000,0.5942,2023-12-31,30.58,337700000,4600400000.0,623300000,116700000,37400000,137700000,137700000,None,12300000,None,131500000,None,None,316100000,None,None,369700000,None,None,None,0.274,136600000,447700000,175600000,85600000,108300000,None,None,None,None,None,None,None,4.893,4.939,8.67,None,None,None,None,None,-448400000,None,0.233,None,201900000,2025-10-30,quarterly,0.67,USD,pre-market,99000000,303400000,0.0772,0.135,0.147,10.02,348700000,316100000,None,None,77.69,83.33,12.7566,1229100000,514200000,194200000,539100000,714900000,344900000,997900000,690000000,38.09,-193500000,87.89,65.94
2025-12-28,EW,2.28,5883800000.0,38.09,None,0.967,17.57,55300000,None,178600000,178600000,-143300000,89000000,None,None,-76000000,None,None,None,65600000,747600000,None,374600000,374600000,194200000,None,None,118500000,None,None,56200000,36900000,None,None,None,-0.903,0.0758,129000000,185200000,0.5942,2023-09-30,30.58,337700000,4600400000.0,623300000,116700000,37400000,137700000,137700000,None,12300000,None,131500000,None,None,316100000,None,None,383700000,None,None,None,0.274,411500000,447700000,175600000,85600000,108300000,None,None,None,None,None,None,None,4.893,4.939,8.67,None,None,None,None,None,-174400000,None,0.233,None,201900000,2025-10-30,quarterly,0.67,USD,pre-market,99000000,303400000,0.0772,0.135,0.147,10.02,348700000,316100000,None,None,77.69,83.33,12.7566,1229100000,514200000,194200000,539100000,714900000,344900000,997900000,690000000,38.09,-193500000,87.89,65.94
2025-12-28,EW,2.28,5883800000.0,38.09,None,0.967,17.57,47900000,None,178600000,178600000,52100000,70200000,155900000,None,-80900000,None,None,-46800000,65600000,747600000,None,374600000,374600000,194200000,None,None,118500000,None,None,56200000,36100000,None,None,None,-0.903,0.0758,129000000,185200000,0.5942,2023-06-30,30.58,337700000,4600400000.0,623300000,116700000,37400000,137700000,137700000,None,12300000,None,131500000,None,None,316100000,None,None,305500000,None,None,None,0.274,33600000,447700000,175600000,85600000,108300000,None,None,None,None,None,None,None,4.893,4.939,8.67,None,None,None,None,None,-7500000,None,0.233,None,201900000,2025-10-30,quarterly,0.67,USD,pre-market,99000000,303400000,0.0772,0.135,0.147,10.02,348700000,316100000,None,None,77.69,83.33,12.7566,1229100000,514200000,194200000,539100000,714900000,344900000,997900000,690000000,38.09,-193500000,87.89,65.94
2025-12-28,EW,2.28,5883800000.0,38.09,None,0.967,17.57,61500000,None,178600000,178600000,-206600000,500000,108000000,None,-32800000,None,None,-77500000,65600000,747600000,None,374600000,374600000,194200000,None,None,118500000,None,None,56200000,35200000,None,None,None,-0.903,0.0758,129000000,185200000,0.5942,2023-03-31,30.58,337700000,4600400000.0,623300000,116700000,37400000,137700000,137700000,None,12300000,None,131500000,None,None,316100000,None,None,340500000,None,None,None,0.274,314100000,447700000,175600000,85600000,108300000,None,None,None,None,None,None,None,4.893,4.939,8.67,None,None,None,None,None,-249300000,None,0.233,None,201900000,2025-10-30,quarterly,0.67,USD,pre-market,99000000,303400000,0.0772,0.135,0.147,10.02,348700000,316100000,None,None,77.69,83.33,12.7566,1229100000,514200000,194200000,539100000,714900000,344900000,997900000,690000000,38.09,-193500000,87.89,65.94
2025-12-28,EW,2.28,5883800000.0,38.09,None,0.967,17.57,89100000,None,178600000,178600000,-838400000,94700000,-460900000,None,-62300000,None,None,-1100000,65600000,747600000,None,374600000,374600000,194200000,None,None,118500000,None,None,56200000,35400000,27500000,27500000,None,-0.903,0.0758,129000000,185200000,0.5942,2022-12-31,30.58,337700000,4600400000.0,623300000,116700000,37400000,137700000,137700000,None,12300000,None,131500000,None,None,316100000,None,None,398400000,None,None,None,0.274,282800000,447700000,175600000,85600000,108300000,None,None,None,None,None,None,None,4.893,4.939,8.67,None,None,None,None,None,-866000000,None,0.233,None,201900000,2025-10-30,quarterly,0.67,USD,pre-market,99000000,303400000,0.0772,0.135,0.147,10.02,348700000,316100000,None,None,77.69,83.33,12.7566,1229100000,514200000,194200000,539100000,714900000,344900000,997900000,690000000,38.09,-193500000,87.89,65.94
2025-12-28,EW,2.28,5883800000.0,38.09,None,0.967,17.57,59900000,None,178600000,178600000,-69900000,-201500000,38500000,None,-65300000,None,None,-5300000,65600000,747600000,None,374600000,374600000,194200000,None,None,118500000,None,None,56200000,35400000,None,None,None,-0.903,0.0758,129000000,185200000,0.5942,2022-09-30,30.58,337700000,4600400000.0,623300000,116700000,37400000,137700000,137700000,None,12300000,None,131500000,None,None,316100000,None,None,343500000,None,None,None,0.274,309900000,447700000,175600000,85600000,108300000,None,None,None,None,None,None,None,4.893,4.939,8.67,None,None,None,None,None,-100400000,None,0.233,None,201900000,2025-10-30,quarterly,0.67,USD,pre-market,99000000,303400000,0.0772,0.135,0.147,10.02,348700000,316100000,None,None,77.69,83.33,12.7566,1229100000,514200000,194200000,539100000,714900000,344900000,997900000,690000000,38.09,-193500000,87.89,65.94
2025-12-28,EW,2.28,5883800000.0,38.09,None,0.967,17.57,43100000,None,178600000,178600000,-308100000,129600000,153700000,None,-61800000,None,None,-19900000,65600000,747600000,None,374600000,374600000,194200000,None,None,118500000,None,None,56200000,34100000,None,None,None,-0.903,0.0758,129000000,185200000,0.5942,2022-06-30,30.58,337700000,4600400000.0,623300000,116700000,37400000,137700000,137700000,None,12300000,None,131500000,None,None,316100000,None,None,406400000,None,None,None,0.274,332200000,447700000,175600000,85600000,108300000,None,None,None,None,None,None,None,4.893,4.939,8.67,None,None,None,None,None,-355100000,None,0.233,None,201900000,2025-10-30,quarterly,0.67,USD,pre-market,99000000,303400000,0.0772,0.135,0.147,10.02,348700000,316100000,None,None,77.69,83.33,12.7566,1229100000,514200000,194200000,539100000,714900000,344900000,997900000,690000000,38.09,-193500000,87.89,65.94
2025-12-28,EW,2.28,5883800000.0,38.09,None,0.967,17.57,72700000,None,178600000,178600000,-368100000,229500000,154700000,None,-24000000,None,None,-57800000,65600000,747600000,None,374600000,374600000,194200000,None,None,118500000,None,None,56200000,34700000,None,None,None,-0.903,0.0758,129000000,185200000,0.5942,2022-03-31,30.58,337700000,4600400000.0,623300000,116700000,37400000,137700000,137700000,None,12300000,None,131500000,None,None,316100000,None,None,373600000,None,None,None,0.274,293300000,447700000,175600000,85600000,108300000,None,None,None,None,None,None,None,4.893,4.939,8.67,None,None,None,None,None,-405600000,None,0.233,None,201900000,2025-10-30,quarterly,0.67,USD,pre-market,99000000,303400000,0.0772,0.135,0.147,10.02,348700000,316100000,None,None,77.69,83.33,12.7566,1229100000,514200000,194200000,539100000,714900000,344900000,997900000,690000000,38.09,-193500000,87.89,65.94
2025-12-28,EW,2.28,5883800000.0,38.09,None,0.967,17.57,93800000,None,178600000,178600000,-62000000,-965900000,-654300000,None,-6600000,None,None,6800000,65600000,747600000,None,374600000,374600000,194200000,None,None,118500000,None,None,56200000,33000000,None,None,None,-0.903,0.0758,129000000,185200000,0.5942,2021-12-31,30.58,337700000,4600400000.0,623300000,116700000,37400000,137700000,137700000,None,12300000,None,131500000,None,None,316100000,None,None,335300000,None,None,None,0.274,373600000,447700000,175600000,85600000,108300000,None,None,None,None,None,None,None,4.893,4.939,8.67,None,None,None,None,None,-96500000,None,0.233,None,201900000,2025-10-30,quarterly,0.67,USD,pre-market,99000000,303400000,0.0772,0.135,0.147,10.02,348700000,316100000,None,None,77.69,83.33,12.7566,1229100000,514200000,194200000,539100000,714900000,344900000,997900000,690000000,38.09,-193500000,87.89,65.94
2025-12-28,EW,2.28,5883800000.0,38.09,None,0.967,17.57,60700000,None,178600000,178600000,39000000,-377400000,193500000,None,8100000,None,None,38000000,65600000,747600000,None,374600000,374600000,194200000,None,None,118500000,None,None,56200000,33600000,None,None,None,-0.903,0.0758,129000000,185200000,0.5942,2021-09-30,30.58,337700000,4600400000.0,623300000,116700000,37400000,137700000,137700000,None,12300000,None,131500000,None,None,316100000,None,None,340100000,None,None,None,0.274,531900000,447700000,175600000,85600000,108300000,None,None,None,None,None,None,None,4.893,4.939,8.67,None,None,None,None,None,-1800000,None,0.233,None,201900000,2025-10-30,quarterly,0.67,USD,pre-market,99000000,303400000,0.0772,0.135,0.147,10.02,348700000,316100000,None,None,77.69,83.33,12.7566,1229100000,514200000,194200000,539100000,714900000,344900000,997900000,690000000,38.09,-193500000,87.89,65.94
2025-12-28,EW,2.28,5883800000.0,38.09,None,0.967,17.57,69300000,None,178600000,178600000,-59000000,-329500000,137600000,None,15000000,None,None,-46400000,65600000,747600000,None,374600000,374600000,194200000,None,None,118500000,None,None,56200000,35800000,None,None,None,-0.903,0.0758,129000000,185200000,0.5942,2021-06-30,30.58,337700000,4600400000.0,623300000,116700000,37400000,137700000,137700000,None,12300000,None,131500000,None,None,316100000,None,None,489500000,None,None,None,0.274,526100000,447700000,175600000,85600000,108300000,None,None,None,None,None,None,None,4.893,4.939,8.67,None,None,None,None,None,-111900000,None,0.233,None,201900000,2025-10-30,quarterly,0.67,USD,pre-market,99000000,303400000,0.0772,0.135,0.147,10.02,348700000,316100000,None,None,77.69,83.33,12.7566,1229100000,514200000,194200000,539100000,714900000,344900000,997900000,690000000,38.09,-193500000,87.89,65.94
2025-12-28,EW,2.28,5883800000.0,38.09,None,0.967,17.57,106000000,None,178600000,178600000,-274300000,-49700000,-23500000,None,2500000,None,None,-89500000,65600000,747600000,None,374600000,374600000,194200000,None,None,118500000,None,None,56200000,32400000,None,None,None,-0.903,0.0758,129000000,185200000,0.5942,2021-03-31,30.58,337700000,4600400000.0,623300000,116700000,37400000,137700000,137700000,None,12300000,None,131500000,None,None,316100000,None,None,338200000,None,None,None,0.274,300500000,447700000,175600000,85600000,108300000,None,None,None,None,None,None,None,4.893,4.939,8.67,None,None,None,None,None,-302600000,None,0.233,None,201900000,2025-10-30,quarterly,0.67,USD,pre-market,99000000,303400000,0.0772,0.135,0.147,10.02,348700000,316100000,None,None,77.69,83.33,12.7566,1229100000,514200000,194200000,539100000,714900000,344900000,997900000,690000000,38.09,-193500000,87.89,65.94
2025-12-28,EW,2.28,5883800000.0,38.09,None,0.967,17.57,113500000,None,178600000,178600000,41400000,-259899999,181500000,None,-2400000,None,None,51100000,65600000,747600000,None,374600000,374600000,194200000,None,None,118500000,None,None,56200000,32600000,70000000,70000000,None,-0.903,0.0758,129000000,185200000,0.5942,2020-12-31,30.58,337700000,4600400000.0,623300000,116700000,37400000,137700000,137700000,None,12300000,None,131500000,None,None,316100000,None,None,309500000,None,None,None,0.274,400000000,447700000,175600000,85600000,108300000,None,None,None,None,None,None,None,4.893,4.939,8.67,None,None,None,None,None,-200000,None,0.233,None,201900000,2025-10-30,quarterly,0.67,USD,pre-market,99000000,303400000,0.0772,0.135,0.147,10.02,348700000,316100000,None,None,77.69,83.33,12.7566,1229100000,514200000,194200000,539100000,714900000,344900000,997900000,690000000,38.09,-193500000,87.89,65.94
2025-12-28,EW,2.28,5883800000.0,38.09,None,0.967,17.57,103300000,None,178600000,178600000,34000000,-126300000,123800000,None,-19000000,None,None,-30700000,65600000,747600000,None,374600000,374600000,194200000,None,None,118500000,None,None,56200000,25600000,None,None,None,-0.903,0.0758,129000000,185200000,0.5942,2020-09-30,30.58,337700000,4600400000.0,623300000,116700000,37400000,137700000,137700000,None,12300000,None,131500000,None,None,316100000,None,None,325200000,None,None,None,0.274,216100000,447700000,175600000,85600000,108300000,None,None,None,None,None,None,None,4.893,4.939,8.67,None,None,None,None,None,-1400000,None,0.233,None,201900000,2025-10-30,quarterly,0.67,USD,pre-market,99000000,303400000,0.0772,0.135,0.147,10.02,348700000,316100000,None,None,77.69,83.33,12.7566,1229100000,514200000,194200000,539100000,714900000,344900000,997900000,690000000,38.09,-193500000,87.89,65.94
2025-12-28,EW,2.28,5883800000.0,38.09,None,0.967,17.57,108300000,None,178600000,178600000,24100000,-10200000,245100000,None,-64000000,None,None,25700000,65600000,747600000,None,374600000,374600000,194200000,None,None,118500000,None,None,56200000,24500000,None,None,None,-0.903,0.0758,129000000,185200000,0.5942,2020-06-30,30.58,337700000,4600400000.0,623300000,116700000,37400000,137700000,137700000,None,12300000,None,131500000,None,None,316100000,None,None,-121900000,None,None,None,0.274,231200000,447700000,175600000,85600000,108300000,None,None,None,None,None,None,None,4.893,4.939,8.67,None,None,None,None,None,-9000000,None,0.233,None,201900000,2025-10-30,quarterly,0.67,USD,pre-market,99000000,303400000,0.0772,0.135,0.147,10.02,348700000,316100000,None,None,77.69,83.33,12.7566,1229100000,514200000,194200000,539100000,714900000,344900000,997900000,690000000,38.09,-193500000,87.89,65.94
2025-12-28,EW,2.28,5883800000.0,38.09,None,0.967,17.57,82200000,None,178600000,178600000,-586400000,-134700000,-514100000,None,-35200000,None,None,-4200000,65600000,747600000,None,374600000,374600000,194200000,None,None,118500000,None,None,56200000,24500000,7900000,7900000,None,-0.903,0.0758,129000000,185200000,0.5942,2020-03-31,30.58,337700000,4600400000.0,623300000,116700000,37400000,137700000,137700000,None,12300000,None,131500000,None,None,316100000,None,None,310600000,None,None,None,0.274,207000000,447700000,175600000,85600000,108300000,None,None,None,None,None,None,None,4.893,4.939,8.67,None,None,None,None,None,-614800000,None,0.233,None,201900000,2025-10-30,quarterly,0.67,USD,pre-market,99000000,303400000,0.0772,0.135,0.147,10.02,348700000,316100000,None,None,77.69,83.33,12.7566,1229100000,514200000,194200000,539100000,714900000,344900000,997900000,690000000,38.09,-193500000,87.89,65.94
2025-12-28,EW,2.28,5883800000.0,38.09,None,0.967,17.57,71500000,None,178600000,178600000,37000000,-445300000,-4500000,None,-21500000,None,None,-17700000,65600000,747600000,None,374600000,374600000,194200000,None,None,118500000,None,None,56200000,23900000,256400000,256400000,None,-0.903,0.0758,129000000,185200000,0.5942,2019-12-31,30.58,337700000,4600400000.0,623300000,116700000,37400000,137700000,137700000,None,12300000,None,131500000,None,None,316100000,None,None,280200000,None,None,None,0.274,399400000,447700000,175600000,85600000,108300000,None,None,None,None,None,None,None,4.893,4.939,8.67,None,None,None,None,None,263300000,None,0.233,None,201900000,2025-10-30,quarterly,0.67,USD,pre-market,99000000,303400000,0.0772,0.135,0.147,10.02,348700000,316100000,None,None,77.69,83.33,12.7566,1229100000,514200000,194200000,539100000,714900000,344900000,997900000,690000000,38.09,-193500000,87.89,65.94
2025-12-28,EW,2.28,5883800000.0,38.09,None,0.967,17.57,76100000,None,178600000,178600000,34400000,-12700000,459800000,800000,-22000000,None,None,18900000,65600000,747600000,None,374600000,374600000,194200000,None,None,118500000,None,None,56200000,23100000,2300000,2300000,None,-0.903,0.0758,129000000,185200000,0.5942,2019-09-30,30.58,337700000,4600400000.0,623300000,116700000,37400000,137700000,137700000,None,12300000,None,131500000,None,None,316100000,None,None,274700000,None,None,None,0.274,437300000,447700000,175600000,85600000,108300000,None,None,None,None,None,None,None,4.893,4.939,8.67,None,None,None,None,None,-1300000,None,0.233,None,201900000,2025-10-30,quarterly,0.67,USD,pre-market,99000000,303400000,0.0772,0.135,0.147,10.02,348700000,316100000,None,None,77.69,83.33,12.7566,1229100000,514200000,194200000,539100000,714900000,344900000,997900000,690000000,38.09,-193500000,87.89,65.94
2025-12-28,EW,2.28,5883800000.0,38.09,None,0.967,17.57,71800000,None,178600000,178600000,-231400000,-88300000,17600000,-3900000,-32500000,None,None,-43400000,65600000,747600000,None,374600000,374600000,194200000,None,None,118500000,None,None,56200000,16000000,6000000,6000000,None,-0.903,0.0758,129000000,185200000,0.5942,2019-06-30,30.58,337700000,4600400000.0,623300000,116700000,37400000,137700000,137700000,None,12300000,None,131500000,None,None,316100000,None,None,242300000,None,None,None,0.274,341200000,447700000,175600000,85600000,108300000,None,None,None,None,None,None,None,4.893,4.939,8.67,None,None,None,None,None,-256300000,None,0.233,None,201900000,2025-10-30,quarterly,0.67,USD,pre-market,99000000,303400000,0.0772,0.135,0.147,10.02,348700000,316100000,None,None,77.69,83.33,12.7566,1229100000,514200000,194200000,539100000,714900000,344900000,997900000,690000000,38.09,-193500000,87.89,65.94
2025-12-28,EW,2.28,5883800000.0,38.09,None,0.967,17.57,59000000,None,178600000,178600000,44400000,-49500000,-4900000,-1300000,-29400000,None,None,-45800000,65600000,747600000,None,374600000,374600000,194200000,None,None,118500000,None,None,56200000,26300000,3700000,3700000,None,-0.903,0.0758,129000000,185200000,0.5942,2019-03-31,30.58,337700000,4600400000.0,623300000,116700000,37400000,137700000,137700000,None,12300000,None,131500000,None,None,316100000,None,None,249700000,None,None,None,0.274,1500000,447700000,175600000,85600000,108300000,None,None,None,None,None,None,None,4.893,4.939,8.67,None,None,None,None,None,-5700000,None,0.233,None,201900000,2025-10-30,quarterly,0.67,USD,pre-market,99000000,303400000,0.0772,0.135,0.147,10.02,348700000,316100000,None,None,77.69,83.33,12.7566,1229100000,514200000,194200000,539100000,714900000,344900000,997900000,690000000,38.09,-193500000,87.89,65.94
2025-12-28,EW,2.28,5883800000.0,38.09,None,0.967,17.57,60600000,None,178600000,178600000,-844700000,5700000,-547200000,-1200000,-22200000,None,None,-28400000,65600000,747600000,None,374600000,374600000,194200000,None,None,118500000,None,None,56200000,19900000,1600000,1600000,None,-0.903,0.0758,129000000,185200000,0.5942,2018-12-31,30.58,337700000,4600400000.0,623300000,116700000,37400000,137700000,137700000,None,12300000,None,131500000,None,None,316100000,None,None,7000000,None,None,None,0.274,293000000,447700000,175600000,85600000,108300000,None,None,None,None,None,None,None,4.893,4.939,8.67,None,None,None,None,None,-272000000,None,0.233,None,201900000,2025-10-30,quarterly,0.67,USD,pre-market,99000000,303400000,0.0772,0.135,0.147,10.02,348700000,316100000,None,None,77.69,83.33,12.7566,1229100000,514200000,194200000,539100000,714900000,344900000,997900000,690000000,38.09,-193500000,87.89,65.94
2025-12-28,EW,2.28,5883800000.0,38.09,None,0.967,17.57,82100000,None,178600000,178600000,-56700000,-254200000,34900000,3500000,-23000000,None,None,-2900000,65600000,747600000,None,374600000,374600000,194200000,None,None,118500000,None,None,56200000,19200000,600000,600000,None,-0.903,0.0758,129000000,185200000,0.5942,2018-09-30,30.58,337700000,4600400000.0,623300000,116700000,37400000,137700000,137700000,None,12300000,None,131500000,None,None,316100000,None,None,225900000,None,None,None,0.274,342300000,447700000,175600000,85600000,108300000,None,None,None,None,None,None,None,4.893,4.939,8.67,None,None,None,None,None,-173100000,None,0.233,None,201900000,2025-10-30,quarterly,0.67,USD,pre-market,99000000,303400000,0.0772,0.135,0.147,10.02,348700000,316100000,None,None,77.69,83.33,12.7566,1229100000,514200000,194200000,539100000,714900000,344900000,997900000,690000000,38.09,-193500000,87.89,65.94
2025-12-28,EW,2.28,5883800000.0,38.09,None,0.967,17.57,52800000,None,178600000,178600000,-240700000,104900000,-600000,-5000000,-17200000,None,None,-27300000,65600000,747600000,None,374600000,374600000,194200000,None,None,118500000,None,None,56200000,19200000,680700000,680700000,None,-0.903,0.0758,129000000,185200000,0.5942,2018-06-30,30.58,337700000,4600400000.0,623300000,116700000,37400000,137700000,137700000,None,12300000,None,131500000,None,None,316100000,None,None,282700000,None,None,None,0.274,140200000,447700000,175600000,85600000,108300000,None,None,None,None,None,None,None,4.893,4.939,8.67,None,None,None,None,None,-348300000,None,0.233,None,201900000,2025-10-30,quarterly,0.67,USD,pre-market,99000000,303400000,0.0772,0.135,0.147,10.02,348700000,316100000,None,None,77.69,83.33,12.7566,1229100000,514200000,194200000,539100000,714900000,344900000,997900000,690000000,38.09,-193500000,87.89,65.94
2025-12-28,EW,2.28,5883800000.0,38.09,None,0.967,17.57,46200000,None,178600000,178600000,40900000,220300000,408700000,-3800000,-3300000,None,None,29900000,65600000,747600000,None,374600000,374600000,194200000,None,None,118500000,None,None,56200000,19100000,5100000,5100000,None,-0.903,0.0758,129000000,185200000,0.5942,2018-03-31,30.58,337700000,4600400000.0,623300000,116700000,37400000,137700000,137700000,None,12300000,None,131500000,None,None,316100000,None,None,206600000,None,None,None,0.274,151300000,447700000,175600000,85600000,108300000,None,None,None,None,None,None,None,4.893,4.939,8.67,None,None,None,None,None,-2200000,None,0.233,None,201900000,2025-10-30,quarterly,0.67,USD,pre-market,99000000,303400000,0.0772,0.135,0.147,10.02,348700000,316100000,None,None,77.69,83.33,12.7566,1229100000,514200000,194200000,539100000,714900000,344900000,997900000,690000000,38.09,-193500000,87.89,65.94
2025-12-28,EW,2.28,5883800000.0,38.09,None,0.967,17.57,51900000,None,178600000,178600000,-229000000,49300000,188000000,3800000,-14200000,None,None,10500000,65600000,747600000,None,374600000,374600000,194200000,None,None,118500000,None,None,56200000,21200000,0,0,None,-0.903,0.0758,129000000,185200000,0.5942,2017-12-31,30.58,337700000,4600400000.0,623300000,116700000,37400000,137700000,137700000,None,12300000,None,131500000,None,None,316100000,None,None,-2800000,None,None,None,0.274,363900000,447700000,175600000,85600000,108300000,None,None,None,None,None,None,None,4.893,4.939,8.67,None,None,None,None,None,-251300000,None,0.233,None,201900000,2025-10-30,quarterly,0.67,USD,pre-market,99000000,303400000,0.0772,0.135,0.147,10.02,348700000,316100000,None,None,77.69,83.33,12.7566,1229100000,514200000,194200000,539100000,714900000,344900000,997900000,690000000,38.09,-193500000,87.89,65.94
2025-12-28,EW,2.28,5883800000.0,38.09,None,0.967,17.57,43300000,None,178600000,178600000,20300000,-209500000,122100000,500000,-37600000,None,None,56100000,65600000,747600000,None,374600000,374600000,194200000,None,None,118500000,None,None,56200000,20700000,0,0,None,-0.903,0.0758,129000000,185200000,0.5942,2017-09-30,30.58,337700000,4600400000.0,623300000,116700000,37400000,137700000,137700000,None,12300000,None,131500000,None,None,316100000,None,None,170100000,None,None,None,0.274,310800000,447700000,175600000,85600000,108300000,None,None,None,None,None,None,None,4.893,4.939,8.67,None,None,None,None,None,-800000,None,0.233,None,201900000,2025-10-30,quarterly,0.67,USD,pre-market,99000000,303400000,0.0772,0.135,0.147,10.02,348700000,316100000,None,None,77.69,83.33,12.7566,1229100000,514200000,194200000,539100000,714900000,344900000,997900000,690000000,38.09,-193500000,87.89,65.94
2025-12-28,EW,2.28,5883800000.0,38.09,None,0.967,17.57,61700000,None,178600000,178600000,126800000,-638200000,-311100000,2600000,-47900000,None,None,11000000,65600000,747600000,None,374600000,374600000,194200000,None,None,118500000,None,None,56200000,18900000,608000000,608000000,None,-0.903,0.0758,129000000,185200000,0.5942,2017-06-30,30.58,337700000,4600400000.0,623300000,116700000,37400000,137700000,137700000,None,12300000,None,131500000,None,None,316100000,None,None,186100000,None,None,None,0.274,197700000,447700000,175600000,85600000,108300000,None,None,None,None,None,None,None,4.893,4.939,8.67,None,None,None,None,None,-73800000,None,0.233,None,201900000,2025-10-30,quarterly,0.67,USD,pre-market,99000000,303400000,0.0772,0.135,0.147,10.02,348700000,316100000,None,None,77.69,83.33,12.7566,1229100000,514200000,194200000,539100000,714900000,344900000,997900000,690000000,38.09,-193500000,87.89,65.94
2025-12-28,EW,2.28,5883800000.0,38.09,None,0.967,17.57,18600000,None,178600000,178600000,-391300000,151200000,-110800000,1000000,-24300000,None,None,-81500000,65600000,747600000,None,374600000,374600000,194200000,None,None,118500000,None,None,56200000,21100000,377400000,377400000,None,-0.903,0.0758,129000000,185200000,0.5942,2017-03-31,30.58,337700000,4600400000.0,623300000,116700000,37400000,137700000,137700000,None,12300000,None,131500000,None,None,316100000,None,None,230200000,None,None,None,0.274,128300000,447700000,175600000,85600000,108300000,None,None,None,None,None,None,None,4.893,4.939,8.67,None,None,None,None,None,-437400000,None,0.233,None,201900000,2025-10-30,quarterly,0.67,USD,pre-market,99000000,303400000,0.0772,0.135,0.147,10.02,348700000,316100000,None,None,77.69,83.33,12.7566,1229100000,514200000,194200000,539100000,714900000,344900000,997900000,690000000,38.09,-193500000,87.89,65.94
2025-12-28,EW,2.28,5883800000.0,38.09,None,0.967,17.57,63200000,None,178600000,178600000,5100000,80200000,285100000,-1300000,-22500000,None,None,-1900000,65600000,747600000,None,374600000,374600000,194200000,None,None,118500000,None,None,56200000,19100000,228900000,228900000,None,-0.903,0.0758,129000000,185200000,0.5942,2016-12-31,30.58,337700000,4600400000.0,623300000,116700000,37400000,137700000,137700000,None,12300000,None,131500000,None,None,316100000,None,None,158500000,None,None,None,0.274,201100000,447700000,175600000,85600000,108300000,None,None,None,None,None,None,None,4.893,4.939,8.67,None,None,None,None,None,-281400000,None,0.233,None,201900000,2025-10-30,quarterly,0.67,USD,pre-market,99000000,303400000,0.0772,0.135,0.147,10.02,348700000,316100000,None,None,77.69,83.33,12.7566,1229100000,514200000,194200000,539100000,714900000,344900000,997900000,690000000,38.09,-193500000,87.89,65.94
2025-12-28,EW,2.28,5883800000.0,38.09,None,0.967,17.57,48300000,None,178600000,178600000,63800000,3900000,275100000,1500000,-28400000,None,None,9900000,65600000,747600000,None,374600000,374600000,194200000,None,None,118500000,None,None,56200000,18200000,8700000,8700000,None,-0.903,0.0758,129000000,185200000,0.5942,2016-09-30,30.58,337700000,4600400000.0,623300000,116700000,37400000,137700000,137700000,None,12300000,None,131500000,None,None,316100000,None,None,141400000,None,None,None,0.274,205900000,447700000,175600000,85600000,108300000,None,None,None,None,None,None,None,4.893,4.939,8.67,None,None,None,None,None,-200000,None,0.233,None,201900000,2025-10-30,quarterly,0.67,USD,pre-market,99000000,303400000,0.0772,0.135,0.147,10.02,348700000,316100000,None,None,77.69,83.33,12.7566,1229100000,514200000,194200000,539100000,714900000,344900000,997900000,690000000,38.09,-193500000,87.89,65.94
2025-12-28,EW,2.28,5883800000.0,38.09,None,0.967,17.57,78200000,None,178600000,178600000,31700000,-343100000,-131500000,-10400000,-10100000,None,None,-32500000,65600000,747600000,None,374600000,374600000,194200000,None,None,118500000,None,None,56200000,18000000,6200000,6200000,None,-0.903,0.0758,129000000,185200000,0.5942,2016-06-30,30.58,337700000,4600400000.0,623300000,116700000,37400000,137700000,137700000,None,12300000,None,131500000,None,None,316100000,None,None,126600000,None,None,None,0.274,190300000,447700000,175600000,85600000,108300000,None,None,None,None,None,None,None,4.893,4.939,8.67,None,None,None,None,None,-36600000,None,0.233,None,201900000,2025-10-30,quarterly,0.67,USD,pre-market,99000000,303400000,0.0772,0.135,0.147,10.02,348700000,316100000,None,None,77.69,83.33,12.7566,1229100000,514200000,194200000,539100000,714900000,344900000,997900000,690000000,38.09,-193500000,87.89,65.94
2025-12-28,EW,2.28,5883800000.0,38.09,None,0.967,17.57,27700000,None,178600000,178600000,-369100000,47300000,-217000000,-2300000,-4600000,None,None,-32200000,65600000,747600000,None,374600000,374600000,194200000,None,None,118500000,None,None,56200000,15900000,9700000,9700000,None,-0.903,0.0758,129000000,185200000,0.5942,2016-03-31,30.58,337700000,4600400000.0,623300000,116700000,37400000,137700000,137700000,None,12300000,None,131500000,None,None,316100000,None,None,143000000,None,None,None,0.274,107100000,447700000,175600000,85600000,108300000,None,None,None,None,None,None,None,4.893,4.939,8.67,None,None,None,None,None,-344100000,None,0.233,None,201900000,2025-10-30,quarterly,0.67,USD,pre-market,99000000,303400000,0.0772,0.135,0.147,10.02,348700000,316100000,None,None,77.69,83.33,12.7566,1229100000,514200000,194200000,539100000,714900000,344900000,997900000,690000000,38.09,-193500000,87.89,65.94
2025-12-28,EW,2.28,5883800000.0,38.09,None,0.967,17.57,41300000,None,178600000,178600000,-59700000,27300000,72300000,900000,-11600000,None,None,-10000000,65600000,747600000,None,374600000,374600000,194200000,None,None,118500000,None,None,56200000,14500000,10700000,10700000,None,-0.903,0.0758,129000000,185200000,0.5942,2015-12-31,30.58,337700000,4600400000.0,623300000,116700000,37400000,137700000,137700000,None,12300000,None,131500000,None,None,316100000,None,None,140700000,None,None,None,0.274,103800000,447700000,175600000,85600000,108300000,None,None,None,None,None,None,None,4.893,4.939,8.67,None,None,None,None,None,-100000000,None,0.233,None,201900000,2025-10-30,quarterly,0.67,USD,pre-market,99000000,303400000,0.0772,0.135,0.147,10.02,348700000,316100000,None,None,77.69,83.33,12.7566,1229100000,514200000,194200000,539100000,714900000,344900000,997900000,690000000,38.09,-193500000,87.89,65.94
2025-12-28,EW,2.28,5883800000.0,38.09,None,0.967,17.57,26000000,None,178600000,178600000,23600000,-175600000,48500000,-2000000,-23800000,None,None,11200000,65600000,747600000,None,374600000,374600000,194200000,None,None,118500000,None,None,56200000,18500000,7400000,7400000,None,-0.903,0.0758,129000000,185200000,0.5942,2015-09-30,30.58,337700000,4600400000.0,623300000,116700000,37400000,137700000,137700000,None,12300000,None,131500000,None,None,316100000,None,None,118100000,None,None,None,0.274,202500000,447700000,175600000,85600000,108300000,None,None,None,None,None,None,None,4.893,4.939,8.67,None,None,None,None,None,-200000,None,0.233,None,201900000,2025-10-30,quarterly,0.67,USD,pre-market,99000000,303400000,0.0772,0.135,0.147,10.02,348700000,316100000,None,None,77.69,83.33,12.7566,1229100000,514200000,194200000,539100000,714900000,344900000,997900000,690000000,38.09,-193500000,87.89,65.94
2025-12-28,EW,2.28,5883800000.0,38.09,None,0.967,17.57,18400000,None,178600000,178600000,-50600000,12500000,140600000,8600000,-13400000,None,None,-3000000,65600000,747600000,None,374600000,374600000,194200000,None,None,118500000,None,None,56200000,16800000,5900000,5900000,None,-0.903,0.0758,129000000,185200000,0.5942,2015-06-30,30.58,337700000,4600400000.0,623300000,116700000,37400000,137700000,137700000,None,12300000,None,131500000,None,None,316100000,None,None,112700000,None,None,None,0.274,170100000,447700000,175600000,85600000,108300000,None,None,None,None,None,None,None,4.893,4.939,8.67,None,None,None,None,None,-78900000,None,0.233,None,201900000,2025-10-30,quarterly,0.67,USD,pre-market,99000000,303400000,0.0772,0.135,0.147,10.02,348700000,316100000,None,None,77.69,83.33,12.7566,1229100000,514200000,194200000,539100000,714900000,344900000,997900000,690000000,38.09,-193500000,87.89,65.94
2025-12-28,EW,2.28,5883800000.0,38.09,None,0.967,17.57,20800000,None,178600000,178600000,-71900000,-180300000,-196800000,-17900000,-18900000,None,None,-36500000,65600000,747600000,None,374600000,374600000,194200000,None,None,118500000,None,None,56200000,16000000,7400000,7400000,None,-0.903,0.0758,129000000,185200000,0.5942,2015-03-31,30.58,337700000,4600400000.0,623300000,116700000,37400000,137700000,137700000,None,12300000,None,131500000,None,None,316100000,None,None,123400000,None,None,None,0.274,73300000,447700000,175600000,85600000,108300000,None,None,None,None,None,None,None,4.893,4.939,8.67,None,None,None,None,None,-101000000,None,0.233,None,201900000,2025-10-30,quarterly,0.67,USD,pre-market,99000000,303400000,0.0772,0.135,0.147,10.02,348700000,316100000,None,None,77.69,83.33,12.7566,1229100000,514200000,194200000,539100000,714900000,344900000,997900000,690000000,38.09,-193500000,87.89,65.94
2025-12-28,EW,2.28,5883800000.0,38.09,None,0.967,17.57,45300000,None,178600000,178600000,45900000,112000000,249700000,-1400000,-11500000,None,None,-16100000,65600000,747600000,None,374600000,374600000,194200000,None,None,118500000,None,None,56200000,18300000,6000000,6000000,None,-0.903,0.0758,129000000,185200000,0.5942,2014-12-31,30.58,337700000,4600400000.0,623300000,116700000,37400000,137700000,137700000,None,12300000,None,131500000,None,None,316100000,None,None,109200000,None,None,None,0.274,93200000,447700000,175600000,85600000,108300000,None,None,None,None,None,None,None,4.893,4.939,8.67,None,None,None,None,None,-200000,None,0.233,None,201900000,2025-10-30,quarterly,0.67,USD,pre-market,99000000,303400000,0.0772,0.135,0.147,10.02,348700000,316100000,None,None,77.69,83.33,12.7566,1229100000,514200000,194200000,539100000,714900000,344900000,997900000,690000000,38.09,-193500000,87.89,65.94
2025-12-28,EW,2.28,5883800000.0,38.09,None,0.967,17.57,18100000,None,178600000,178600000,48700000,-154800000,-94500000,-600000,-7500000,None,None,-10500000,65600000,747600000,None,374600000,374600000,194200000,None,None,118500000,None,None,56200000,18000000,6200000,6200000,None,-0.903,0.0758,129000000,185200000,0.5942,2014-09-30,30.58,337700000,4600400000.0,623300000,116700000,37400000,137700000,137700000,None,12300000,None,131500000,None,None,316100000,None,None,94600000,None,None,None,0.274,12200000,447700000,175600000,85600000,108300000,None,None,None,None,None,None,None,4.893,4.939,8.67,None,None,None,None,None,-100000,None,0.233,None,201900000,2025-10-30,quarterly,0.67,USD,pre-market,99000000,303400000,0.0772,0.135,0.147,10.02,348700000,316100000,None,None,77.69,83.33,12.7566,1229100000,514200000,194200000,539100000,714900000,344900000,997900000,690000000,38.09,-193500000,87.89,65.94
2025-12-28,EW,2.28,5883800000.0,38.09,None,0.967,17.57,16000000,None,178600000,178600000,-103800000,-470400000,202900000,-900000,-11000000,None,None,-22900000,65600000,747600000,None,374600000,374600000,194200000,None,None,118500000,None,None,56200000,16100000,5800000,5800000,None,-0.903,0.0758,129000000,185200000,0.5942,2014-06-30,30.58,337700000,4600400000.0,623300000,116700000,37400000,137700000,137700000,None,12300000,None,131500000,None,None,316100000,None,None,547000000,None,None,None,0.274,778000000,447700000,175600000,85600000,108300000,None,None,None,None,None,None,None,4.893,4.939,8.67,None,None,None,None,None,-600000,None,0.233,None,201900000,2025-10-30,quarterly,0.67,USD,pre-market,99000000,303400000,0.0772,0.135,0.147,10.02,348700000,316100000,None,None,77.69,83.33,12.7566,1229100000,514200000,194200000,539100000,714900000,344900000,997900000,690000000,38.09,-193500000,87.89,65.94
2025-12-28,EW,2.28,5883800000.0,38.09,None,0.967,17.57,14300000,None,178600000,178600000,-143800000,-119800000,-124700000,None,-500000,None,None,22700000,65600000,747600000,None,374600000,374600000,194200000,None,None,118500000,None,None,56200000,16200000,208300000,208300000,None,-0.903,0.0758,129000000,185200000,0.5942,2014-03-31,30.58,337700000,4600400000.0,623300000,116700000,37400000,137700000,137700000,None,12300000,None,131500000,None,None,316100000,None,None,60300000,None,None,None,0.274,138900000,447700000,175600000,85600000,108300000,None,None,None,None,None,None,None,4.893,4.939,8.67,None,None,None,None,None,-300000000,None,0.233,None,201900000,2025-10-30,quarterly,0.67,USD,pre-market,99000000,303400000,0.0772,0.135,0.147,10.02,348700000,316100000,None,None,77.69,83.33,12.7566,1229100000,514200000,194200000,539100000,714900000,344900000,997900000,690000000,38.09,-193500000,87.89,65.94
2025-12-28,EW,2.28,5883800000.0,38.09,None,0.967,17.57,20600000,None,178600000,178600000,80500000,-246900000,-50600000,4500000,-3100000,None,None,-700000,65600000,747600000,None,374600000,374600000,194200000,None,None,118500000,None,None,56200000,18800000,599900000,599900000,None,-0.903,0.0758,129000000,185200000,0.5942,2013-12-31,30.58,337700000,4600400000.0,623300000,116700000,37400000,137700000,137700000,None,12300000,None,131500000,None,None,316100000,None,None,75800000,None,None,None,0.274,111300000,447700000,175600000,85600000,108300000,None,None,None,None,None,None,None,4.893,4.939,8.67,None,None,None,None,None,-22700000,None,0.233,None,201900000,2025-10-30,quarterly,0.67,USD,pre-market,99000000,303400000,0.0772,0.135,0.147,10.02,348700000,316100000,None,None,77.69,83.33,12.7566,1229100000,514200000,194200000,539100000,714900000,344900000,997900000,690000000,38.09,-193500000,87.89,65.94
2025-12-28,EW,2.28,5883800000.0,38.09,None,0.967,17.57,37600000,None,178600000,178600000,68600000,-121400000,98300000,4000000,-9600000,None,None,17900000,65600000,747600000,None,374600000,374600000,194200000,None,None,118500000,None,None,56200000,18500000,372900000,372900000,None,-0.903,0.0758,129000000,185200000,0.5942,2013-09-30,30.58,337700000,4600400000.0,623300000,116700000,37400000,137700000,137700000,None,12300000,None,131500000,None,None,316100000,None,None,76900000,None,None,None,0.274,147100000,447700000,175600000,85600000,108300000,None,None,None,None,None,None,None,4.893,4.939,8.67,None,None,None,None,None,-227600000,None,0.233,None,201900000,2025-10-30,quarterly,0.67,USD,pre-market,99000000,303400000,0.0772,0.135,0.147,10.02,348700000,316100000,None,None,77.69,83.33,12.7566,1229100000,514200000,194200000,539100000,714900000,344900000,997900000,690000000,38.09,-193500000,87.89,65.94
2025-12-28,EW,2.28,5883800000.0,38.09,None,0.967,17.57,28900000,None,178600000,178600000,-89300000,-71900000,-28800000,5400000,-13000000,None,None,-14100000,65600000,747600000,None,374600000,374600000,194200000,None,None,118500000,None,None,56200000,16100000,168400000,168400000,None,-0.903,0.0758,129000000,185200000,0.5942,2013-06-30,30.58,337700000,4600400000.0,623300000,116700000,37400000,137700000,137700000,None,12300000,None,131500000,None,None,316100000,None,None,94100000,None,None,None,0.274,127000000,447700000,175600000,85600000,108300000,None,None,None,None,None,None,None,4.893,4.939,8.67,None,None,None,None,None,-138900000,None,0.233,None,201900000,2025-10-30,quarterly,0.67,USD,pre-market,99000000,303400000,0.0772,0.135,0.147,10.02,348700000,316100000,None,None,77.69,83.33,12.7566,1229100000,514200000,194200000,539100000,714900000,344900000,997900000,690000000,38.09,-193500000,87.89,65.94
2025-12-28,EW,2.28,5883800000.0,38.09,None,0.967,17.57,23000000,None,178600000,178600000,-24900000,27500000,90600000,700000,-18700000,None,None,5400000,65600000,747600000,None,374600000,374600000,194200000,None,None,118500000,None,None,56200000,15300000,163800000,163800000,None,-0.903,0.0758,129000000,185200000,0.5942,2013-03-31,30.58,337700000,4600400000.0,623300000,116700000,37400000,137700000,137700000,None,12300000,None,131500000,None,None,316100000,None,None,144900000,None,None,None,0.274,87300000,447700000,175600000,85600000,108300000,None,None,None,None,None,None,None,4.893,4.939,8.67,None,None,None,None,None,-107700000,None,0.233,None,201900000,2025-10-30,quarterly,0.67,USD,pre-market,99000000,303400000,0.0772,0.135,0.147,10.02,348700000,316100000,None,None,77.69,83.33,12.7566,1229100000,514200000,194200000,539100000,714900000,344900000,997900000,690000000,38.09,-193500000,87.89,65.94
2025-12-28,EW,2.28,5883800000.0,38.09,None,0.967,17.57,55800000,None,178600000,178600000,-146900000,15700000,5100000,9900000,2200000,None,None,-22500000,65600000,747600000,None,374600000,374600000,194200000,None,None,118500000,None,None,56200000,15100000,169100000,169100000,None,-0.903,0.0758,129000000,185200000,0.5942,2012-12-31,30.58,337700000,4600400000.0,623300000,116700000,37400000,137700000,137700000,None,12300000,None,131500000,None,None,316100000,None,None,91100000,None,None,None,0.274,126400000,447700000,175600000,85600000,108300000,None,None,None,None,None,None,None,4.893,4.939,8.67,None,None,None,None,None,-177800000,None,0.233,None,201900000,2025-10-30,quarterly,0.67,USD,pre-market,99000000,303400000,0.0772,0.135,0.147,10.02,348700000,316100000,None,None,77.69,83.33,12.7566,1229100000,514200000,194200000,539100000,714900000,344900000,997900000,690000000,38.09,-193500000,87.89,65.94
2025-12-28,EW,2.28,5883800000.0,38.09,None,0.967,17.57,25700000,None,178600000,178600000,-500000,-131900000,1500000,2600000,-12500000,None,None,18200000,65600000,747600000,None,374600000,374600000,194200000,None,None,118500000,None,None,56200000,14400000,32800000,32800000,None,-0.903,0.0758,129000000,185200000,0.5942,2012-09-30,30.58,337700000,4600400000.0,623300000,116700000,37400000,137700000,137700000,None,12300000,None,131500000,None,None,316100000,None,None,69200000,None,None,None,0.274,131300000,447700000,175600000,85600000,108300000,None,None,None,None,None,None,None,4.893,4.939,8.67,None,None,None,None,None,-23100000,None,0.233,None,201900000,2025-10-30,quarterly,0.67,USD,pre-market,99000000,303400000,0.0772,0.135,0.147,10.02,348700000,316100000,None,None,77.69,83.33,12.7566,1229100000,514200000,194200000,539100000,714900000,344900000,997900000,690000000,38.09,-193500000,87.89,65.94
2025-12-28,EW,2.28,5883800000.0,38.09,None,0.967,17.57,28200000,None,178600000,178600000,-5100000,-42700000,91000000,-8000000,-3500000,None,None,2700000,65600000,747600000,None,374600000,374600000,194200000,None,None,118500000,None,None,56200000,14000000,53500000,53500000,None,-0.903,0.0758,129000000,185200000,0.5942,2012-06-30,30.58,337700000,4600400000.0,623300000,116700000,37400000,137700000,137700000,None,12300000,None,131500000,None,None,316100000,None,None,67800000,None,None,None,0.274,146800000,447700000,175600000,85600000,108300000,None,None,None,None,None,None,None,4.893,4.939,8.67,None,None,None,None,None,-53700000,None,0.233,None,201900000,2025-10-30,quarterly,0.67,USD,pre-market,99000000,303400000,0.0772,0.135,0.147,10.02,348700000,316100000,None,None,77.69,83.33,12.7566,1229100000,514200000,194200000,539100000,714900000,344900000,997900000,690000000,38.09,-193500000,87.89,65.94
2025-12-28,EW,2.28,5883800000.0,38.09,None,0.967,17.57,18000000,None,178600000,178600000,-3100000,68400000,42100000,7500000,-7900000,None,None,-24900000,65600000,747600000,None,374600000,374600000,194200000,None,None,118500000,None,None,56200000,13800000,151600000,151600000,None,-0.903,0.0758,129000000,185200000,0.5942,2012-03-31,30.58,337700000,4600400000.0,623300000,116700000,37400000,137700000,137700000,None,12300000,None,131500000,None,None,316100000,None,None,65100000,None,None,None,0.274,-30700000,447700000,175600000,85600000,108300000,None,None,None,None,None,None,None,4.893,4.939,8.67,None,None,None,None,None,-89500000,None,0.233,None,201900000,2025-10-30,quarterly,0.67,USD,pre-market,99000000,303400000,0.0772,0.135,0.147,10.02,348700000,316100000,None,None,77.69,83.33,12.7566,1229100000,514200000,194200000,539100000,714900000,344900000,997900000,690000000,38.09,-193500000,87.89,65.94
2025-12-28,EW,2.28,5883800000.0,38.09,None,0.967,17.57,37700000,None,178600000,178600000,-97000000,-331400000,-279900000,5400000,-18700000,None,None,-15200000,65600000,747600000,None,374600000,374600000,194200000,None,None,118500000,None,None,56200000,14800000,20600000,20600000,None,-0.903,0.0758,129000000,185200000,0.5942,2011-12-31,30.58,337700000,4600400000.0,623300000,116700000,37400000,137700000,137700000,None,12300000,None,131500000,None,None,316100000,None,None,63100000,None,None,None,0.274,143100000,447700000,175600000,85600000,108300000,None,None,None,None,None,None,None,4.893,4.939,8.67,None,None,None,None,None,-40100000,None,0.233,None,201900000,2025-10-30,quarterly,0.67,USD,pre-market,99000000,303400000,0.0772,0.135,0.147,10.02,348700000,316100000,None,None,77.69,83.33,12.7566,1229100000,514200000,194200000,539100000,714900000,344900000,997900000,690000000,38.09,-193500000,87.89,65.94
2025-12-28,EW,2.28,5883800000.0,38.09,None,0.967,17.57,19500000,None,178600000,178600000,-79000000,-17600000,-17100000,-17700000,-23500000,None,None,9800000,65600000,747600000,None,374600000,374600000,194200000,None,None,118500000,None,None,56200000,13900000,305000000,305000000,None,-0.903,0.0758,129000000,185200000,0.5942,2011-09-30,30.58,337700000,4600400000.0,623300000,116700000,37400000,137700000,137700000,None,12300000,None,131500000,None,None,316100000,None,None,51600000,None,None,None,0.274,97200000,447700000,175600000,85600000,108300000,None,None,None,None,None,None,None,4.893,4.939,8.67,None,None,None,None,None,-104300000,None,0.233,None,201900000,2025-10-30,quarterly,0.67,USD,pre-market,99000000,303400000,0.0772,0.135,0.147,10.02,348700000,316100000,None,None,77.69,83.33,12.7566,1229100000,514200000,194200000,539100000,714900000,344900000,997900000,690000000,38.09,-193500000,87.89,65.94
2025-12-28,EW,2.28,5883800000.0,38.09,None,0.967,17.57,19200000,None,178600000,178600000,-18700000,-11300000,34400000,5100000,-8900000,None,None,-13400000,65600000,747600000,None,374600000,374600000,194200000,None,None,118500000,None,None,56200000,14800000,90000000,90000000,None,-0.903,0.0758,129000000,185200000,0.5942,2011-06-30,30.58,337700000,4600400000.0,623300000,116700000,37400000,137700000,137700000,None,12300000,None,131500000,None,None,316100000,None,None,58100000,None,None,None,0.274,59300000,447700000,175600000,85600000,108300000,None,None,None,None,None,None,None,4.893,4.939,8.67,None,None,None,None,None,-83200000,None,0.233,None,201900000,2025-10-30,quarterly,0.67,USD,pre-market,99000000,303400000,0.0772,0.135,0.147,10.02,348700000,316100000,None,None,77.69,83.33,12.7566,1229100000,514200000,194200000,539100000,714900000,344900000,997900000,690000000,38.09,-193500000,87.89,65.94
2025-12-28,EW,2.28,5883800000.0,38.09,None,0.967,17.57,14200000,None,178600000,178600000,59500000,-52500000,37700000,15800000,-5900000,None,None,-34900000,65600000,747600000,None,374600000,374600000,194200000,None,None,118500000,None,None,56200000,14500000,110500000,110500000,None,-0.903,0.0758,129000000,185200000,0.5942,2011-03-31,30.58,337700000,4600400000.0,623300000,116700000,37400000,137700000,137700000,None,12300000,None,131500000,None,None,316100000,None,None,63900000,None,None,None,0.274,14900000,447700000,175600000,85600000,108300000,None,None,None,None,None,None,None,4.893,4.939,8.67,None,None,None,None,None,-75800000,None,0.233,None,201900000,2025-10-30,quarterly,0.67,USD,pre-market,99000000,303400000,0.0772,0.135,0.147,10.02,348700000,316100000,None,None,77.69,83.33,12.7566,1229100000,514200000,194200000,539100000,714900000,344900000,997900000,690000000,38.09,-193500000,87.89,65.94
2025-12-28,EW,2.28,5883800000.0,38.09,None,0.967,17.57,21700000,None,178600000,178600000,-26600000,-23100000,None,None,6700000,None,None,None,65600000,747600000,None,374600000,374600000,194200000,None,None,118500000,None,None,56200000,15400000,0,0,None,-0.903,0.0758,129000000,185200000,0.5942,2010-12-31,30.58,337700000,4600400000.0,623300000,116700000,37400000,137700000,137700000,None,12300000,None,131500000,None,None,316100000,None,None,64800000,None,None,None,0.274,94000000,447700000,175600000,85600000,108300000,None,None,None,None,None,None,None,4.893,4.939,8.67,None,None,None,None,None,0,None,0.233,None,201900000,2025-10-30,quarterly,0.67,USD,pre-market,99000000,303400000,0.0772,0.135,0.147,10.02,348700000,316100000,None,None,77.69,83.33,12.7566,1229100000,514200000,194200000,539100000,714900000,344900000,997900000,690000000,38.09,-193500000,87.89,65.94
2025-12-28,EW,2.28,5883800000.0,38.09,None,0.967,17.57,16400000,None,178600000,178600000,-56600000,-15200000,None,None,-15900000,None,None,None,65600000,747600000,None,374600000,374600000,194200000,None,None,118500000,None,None,56200000,13400000,28600000,28600000,None,-0.903,0.0758,129000000,185200000,0.5942,2010-09-30,30.58,337700000,4600400000.0,623300000,116700000,37400000,137700000,137700000,None,12300000,None,131500000,None,None,316100000,None,None,48000000,None,None,None,0.274,96400000,447700000,175600000,85600000,108300000,None,None,None,None,None,None,None,4.893,4.939,8.67,None,None,None,None,None,-700000,None,0.233,None,201900000,2025-10-30,quarterly,0.67,USD,pre-market,99000000,303400000,0.0772,0.135,0.147,10.02,348700000,316100000,None,None,77.69,83.33,12.7566,1229100000,514200000,194200000,539100000,714900000,344900000,997900000,690000000,38.09,-193500000,87.89,65.94
2025-12-28,EW,2.28,5883800000.0,38.09,None,0.967,17.57,15700000,None,178600000,178600000,-14300000,-16700000,None,None,-14400000,None,None,None,65600000,747600000,None,374600000,374600000,194200000,None,None,118500000,None,None,56200000,13700000,83700000,83700000,None,-0.903,0.0758,129000000,185200000,0.5942,2010-06-30,30.58,337700000,4600400000.0,623300000,116700000,37400000,137700000,137700000,None,12300000,None,131500000,None,None,316100000,None,None,57500000,None,None,None,0.274,48000000,447700000,175600000,85600000,108300000,None,None,None,None,None,None,None,4.893,4.939,8.67,None,None,None,None,None,-101300000,None,0.233,None,201900000,2025-10-30,quarterly,0.67,USD,pre-market,99000000,303400000,0.0772,0.135,0.147,10.02,348700000,316100000,None,None,77.69,83.33,12.7566,1229100000,514200000,194200000,539100000,714900000,344900000,997900000,690000000,38.09,-193500000,87.89,65.94
2025-12-28,EW,2.28,5883800000.0,38.09,None,0.967,17.57,9200000,None,178600000,178600000,-6400000,-6500000,None,None,-13200000,None,None,None,65600000,747600000,None,374600000,374600000,194200000,None,None,118500000,None,None,56200000,14000000,104500000,104500000,None,-0.903,0.0758,129000000,185200000,0.5942,2010-03-31,30.58,337700000,4600400000.0,623300000,116700000,37400000,137700000,137700000,None,12300000,None,131500000,None,None,316100000,None,None,47700000,None,None,None,0.274,13000000,447700000,175600000,85600000,108300000,None,None,None,None,None,None,None,4.893,4.939,8.67,None,None,None,None,None,-98000000,None,0.233,None,201900000,2025-10-30,quarterly,0.67,USD,pre-market,99000000,303400000,0.0772,0.135,0.147,10.02,348700000,316100000,None,None,77.69,83.33,12.7566,1229100000,514200000,194200000,539100000,714900000,344900000,997900000,690000000,38.09,-193500000,87.89,65.94
2025-12-28,EW,2.28,5883800000.0,38.09,None,0.967,17.57,23700000,None,178600000,178600000,3900000,-15900000,None,None,800000,None,None,None,65600000,747600000,None,374600000,374600000,194200000,None,None,118500000,None,None,56200000,14200000,None,None,None,-0.903,0.0758,129000000,185200000,0.5942,2009-12-31,30.58,337700000,4600400000.0,623300000,116700000,37400000,137700000,137700000,None,12300000,None,131500000,None,None,316100000,None,None,47600000,None,None,None,0.274,65900000,447700000,175600000,85600000,108300000,None,None,None,None,None,None,None,4.893,4.939,8.67,None,None,None,None,None,-15900000,None,0.233,None,201900000,2025-10-30,quarterly,0.67,USD,pre-market,99000000,303400000,0.0772,0.135,0.147,10.02,348700000,316100000,None,None,77.69,83.33,12.7566,1229100000,514200000,194200000,539100000,714900000,344900000,997900000,690000000,38.09,-193500000,87.89,65.94
2025-12-28,EW,2.28,5883800000.0,38.09,None,0.967,17.57,12100000,None,178600000,178600000,-26300000,53300000,None,None,-5900000,None,None,None,65600000,747600000,None,374600000,374600000,194200000,None,None,118500000,None,None,56200000,15400000,30000000,30000000,None,-0.903,0.0758,129000000,185200000,0.5942,2009-09-30,30.58,337700000,4600400000.0,623300000,116700000,37400000,137700000,137700000,None,12300000,None,131500000,None,None,316100000,None,None,73500000,None,None,None,0.274,71500000,447700000,175600000,85600000,108300000,None,None,None,None,None,None,None,4.893,4.939,8.67,None,None,None,None,None,-25100000,None,0.233,None,201900000,2025-10-30,quarterly,0.67,USD,pre-market,99000000,303400000,0.0772,0.135,0.147,10.02,348700000,316100000,None,None,77.69,83.33,12.7566,1229100000,514200000,194200000,539100000,714900000,344900000,997900000,690000000,38.09,-193500000,87.89,65.94
2025-12-28,EW,2.28,5883800000.0,38.09,None,0.967,17.57,17100000,None,178600000,178600000,-15500000,-14600000,None,None,-8600000,None,None,None,65600000,747600000,None,374600000,374600000,194200000,None,None,118500000,None,None,56200000,14900000,69300000,69300000,None,-0.903,0.0758,129000000,185200000,0.5942,2009-06-30,30.58,337700000,4600400000.0,623300000,116700000,37400000,137700000,137700000,None,12300000,None,131500000,None,None,316100000,None,None,47500000,None,None,None,0.274,63900000,447700000,175600000,85600000,108300000,None,None,None,None,None,None,None,4.893,4.939,8.67,None,None,None,None,None,-27700000,None,0.233,None,201900000,2025-10-30,quarterly,0.67,USD,pre-market,99000000,303400000,0.0772,0.135,0.147,10.02,348700000,316100000,None,None,77.69,83.33,12.7566,1229100000,514200000,194200000,539100000,714900000,344900000,997900000,690000000,38.09,-193500000,87.89,65.94
2025-12-28,EW,2.28,5883800000.0,38.09,None,0.967,17.57,11100000,None,178600000,178600000,-53900000,17300000,None,None,600000,None,None,None,65600000,747600000,None,374600000,374600000,194200000,None,None,118500000,None,None,56200000,14200000,30000000,30000000,None,-0.903,0.0758,129000000,185200000,0.5942,2009-03-31,30.58,337700000,4600400000.0,623300000,116700000,37400000,137700000,137700000,None,12300000,None,131500000,None,None,316100000,None,None,60500000,None,None,None,0.274,-36000000,447700000,175600000,85600000,108300000,None,None,None,None,None,None,None,4.893,4.939,8.67,None,None,None,None,None,-26800000,None,0.233,None,201900000,2025-10-30,quarterly,0.67,USD,pre-market,99000000,303400000,0.0772,0.135,0.147,10.02,348700000,316100000,None,None,77.69,83.33,12.7566,1229100000,514200000,194200000,539100000,714900000,344900000,997900000,690000000,38.09,-193500000,87.89,65.94
2025-12-28,EW,2.28,5883800000.0,38.09,None,0.967,17.57,44700000,None,178600000,178600000,-45600000,-16800000,None,None,-6400000,None,None,None,65600000,747600000,None,374600000,374600000,194200000,None,None,118500000,None,None,56200000,14300000,None,None,None,-0.903,0.0758,129000000,185200000,0.5942,2008-12-31,30.58,337700000,4600400000.0,623300000,116700000,37400000,137700000,137700000,None,12300000,None,131500000,None,None,316100000,None,None,38100000,None,None,None,0.274,80500000,447700000,175600000,85600000,108300000,None,None,None,None,None,None,None,4.893,4.939,8.67,None,None,None,None,None,-21000000,None,0.233,None,201900000,2025-10-30,quarterly,0.67,USD,pre-market,99000000,303400000,0.0772,0.135,0.147,10.02,348700000,316100000,None,None,77.69,83.33,12.7566,1229100000,514200000,194200000,539100000,714900000,344900000,997900000,690000000,38.09,-193500000,87.89,65.94
2025-12-28,EW,2.28,5883800000.0,38.09,None,0.967,17.57,12200000,None,178600000,178600000,7200000,-2200000,None,None,-11500000,None,None,None,65600000,747600000,None,374600000,374600000,194200000,None,None,118500000,None,None,56200000,13800000,None,None,None,-0.903,0.0758,129000000,185200000,0.5942,2008-09-30,30.58,337700000,4600400000.0,623300000,116700000,37400000,137700000,137700000,None,12300000,None,131500000,None,None,316100000,None,None,32900000,None,None,None,0.274,13800000,447700000,175600000,85600000,108300000,None,None,None,None,None,None,None,4.893,4.939,8.67,None,None,None,None,None,-70700000,None,0.233,None,201900000,2025-10-30,quarterly,0.67,USD,pre-market,99000000,303400000,0.0772,0.135,0.147,10.02,348700000,316100000,None,None,77.69,83.33,12.7566,1229100000,514200000,194200000,539100000,714900000,344900000,997900000,690000000,38.09,-193500000,87.89,65.94
2025-12-28,EW,2.28,5883800000.0,38.09,None,0.967,17.57,12000000,None,178600000,178600000,2900000,-5100000,None,None,300000,None,None,None,65600000,747600000,None,374600000,374600000,194200000,None,None,118500000,None,None,56200000,14000000,None,None,None,-0.903,0.0758,129000000,185200000,0.5942,2008-06-30,30.58,337700000,4600400000.0,623300000,116700000,37400000,137700000,137700000,None,12300000,None,131500000,None,None,316100000,None,None,39700000,None,None,None,0.274,29000000,447700000,175600000,85600000,108300000,None,None,None,None,None,None,None,4.893,4.939,8.67,None,None,None,None,None,-114800000,None,0.233,None,201900000,2025-10-30,quarterly,0.67,USD,pre-market,99000000,303400000,0.0772,0.135,0.147,10.02,348700000,316100000,None,None,77.69,83.33,12.7566,1229100000,514200000,194200000,539100000,714900000,344900000,997900000,690000000,38.09,-193500000,87.89,65.94
2025-12-28,EW,2.28,5883800000.0,38.09,None,0.967,17.57,9100000,None,178600000,178600000,-98600000,82900000,None,None,-200000,None,None,None,65600000,747600000,None,374600000,374600000,194200000,None,None,118500000,None,None,56200000,13500000,None,None,None,-0.903,0.0758,129000000,185200000,0.5942,2008-03-31,30.58,337700000,4600400000.0,623300000,116700000,37400000,137700000,137700000,None,12300000,None,131500000,None,None,316100000,None,None,18200000,None,None,None,0.274,29900000,447700000,175600000,85600000,108300000,None,None,None,None,None,None,None,4.893,4.939,8.67,None,None,None,None,None,-100000000,None,0.233,None,201900000,2025-10-30,quarterly,0.67,USD,pre-market,99000000,303400000,0.0772,0.135,0.147,10.02,348700000,316100000,None,None,77.69,83.33,12.7566,1229100000,514200000,194200000,539100000,714900000,344900000,997900000,690000000,38.09,-193500000,87.89,65.94
2025-12-28,EW,2.28,5883800000.0,38.09,None,0.967,17.57,18400000,None,178600000,178600000,-18300000,-92700000,None,None,3200000,None,None,None,65600000,747600000,None,374600000,374600000,194200000,None,None,118500000,None,None,56200000,13700000,None,None,None,-0.903,0.0758,129000000,185200000,0.5942,2007-12-31,30.58,337700000,4600400000.0,623300000,116700000,37400000,137700000,137700000,None,12300000,None,131500000,None,None,316100000,None,None,15800000,None,None,None,0.274,76900000,447700000,175600000,85600000,108300000,None,None,None,None,None,None,None,4.893,4.939,8.67,None,None,None,None,None,-23700000,None,0.233,None,201900000,2025-10-30,quarterly,0.67,USD,pre-market,99000000,303400000,0.0772,0.135,0.147,10.02,348700000,316100000,None,None,77.69,83.33,12.7566,1229100000,514200000,194200000,539100000,714900000,344900000,997900000,690000000,38.09,-193500000,87.89,65.94
2025-12-28,EW,2.28,5883800000.0,38.09,None,0.967,17.57,15700000,None,178600000,178600000,-36100000,-14400000,None,None,-10800000,None,None,None,65600000,747600000,None,374600000,374600000,194200000,None,None,118500000,None,None,56200000,14000000,None,None,None,-0.903,0.0758,129000000,185200000,0.5942,2007-09-30,30.58,337700000,4600400000.0,623300000,116700000,37400000,137700000,137700000,None,12300000,None,131500000,None,None,316100000,None,None,29100000,None,None,None,0.274,59400000,447700000,175600000,85600000,108300000,None,None,None,None,None,None,None,4.893,4.939,8.67,None,None,None,None,None,-47400000,None,0.233,None,201900000,2025-10-30,quarterly,0.67,USD,pre-market,99000000,303400000,0.0772,0.135,0.147,10.02,348700000,316100000,None,None,77.69,83.33,12.7566,1229100000,514200000,194200000,539100000,714900000,344900000,997900000,690000000,38.09,-193500000,87.89,65.94
2025-12-28,EW,2.28,5883800000.0,38.09,None,0.967,17.57,14800000,None,178600000,178600000,-36900000,-15800000,None,None,-2300000,None,None,None,65600000,747600000,None,374600000,374600000,194200000,None,None,118500000,None,None,56200000,13700000,None,None,None,-0.903,0.0758,129000000,185200000,0.5942,2007-06-30,30.58,337700000,4600400000.0,623300000,116700000,37400000,137700000,137700000,None,12300000,None,131500000,None,None,316100000,None,None,34900000,None,None,None,0.274,37800000,447700000,175600000,85600000,108300000,None,None,None,None,None,None,None,4.893,4.939,8.67,None,None,None,None,None,-35000000,None,0.233,None,201900000,2025-10-30,quarterly,0.67,USD,pre-market,99000000,303400000,0.0772,0.135,0.147,10.02,348700000,316100000,None,None,77.69,83.33,12.7566,1229100000,514200000,194200000,539100000,714900000,344900000,997900000,690000000,38.09,-193500000,87.89,65.94
2025-12-28,EW,2.28,5883800000.0,38.09,None,0.967,17.57,13600000,None,178600000,178600000,-16800000,-21600000,None,None,900000,None,None,None,65600000,747600000,None,374600000,374600000,194200000,None,None,118500000,None,None,56200000,13400000,None,None,None,-0.903,0.0758,129000000,185200000,0.5942,2007-03-31,30.58,337700000,4600400000.0,623300000,116700000,37400000,137700000,137700000,None,12300000,None,131500000,None,None,316100000,None,None,33200000,None,None,None,0.274,36100000,447700000,175600000,85600000,108300000,None,None,None,None,None,None,None,4.893,4.939,8.67,None,None,None,None,None,-24800000,None,0.233,None,201900000,2025-10-30,quarterly,0.67,USD,pre-market,99000000,303400000,0.0772,0.135,0.147,10.02,348700000,316100000,None,None,77.69,83.33,12.7566,1229100000,514200000,194200000,539100000,714900000,344900000,997900000,690000000,38.09,-193500000,87.89,65.94
2025-12-28,EW,2.28,5883800000.0,38.09,None,0.967,17.57,17400000,None,178600000,178600000,-32300000,-7400000,None,None,2100000,None,None,None,65600000,747600000,None,374600000,374600000,194200000,None,None,118500000,None,None,56200000,14600000,None,None,None,-0.903,0.0758,129000000,185200000,0.5942,2006-12-31,30.58,337700000,4600400000.0,623300000,116700000,37400000,137700000,137700000,None,12300000,None,131500000,None,None,316100000,None,None,20700000,None,None,None,0.274,70000000,447700000,175600000,85600000,108300000,None,None,None,None,None,None,None,4.893,4.939,8.67,None,None,None,None,None,-18700000,None,0.233,None,201900000,2025-10-30,quarterly,0.67,USD,pre-market,99000000,303400000,0.0772,0.135,0.147,10.02,348700000,316100000,None,None,77.69,83.33,12.7566,1229100000,514200000,194200000,539100000,714900000,344900000,997900000,690000000,38.09,-193500000,87.89,65.94
2025-12-28,EW,2.28,5883800000.0,38.09,None,0.967,17.57,18000000,None,178600000,178600000,-60800000,-15700000,None,None,-9700000,None,None,None,65600000,747600000,None,374600000,374600000,194200000,None,None,118500000,None,None,56200000,13800000,None,None,None,-0.903,0.0758,129000000,185200000,0.5942,2006-09-30,30.58,337700000,4600400000.0,623300000,116700000,37400000,137700000,137700000,None,12300000,None,131500000,None,None,316100000,None,None,27800000,None,None,None,0.274,60200000,447700000,175600000,85600000,108300000,None,None,None,None,None,None,None,4.893,4.939,8.67,None,None,None,None,None,-41300000,None,0.233,None,201900000,2025-10-30,quarterly,0.67,USD,pre-market,99000000,303400000,0.0772,0.135,0.147,10.02,348700000,316100000,None,None,77.69,83.33,12.7566,1229100000,514200000,194200000,539100000,714900000,344900000,997900000,690000000,38.09,-193500000,87.89,65.94
2025-12-28,EW,2.28,5883800000.0,38.09,None,0.967,17.57,16000000,None,178600000,178600000,-55500000,-7600000,None,None,-2200000,None,None,None,65600000,747600000,None,374600000,374600000,194200000,None,None,118500000,None,None,56200000,14400000,None,None,None,-0.903,0.0758,129000000,185200000,0.5942,2006-06-30,30.58,337700000,4600400000.0,623300000,116700000,37400000,137700000,137700000,None,12300000,None,131500000,None,None,316100000,None,None,36000000,None,None,None,0.274,39600000,447700000,175600000,85600000,108300000,None,None,None,None,None,None,None,4.893,4.939,8.67,None,None,None,None,None,-56500000,None,0.233,None,201900000,2025-10-30,quarterly,0.67,USD,pre-market,99000000,303400000,0.0772,0.135,0.147,10.02,348700000,316100000,None,None,77.69,83.33,12.7566,1229100000,514200000,194200000,539100000,714900000,344900000,997900000,690000000,38.09,-193500000,87.89,65.94
2025-12-28,EW,2.28,5883800000.0,38.09,None,0.967,17.57,8000000,None,178600000,178600000,-45000000,-5000000,None,None,-3000000,None,None,None,65600000,747600000,None,374600000,374600000,194200000,None,None,118500000,None,None,56200000,14000000,None,None,None,-0.903,0.0758,129000000,185200000,0.5942,2006-03-31,30.58,337700000,4600400000.0,623300000,116700000,37400000,137700000,137700000,None,12300000,None,131500000,None,None,316100000,None,None,46000000,None,None,None,0.274,61000000,447700000,175600000,85600000,108300000,None,None,None,None,None,None,None,4.893,4.939,8.67,None,None,None,None,None,-29400000,None,0.233,None,201900000,2025-10-30,quarterly,0.67,USD,pre-market,99000000,303400000,0.0772,0.135,0.147,10.02,348700000,316100000,None,None,77.69,83.33,12.7566,1229100000,514200000,194200000,539100000,714900000,344900000,997900000,690000000,38.09,-193500000,87.89,65.94
2025-12-28,EW,2.28,5883800000.0,38.09,None,0.967,17.57,21900000,None,178600000,178600000,55200000,-8800000,None,None,2000000,None,None,None,65600000,747600000,None,374600000,374600000,194200000,None,None,118500000,None,None,56200000,14400000,None,None,None,-0.903,0.0758,129000000,185200000,0.5942,2005-12-31,30.58,337700000,4600400000.0,623300000,116700000,37400000,137700000,137700000,None,12300000,None,131500000,None,None,316100000,None,None,38600000,None,None,None,0.274,44300000,447700000,175600000,85600000,108300000,None,None,None,None,None,None,None,4.893,4.939,8.67,None,None,None,None,None,-17100000,None,0.233,None,201900000,2025-10-30,quarterly,0.67,USD,pre-market,99000000,303400000,0.0772,0.135,0.147,10.02,348700000,316100000,None,None,77.69,83.33,12.7566,1229100000,514200000,194200000,539100000,714900000,344900000,997900000,690000000,38.09,-193500000,87.89,65.94
2025-12-28,EW,2.28,5883800000.0,38.09,None,0.967,17.57,10800000,None,178600000,178600000,-34300000,-11600000,None,None,-5000000,None,None,None,65600000,747600000,None,374600000,374600000,194200000,None,None,118500000,None,None,56200000,14000000,None,None,None,-0.903,0.0758,129000000,185200000,0.5942,2005-09-30,30.58,337700000,4600400000.0,623300000,116700000,37400000,137700000,137700000,None,12300000,None,131500000,None,None,316100000,None,None,-4400000,None,None,None,0.274,39000000,447700000,175600000,85600000,108300000,None,None,None,None,None,None,None,4.893,4.939,8.67,None,None,None,None,None,-20400000,None,0.233,None,201900000,2025-10-30,quarterly,0.67,USD,pre-market,99000000,303400000,0.0772,0.135,0.147,10.02,348700000,316100000,None,None,77.69,83.33,12.7566,1229100000,514200000,194200000,539100000,714900000,344900000,997900000,690000000,38.09,-193500000,87.89,65.94
2025-12-28,EW,2.28,5883800000.0,38.09,None,0.967,17.57,252400000,None,178600000,178600000,-983000000,2312900000,None,None,-256100000,None,None,None,65600000,747600000,None,374600000,374600000,194200000,None,None,118500000,None,None,56200000,155200000,None,None,None,-0.903,0.0758,129000000,185200000,0.5942,2024-12-31,30.58,337700000,4600400000.0,623300000,116700000,37400000,137700000,137700000,None,12300000,None,131500000,None,None,316100000,None,None,4169700000,None,None,None,0.274,542300000,447700000,175600000,85600000,108300000,None,None,None,None,None,None,None,4.893,4.939,8.67,None,None,None,None,None,-1159400000,None,0.233,None,201900000,2025-10-30,annual,0.67,USD,pre-market,99000000,303400000,0.0772,0.135,0.147,10.02,348700000,316100000,None,None,77.69,83.33,12.7566,1229100000,514200000,194200000,539100000,714900000,344900000,997900000,690000000,38.09,-193500000,87.89,65.94
2025-12-28,EW,2.28,5883800000.0,38.09,None,0.967,17.57,266300000,None,178600000,178600000,-711000000,173800000,None,None,-289000000,None,None,None,65600000,747600000,None,374600000,374600000,194200000,None,None,118500000,None,None,56200000,144900000,169900000,169900000,None,-0.903,0.0758,129000000,185200000,0.5942,2023-12-31,30.58,337700000,4600400000.0,623300000,116700000,37400000,137700000,137700000,None,12300000,None,131500000,None,None,316100000,None,None,1402400000,None,None,None,0.274,895800000,447700000,175600000,85600000,108300000,None,None,None,None,None,None,None,4.893,4.939,8.67,None,None,None,None,None,-879600000,None,0.233,None,201900000,2025-10-30,annual,0.67,USD,pre-market,99000000,303400000,0.0772,0.135,0.147,10.02,348700000,316100000,None,None,77.69,83.33,12.7566,1229100000,514200000,194200000,539100000,714900000,344900000,997900000,690000000,38.09,-193500000,87.89,65.94
2025-12-28,EW,2.28,5883800000.0,38.09,None,0.967,17.57,264800000,None,178600000,178600000,-1584500000,252300000,-114000000,None,-213400000,None,None,-84100000,65600000,747600000,None,374600000,374600000,194200000,None,None,118500000,None,None,56200000,139600000,146400000,146400000,None,-0.903,0.0758,129000000,185200000,0.5942,2022-12-31,30.58,337700000,4600400000.0,623300000,116700000,37400000,137700000,137700000,None,12300000,None,131500000,None,None,316100000,None,None,1521900000,None,None,None,0.274,1218200000,447700000,175600000,85600000,108300000,None,None,None,None,None,None,None,4.893,4.939,8.67,None,None,None,None,None,-1727100000,None,0.233,None,201900000,2025-10-30,annual,0.67,USD,pre-market,99000000,303400000,0.0772,0.135,0.147,10.02,348700000,316100000,None,None,77.69,83.33,12.7566,1229100000,514200000,194200000,539100000,714900000,344900000,997900000,690000000,38.09,-193500000,87.89,65.94
2025-12-28,EW,2.28,5883800000.0,38.09,None,0.967,17.57,329800000,None,178600000,178600000,-356300000,-1722500000,-346700000,None,19000000,None,None,-91100000,65600000,747600000,None,374600000,374600000,194200000,None,None,118500000,None,None,56200000,134800000,158600000,158600000,None,-0.903,0.0758,129000000,185200000,0.5942,2021-12-31,30.58,337700000,4600400000.0,623300000,116700000,37400000,137700000,137700000,None,12300000,None,131500000,None,None,316100000,None,None,1503100000,None,None,None,0.274,1732100000,447700000,175600000,85600000,108300000,None,None,None,None,None,None,None,4.893,4.939,8.67,None,None,None,None,None,-512800000,None,0.233,None,201900000,2025-10-30,annual,0.67,USD,pre-market,99000000,303400000,0.0772,0.135,0.147,10.02,348700000,316100000,None,None,77.69,83.33,12.7566,1229100000,514200000,194200000,539100000,714900000,344900000,997900000,690000000,38.09,-193500000,87.89,65.94
2025-12-28,EW,2.28,5883800000.0,38.09,None,0.967,17.57,407300000,None,178600000,178600000,-486900000,-531100000,36300000,None,-120600000,None,None,41900000,65600000,747600000,None,374600000,374600000,194200000,None,None,118500000,None,None,56200000,107200000,140500000,140500000,None,-0.903,0.0758,129000000,185200000,0.5942,2020-12-31,30.58,337700000,4600400000.0,623300000,116700000,37400000,137700000,137700000,None,12300000,None,131500000,None,None,316100000,None,None,823400000,None,None,None,0.274,1054300000,447700000,175600000,85600000,108300000,None,None,None,None,None,None,None,4.893,4.939,8.67,None,None,None,None,None,-625400000,None,0.233,None,201900000,2025-10-30,annual,0.67,USD,pre-market,99000000,303400000,0.0772,0.135,0.147,10.02,348700000,316100000,None,None,77.69,83.33,12.7566,1229100000,514200000,194200000,539100000,714900000,344900000,997900000,690000000,38.09,-193500000,87.89,65.94
2025-12-28,EW,2.28,5883800000.0,38.09,None,0.967,17.57,278400000,None,178600000,178600000,-115600000,-595800000,468000000,None,-105400000,None,None,-88000000,65600000,747600000,None,374600000,374600000,194200000,None,None,118500000,None,None,56200000,89300000,18900000,18900000,None,-0.903,0.0758,129000000,185200000,0.5942,2019-12-31,30.58,337700000,4600400000.0,623300000,116700000,37400000,137700000,137700000,None,12300000,None,131500000,None,None,316100000,None,None,1046900000,None,None,None,0.274,1179400000,447700000,175600000,85600000,108300000,None,None,None,None,None,None,None,4.893,4.939,8.67,None,None,None,None,None,-263300000,None,0.233,None,201900000,2025-10-30,annual,0.67,USD,pre-market,99000000,303400000,0.0772,0.135,0.147,10.02,348700000,316100000,None,None,77.69,83.33,12.7566,1229100000,514200000,194200000,539100000,714900000,344900000,997900000,690000000,38.09,-193500000,87.89,65.94
2025-12-28,EW,2.28,5883800000.0,38.09,None,0.967,17.57,241700000,None,178600000,178600000,-1101200000,76700000,-104200000,-6500000,-65700000,None,None,-28700000,65600000,747600000,None,374600000,374600000,194200000,None,None,118500000,None,None,56200000,77400000,688000000,688000000,None,-0.903,0.0758,129000000,185200000,0.5942,2018-12-31,30.58,337700000,4600400000.0,623300000,116700000,37400000,137700000,137700000,None,12300000,None,131500000,None,None,316100000,None,None,722200000,None,None,None,0.274,926800000,447700000,175600000,85600000,108300000,None,None,None,None,None,None,None,4.893,4.939,8.67,None,None,None,None,None,-795500000,None,0.233,None,201900000,2025-10-30,annual,0.67,USD,pre-market,99000000,303400000,0.0772,0.135,0.147,10.02,348700000,316100000,None,None,77.69,83.33,12.7566,1229100000,514200000,194200000,539100000,714900000,344900000,997900000,690000000,38.09,-193500000,87.89,65.94
2025-12-28,EW,2.28,5883800000.0,38.09,None,0.967,17.57,175500000,None,178600000,178600000,-473200000,-647200000,-111800000,7900000,-124000000,None,None,-3900000,65600000,747600000,None,374600000,374600000,194200000,None,None,118500000,None,None,56200000,81900000,0,0,None,-0.903,0.0758,129000000,185200000,0.5942,2017-12-31,30.58,337700000,4600400000.0,623300000,116700000,37400000,137700000,137700000,None,12300000,None,131500000,None,None,316100000,None,None,583600000,None,None,None,0.274,1000700000,447700000,175600000,85600000,108300000,None,None,None,None,None,None,None,4.893,4.939,8.67,None,None,None,None,None,-763300000,None,0.233,None,201900000,2025-10-30,annual,0.67,USD,pre-market,99000000,303400000,0.0772,0.135,0.147,10.02,348700000,316100000,None,None,77.69,83.33,12.7566,1229100000,514200000,194200000,539100000,714900000,344900000,997900000,690000000,38.09,-193500000,87.89,65.94
2025-12-28,EW,2.28,5883800000.0,38.09,None,0.967,17.57,217400000,None,178600000,178600000,-268500000,-211700000,211700000,-12500000,-65600000,None,None,-56700000,65600000,747600000,None,374600000,374600000,194200000,None,None,118500000,None,None,56200000,71200000,253500000,253500000,None,-0.903,0.0758,129000000,185200000,0.5942,2016-12-31,30.58,337700000,4600400000.0,623300000,116700000,37400000,137700000,137700000,None,12300000,None,131500000,None,None,316100000,None,None,569500000,None,None,None,0.274,704400000,447700000,175600000,85600000,108300000,None,None,None,None,None,None,None,4.893,4.939,8.67,None,None,None,None,None,-662300000,None,0.233,None,201900000,2025-10-30,annual,0.67,USD,pre-market,99000000,303400000,0.0772,0.135,0.147,10.02,348700000,316100000,None,None,77.69,83.33,12.7566,1229100000,514200000,194200000,539100000,714900000,344900000,997900000,690000000,38.09,-193500000,87.89,65.94
2025-12-28,EW,2.28,5883800000.0,38.09,None,0.967,17.57,106500000,None,178600000,178600000,-158600000,-316100000,64600000,-10400000,-67700000,None,None,-38300000,65600000,747600000,None,374600000,374600000,194200000,None,None,118500000,None,None,56200000,65800000,31400000,31400000,None,-0.903,0.0758,129000000,185200000,0.5942,2015-12-31,30.58,337700000,4600400000.0,623300000,116700000,37400000,137700000,137700000,None,12300000,None,131500000,None,None,316100000,None,None,494900000,None,None,None,0.274,549700000,447700000,175600000,85600000,108300000,None,None,None,None,None,None,None,4.893,4.939,8.67,None,None,None,None,None,-280100000,None,0.233,None,201900000,2025-10-30,annual,0.67,USD,pre-market,99000000,303400000,0.0772,0.135,0.147,10.02,348700000,316100000,None,None,77.69,83.33,12.7566,1229100000,514200000,194200000,539100000,714900000,344900000,997900000,690000000,38.09,-193500000,87.89,65.94
2025-12-28,EW,2.28,5883800000.0,38.09,None,0.967,17.57,93700000,None,178600000,178600000,-153000000,-633000000,233400000,-2900000,-30500000,None,None,-26800000,65600000,747600000,None,374600000,374600000,194200000,None,None,118500000,None,None,56200000,68600000,226300000,226300000,None,-0.903,0.0758,129000000,185200000,0.5942,2014-12-31,30.58,337700000,4600400000.0,623300000,116700000,37400000,137700000,137700000,None,12300000,None,131500000,None,None,316100000,None,None,811100000,None,None,None,0.274,1022300000,447700000,175600000,85600000,108300000,None,None,None,None,None,None,None,4.893,4.939,8.67,None,None,None,None,None,-300900000,None,0.233,None,201900000,2025-10-30,annual,0.67,USD,pre-market,99000000,303400000,0.0772,0.135,0.147,10.02,348700000,316100000,None,None,77.69,83.33,12.7566,1229100000,514200000,194200000,539100000,714900000,344900000,997900000,690000000,38.09,-193500000,87.89,65.94
2025-12-28,EW,2.28,5883800000.0,38.09,None,0.967,17.57,110100000,None,178600000,178600000,34900000,-412700000,109500000,14600000,-44400000,None,None,8500000,65600000,747600000,None,374600000,374600000,194200000,None,None,118500000,None,None,56200000,68700000,1305000000,1305000000,None,-0.903,0.0758,129000000,185200000,0.5942,2013-12-31,30.58,337700000,4600400000.0,623300000,116700000,37400000,137700000,137700000,None,12300000,None,131500000,None,None,316100000,None,None,391700000,None,None,None,0.274,472700000,447700000,175600000,85600000,108300000,None,None,None,None,None,None,None,4.893,4.939,8.67,None,None,None,None,None,-496900000,None,0.233,None,201900000,2025-10-30,annual,0.67,USD,pre-market,99000000,303400000,0.0772,0.135,0.147,10.02,348700000,316100000,None,None,77.69,83.33,12.7566,1229100000,514200000,194200000,539100000,714900000,344900000,997900000,690000000,38.09,-193500000,87.89,65.94
2025-12-28,EW,2.28,5883800000.0,38.09,None,0.967,17.57,127700000,None,178600000,178600000,-155600000,-90500000,139700000,12000000,-21700000,None,None,-26500000,65600000,747600000,None,374600000,374600000,194200000,None,None,118500000,None,None,56200000,57300000,407000000,407000000,None,-0.903,0.0758,129000000,185200000,0.5942,2012-12-31,30.58,337700000,4600400000.0,623300000,116700000,37400000,137700000,137700000,None,12300000,None,131500000,None,None,316100000,None,None,293200000,None,None,None,0.274,373800000,447700000,175600000,85600000,108300000,None,None,None,None,None,None,None,4.893,4.939,8.67,None,None,None,None,None,-344100000,None,0.233,None,201900000,2025-10-30,annual,0.67,USD,pre-market,99000000,303400000,0.0772,0.135,0.147,10.02,348700000,316100000,None,None,77.69,83.33,12.7566,1229100000,514200000,194200000,539100000,714900000,344900000,997900000,690000000,38.09,-193500000,87.89,65.94
2025-12-28,EW,2.28,5883800000.0,38.09,None,0.967,17.57,90600000,None,178600000,178600000,-135200000,-412800000,-224900000,8600000,-57000000,None,None,-53700000,65600000,747600000,None,374600000,374600000,194200000,None,None,118500000,None,None,56200000,58000000,526100000,526100000,None,-0.903,0.0758,129000000,185200000,0.5942,2011-12-31,30.58,337700000,4600400000.0,623300000,116700000,37400000,137700000,137700000,None,12300000,None,131500000,None,None,316100000,None,None,236700000,None,None,None,0.274,314500000,447700000,175600000,85600000,108300000,None,None,None,None,None,None,None,4.893,4.939,8.67,None,None,None,None,None,-303400000,None,0.233,None,201900000,2025-10-30,annual,0.67,USD,pre-market,99000000,303400000,0.0772,0.135,0.147,10.02,348700000,316100000,None,None,77.69,83.33,12.7566,1229100000,514200000,194200000,539100000,714900000,344900000,997900000,690000000,38.09,-193500000,87.89,65.94
2025-12-28,EW,2.28,5883800000.0,38.09,None,0.967,17.57,63000000,None,178600000,178600000,-103900000,-61500000,62000000,-24000000,-36800000,None,None,-34200000,65600000,747600000,None,374600000,374600000,194200000,None,None,118500000,None,None,56200000,56500000,254400000,254400000,None,-0.903,0.0758,129000000,185200000,0.5942,2010-12-31,30.58,337700000,4600400000.0,623300000,116700000,37400000,137700000,137700000,None,12300000,None,131500000,None,None,316100000,None,None,218000000,None,None,None,0.274,251400000,447700000,175600000,85600000,108300000,None,None,None,None,None,None,None,4.893,4.939,8.67,None,None,None,None,None,-200000000,None,0.233,None,201900000,2025-10-30,annual,0.67,USD,pre-market,99000000,303400000,0.0772,0.135,0.147,10.02,348700000,316100000,None,None,77.69,83.33,12.7566,1229100000,514200000,194200000,539100000,714900000,344900000,997900000,690000000,38.09,-193500000,87.89,65.94
2025-12-28,EW,2.28,5883800000.0,38.09,None,0.967,17.57,64000000,None,178600000,178600000,-91800000,40100000,None,None,-13100000,None,None,None,65600000,747600000,None,374600000,374600000,194200000,None,None,118500000,None,None,56200000,58700000,129300000,129300000,None,-0.903,0.0758,129000000,185200000,0.5942,2009-12-31,30.58,337700000,4600400000.0,623300000,116700000,37400000,137700000,137700000,None,12300000,None,131500000,None,None,316100000,None,None,229100000,None,None,None,0.274,165300000,447700000,175600000,85600000,108300000,None,None,None,None,None,None,None,4.893,4.939,8.67,None,None,None,None,None,-95500000,None,0.233,None,201900000,2025-10-30,annual,0.67,USD,pre-market,99000000,303400000,0.0772,0.135,0.147,10.02,348700000,316100000,None,None,77.69,83.33,12.7566,1229100000,514200000,194200000,539100000,714900000,344900000,997900000,690000000,38.09,-193500000,87.89,65.94
2025-12-28,EW,2.28,5883800000.0,38.09,None,0.967,17.57,78000000,None,178600000,178600000,-134100000,58800000,None,None,-17800000,None,None,None,65600000,747600000,None,374600000,374600000,194200000,None,None,118500000,None,None,56200000,55600000,206300000,206300000,None,-0.903,0.0758,129000000,185200000,0.5942,2008-12-31,30.58,337700000,4600400000.0,623300000,116700000,37400000,137700000,137700000,None,12300000,None,131500000,None,None,316100000,None,None,128900000,None,None,None,0.274,153200000,447700000,175600000,85600000,108300000,None,None,None,None,None,None,None,4.893,4.939,8.67,None,None,None,None,None,-306500000,None,0.233,None,201900000,2025-10-30,annual,0.67,USD,pre-market,99000000,303400000,0.0772,0.135,0.147,10.02,348700000,316100000,None,None,77.69,83.33,12.7566,1229100000,514200000,194200000,539100000,714900000,344900000,997900000,690000000,38.09,-193500000,87.89,65.94
2025-12-28,EW,2.28,5883800000.0,38.09,None,0.967,17.57,62500000,None,178600000,178600000,-108100000,-144500000,None,None,-9000000,None,None,None,65600000,747600000,None,374600000,374600000,194200000,None,None,118500000,None,None,56200000,54800000,None,None,None,-0.903,0.0758,129000000,185200000,0.5942,2007-12-31,30.58,337700000,4600400000.0,623300000,116700000,37400000,137700000,137700000,None,12300000,None,131500000,None,None,316100000,None,None,113000000,None,None,None,0.274,210200000,447700000,175600000,85600000,108300000,None,None,None,None,None,None,None,4.893,4.939,8.67,None,None,None,None,None,-130900000,None,0.233,None,201900000,2025-10-30,annual,0.67,USD,pre-market,99000000,303400000,0.0772,0.135,0.147,10.02,348700000,316100000,None,None,77.69,83.33,12.7566,1229100000,514200000,194200000,539100000,714900000,344900000,997900000,690000000,38.09,-193500000,87.89,65.94
2025-12-28,EW,2.28,5883800000.0,38.09,None,0.967,17.57,59400000,None,178600000,178600000,-193600000,-35700000,None,None,-12800000,None,None,None,65600000,747600000,None,374600000,374600000,194200000,None,None,118500000,None,None,56200000,56800000,None,None,None,-0.903,0.0758,129000000,185200000,0.5942,2006-12-31,30.58,337700000,4600400000.0,623300000,116700000,37400000,137700000,137700000,None,12300000,None,131500000,None,None,316100000,None,None,130500000,None,None,None,0.274,230800000,447700000,175600000,85600000,108300000,None,None,None,None,None,None,None,4.893,4.939,8.67,None,None,None,None,None,-145900000,None,0.233,None,201900000,2025-10-30,annual,0.67,USD,pre-market,99000000,303400000,0.0772,0.135,0.147,10.02,348700000,316100000,None,None,77.69,83.33,12.7566,1229100000,514200000,194200000,539100000,714900000,344900000,997900000,690000000,38.09,-193500000,87.89,65.94
2025-12-28,EW,2.28,5883800000.0,38.09,None,0.967,17.57,48500000,None,178600000,178600000,29000000,-27200000,None,None,-12900000,None,None,None,65600000,747600000,None,374600000,374600000,194200000,None,None,118500000,None,None,56200000,56200000,None,None,None,-0.903,0.0758,129000000,185200000,0.5942,2005-12-31,30.58,337700000,4600400000.0,623300000,116700000,37400000,137700000,137700000,None,12300000,None,131500000,None,None,316100000,None,None,79300000,None,None,None,0.274,136800000,447700000,175600000,85600000,108300000,None,None,None,None,None,None,None,4.893,4.939,8.67,None,None,None,None,None,-53500000,None,0.233,None,201900000,2025-10-30,annual,0.67,USD,pre-market,99000000,303400000,0.0772,0.135,0.147,10.02,348700000,316100000,None,None,77.69,83.33,12.7566,1229100000,514200000,194200000,539100000,714900000,344900000,997900000,690000000,38.09,-193500000,87.89,65.94
