date,symbol,eps,revenue_ttm,pe_ratio,accumulateddepreciationamortizationppe,beta,book_value,capitalexpenditures,capitalleaseobligations,cashandcashequivalentsatcarryingvalue,cashandshortterminvestments,cashflowfromfinancing,cashflowfrominvestment,changeincashandcashequivalents,changeinexchangerate,changeininventory,changeinoperatingassets,changeinoperatingliabilities,changeinreceivables,commonstock,commonstocksharesoutstanding,comprehensiveincomenetoftax,costofgoodsandservicessold,costofrevenue,currentaccountspayable,currentdebt,currentlongtermdebt,currentnetreceivables,deferredrevenue,depreciation,depreciationandamortization,depreciationdepletionandamortization,dividend_per_share,dividend_yield,dividendpayout,dividendpayoutcommonstock,dividendpayoutpreferredstock,earnings_growth_yoy,earnings_surprise,ebit,ebitda,estimated_eps,fiscaldateending,forward_pe,goodwill,gross_profit_ttm,grossprofit,incomebeforetax,incometaxexpense,intangibleassets,intangibleassetsexcludinggoodwill,interestanddebtexpense,interestexpense,interestincome,inventory,investmentincomenet,investments,longtermdebt,longtermdebtnoncurrent,longterminvestments,netincome,netincomefromcontinuingoperations,netinterestincome,noninterestincome,operating_margin_ttm,operatingcashflow,operatingexpenses,operatingincome,othercurrentassets,othercurrentliabilities,othernoncurrentassets,othernoncurrentliabilities,othernonoperatingincome,paymentsforoperatingactivities,paymentsforrepurchaseofcommonstock,paymentsforrepurchaseofequity,paymentsforrepurchaseofpreferredstock,peg_ratio,price_to_book,price_to_sales_ttm,proceedsfromissuanceofcommonstock,proceedsfromissuanceoflongtermdebtandcapitalsecuritiesnet,proceedsfromissuanceofpreferredstock,proceedsfromoperatingactivities,proceedsfromrepaymentsofshorttermdebt,proceedsfromrepurchaseofequity,proceedsfromsaleoftreasurystock,profit_margin,profitloss,propertyplantequipment,report_date,report_type,reported_eps,reportedcurrency,reporttime,researchanddevelopment,retainedearnings,return_on_assets_ttm,return_on_equity_ttm,revenue_growth_yoy,revenue_per_share_ttm,sellinggeneralandadministrative,shortlongtermdebttotal,shorttermdebt,shortterminvestments,sma_200,sma_50,surprise_pct,totalassets,totalcurrentassets,totalcurrentliabilities,totalliabilities,totalnoncurrentassets,totalnoncurrentliabilities,totalrevenue,totalshareholderequity,trailing_pe,treasurystock,week_52_high,week_52_low
1996-06-30,FCF,,,,,,,,,,,,,,,,,,,,,,,,,,,,,,,,,,,,,,0.0,,,0.16,,,,,,,,,,,,,,,,,,,,,,,,,,,,,,,,,,,,,,,,,,,,,,,,,1996-07-18,,0.16,,pre-market,,,,,,,,,,,,,0.0,,,,,,,,,,,,
1996-09-30,FCF,,,,,,,,,,,,,,,,,,,,,,,,,,,,,,,,,,,,,,0.01,,,0.16,,,,,,,,,,,,,,,,,,,,,,,,,,,,,,,,,,,,,,,,,,,,,,,,,1996-10-18,,0.17,,pre-market,,,,,,,,,,,,,6.25,,,,,,,,,,,,
1996-12-31,FCF,,,,,,,,,,,,,,,,,,,,,,,,,,,,,,,,,,,,,,0.02,,,0.16,,,,,,,,,,,,,,,,,,,,,,,,,,,,,,,,,,,,,,,,,,,,,,,,,1997-01-17,,0.18,,pre-market,,,,,,,,,,,,,12.5,,,,,,,,,,,,
1997-03-31,FCF,,,,,,,,,,,,,,,,,,,,,,,,,,,,,,,,,,,,,,0.02,,,0.16,,,,,,,,,,,,,,,,,,,,,,,,,,,,,,,,,,,,,,,,,,,,,,,,,1997-04-29,,0.18,,pre-market,,,,,,,,,,,,,12.5,,,,,,,,,,,,
1997-06-30,FCF,,,,,,,,,,,,,,,,,,,,,,,,,,,,,,,,,,,,,,0.01,,,0.16,,,,,,,,,,,,,,,,,,,,,,,,,,,,,,,,,,,,,,,,,,,,,,,,,1997-07-23,,0.17,,pre-market,,,,,,,,,,,,,6.25,,,,,,,,,,,,
1997-09-30,FCF,,,,,,,,,,,,,,,,,,,,,,,,,,,,,,,,,,,,,,0.03,,,0.17,,,,,,,,,,,,,,,,,,,,,,,,,,,,,,,,,,,,,,,,,,,,,,,,,1997-10-20,,0.2,,pre-market,,,,,,,,,,,,,17.6471,,,,,,,,,,,,
1997-12-31,FCF,,,,,,,,,,,,,,,,,,,,,,,,,,,,,,,,,,,,,,-0.01,,,0.17,,,,,,,,,,,,,,,,,,,,,,,,,,,,,,,,,,,,,,,,,,,,,,,,,1998-01-22,,0.16,,pre-market,,,,,,,,,,,,,-5.8824,,,,,,,,,,,,
1998-03-31,FCF,,,,,,,,,,,,,,,,,,,,,,,,,,,,,,,,,,,,,,0.01,,,0.17,,,,,,,,,,,,,,,,,,,,,,,,,,,,,,,,,,,,,,,,,,,,,,,,,1998-04-17,,0.18,,pre-market,,,,,,,,,,,,,5.8824,,,,,,,,,,,,
1998-06-30,FCF,,,,,,,,,,,,,,,,,,,,,,,,,,,,,,,,,,,,,,0.01,,,0.18,,,,,,,,,,,,,,,,,,,,,,,,,,,,,,,,,,,,,,,,,,,,,,,,,1998-07-17,,0.19,,pre-market,,,,,,,,,,,,,5.5556,,,,,,,,,,,,
1998-09-30,FCF,,,,,,,,,,,,,,,,,,,,,,,,,,,,,,,,,,,,,,0.0,,,0.18,,,,,,,,,,,,,,,,,,,,,,,,,,,,,,,,,,,,,,,,,,,,,,,,,1998-09-30,,0.2088,,pre-market,,,,,,,,,,,,,5.5556,,,,,,,,,,,,
1998-12-31,FCF,,,,,,,,,,,,,,,,,,,,,,,,,,,,,,,,,,,,,,-0.15,,,0.17,,,,,,,,,,,,,,,,,,,,,,,,,,,,,,,,,,,,,,,,,,,,,,,,,1999-03-12,,0.02,,pre-market,,,,,,,,,,,,,-88.2353,,,,,,,,,,,,
1999-03-31,FCF,,,,,,,,,,,,,,,,,,,,,,,,,,,,,,,,,,,,,,0.01,,,0.19,,,,,,,,,,,,,,,,,,,,,,,,,,,,,,,,,,,,,,,,,,,,,,,,,1999-04-16,,0.2,,pre-market,,,,,,,,,,,,,5.2632,,,,,,,,,,,,
1999-06-30,FCF,,,,,,,,,,,,,,,,,,,,,,,,,,,,,,,,,,,,,,0.0,,,0.2,,,,,,,,,,,,,,,,,,,,,,,,,,,,,,,,,,,,,,,,,,,,,,,,,1999-07-15,,0.2,,pre-market,,,,,,,,,,,,,0.0,,,,,,,,,,,,
1999-09-30,FCF,,,,,,,,,,,,,,,,,,,,,,,,,,,,,,,,,,,,,,0.02,,,0.21,,,,,,,,,,,,,,,,,,,,,,,,,,,,,,,,,,,,,,,,,,,,,,,,,1999-10-15,,0.23,,pre-market,,,,,,,,,,,,,9.5238,,,,,,,,,,,,
1999-12-31,FCF,,,,,,,,,,,,,,,,,,,,,,,,,,,,,,,,,,,,,,0.0,,,0.21,,,,,,,,,,,,,,,,,,,,,,,,,,,,,,,,,,,,,,,,,,,,,,,,,1999-12-31,,0.2146,,pre-market,,,,,,,,,,,,,9.5238,,,,,,,,,,,,
2000-03-31,FCF,,,,,,,,,,,,,,,,,,,,,,,,,,,,,,,,,,,,,,-0.01,,,0.2,,,,,,,,,,,,,,,,,,,,,,,,,,,,,,,,,,,,,,,,,,,,,,,,,2000-06-21,,0.19,,pre-market,,,,,,,,,,,,,-5.0,,,,,,,,,,,,
2000-06-30,FCF,,,,,,,,,,,,,,,,,,,,,,,,,,,,,,,,,,,,,,0.01,,,0.22,,,,,,,,,,,,,,,,,,,,,,,,,,,,,,,,,,,,,,,,,,,,,,,,,2000-07-13,,0.23,,pre-market,,,,,,,,,,,,,4.5455,,,,,,,,,,,,
2000-09-30,FCF,,,,,,,,,,,,,,,,,,,,,,,,,,,,,,,,,,,,,,-0.02,,,0.22,,,,,,,,,,,,,,,,,,,,,,,,,,,,,,,,,,,,,,,,,,,,,,,,,2000-10-13,,0.2,,post-market,,,,,,,,,,,,,-9.0909,,,,,,,,,,,,
2000-12-31,FCF,,,,,,,,,,,,,,,,,,,,,,,,,,,,,,,,,,,,,,-0.02,,,0.21,,,,,,,,,,,,,,,,,,,,,,,,,,,,,,,,,,,,,,,,,,,,,,,,,2001-01-22,,0.19,,post-market,,,,,,,,,,,,,-9.5238,,,,,,,,,,,,
2001-03-31,FCF,,,,,,,,,,,,,,,,,,,,,,,,,,,,,,,,,,,,,,0.01,,,0.2,,,,,,,,,,,,,,,,,,,,,,,,,,,,,,,,,,,,,,,,,,,,,,,,,2001-04-18,,0.21,,post-market,,,,,,,,,,,,,5.0,,,,,,,,,,,,
2001-06-30,FCF,,,,,,,,,,,,,,,,,,,,,,,,,,,,,,,,,,,,,,0.0,,,0.21,,,,,,,,,,,,,,,,,,,,,,,,,,,,,,,,,,,,,,,,,,,,,,,,,2001-07-19,,0.21,,post-market,,,,,,,,,,,,,0.0,,,,,,,,,,,,
2001-09-30,FCF,,,,,,,,,,,,,,,,,,,,,,,,,,,,,,,,,,,,,,0.01,,,0.21,,,,,,,,,,,,,,,,,,,,,,,,,,,,,,,,,,,,,,,,,,,,,,,,,2001-10-18,,0.22,,post-market,,,,,,,,,,,,,4.7619,,,,,,,,,,,,
2001-12-31,FCF,,,,,,,,,,,,,,,,,,,,,,,,,,,,,,,,,,,,,,0.01,,,0.22,,,,,,,,,,,,,,,,,,,,,,,,,,,,,,,,,,,,,,,,,,,,,,,,,2002-01-22,,0.23,,post-market,,,,,,,,,,,,,4.5455,,,,,,,,,,,,
2002-03-31,FCF,,,,,,,,,,,,,,,,,,,,,,,,,,,,,,,,,,,,,,0.0,,,0.22,,,,,,,,,,,,,,,,,,,,,,,,,,,,,,,,,,,,,,,,,,,,,,,,,2002-04-18,,0.22,,post-market,,,,,,,,,,,,,0.0,,,,,,,,,,,,
2002-06-30,FCF,,,,,,,,,,,,,,,,,,,,,,,,,,,,,,,,,,,,,,-0.01,,,0.23,,,,,,,,,,,,,,,,,,,,,,,,,,,,,,,,,,,,,,,,,,,,,,,,,2002-07-18,,0.22,,pre-market,,,,,,,,,,,,,-4.3478,,,,,,,,,,,,
2002-09-30,FCF,,,,,,,,,,,,,,,,,,,,,,,,,,,,,,,,,,,,,,0.0,,,0.23,,,,,,,,,,,,,,,,,,,,,,,,,,,,,,,,,,,,,,,,,,,,,,,,,2002-10-17,,0.23,,pre-market,,,,,,,,,,,,,0.0,,,,,,,,,,,,
2002-12-31,FCF,,,,,,,,,,,,,,,,,,,,,,,,,,,,,,,,,,,,,,-0.01,,,0.23,,,,,,,,,,,,,,,,,,,,,,,,,,,,,,,,,,,,,,,,,,,,,,,,,2003-01-23,,0.22,,pre-market,,,,,,,,,,,,,-4.3478,,,,,,,,,,,,
2003-03-31,FCF,,,,,,,,,,,,,,,,,,,,,,,,,,,,,,,,,,,,,,0.01,,,0.22,,,,,,,,,,,,,,,,,,,,,,,,,,,,,,,,,,,,,,,,,,,,,,,,,2003-04-17,,0.23,,pre-market,,,,,,,,,,,,,4.5455,,,,,,,,,,,,
2003-06-30,FCF,,,,,,,,,,,,,,,,,,,,,,,,,,,,,,,,,,,,,,0.02,,,0.21,,,,,,,,,,,,,,,,,,,,,,,,,,,,,,,,,,,,,,,,,,,,,,,,,2003-07-17,,0.23,,pre-market,,,,,,,,,,,,,9.5238,,,,,,,,,,,,
2003-09-30,FCF,,,,,,,,,,,,,,,,,,,,,,,,,,,,,,,,,,,,,,0.03,,,0.2,,,,,,,,,,,,,,,,,,,,,,,,,,,,,,,,,,,,,,,,,,,,,,,,,2003-10-23,,0.23,,pre-market,,,,,,,,,,,,,15.0,,,,,,,,,,,,
2003-12-31,FCF,,,,,,,,,,,,,,,,,,,,,,,,,,,,,,,,,,,,,,0.01,,,0.2,,,,,,,,,,,,,,,,,,,,,,,,,,,,,,,,,,,,,,,,,,,,,,,,,2004-01-22,,0.21,,pre-market,,,,,,,,,,,,,5.0,,,,,,,,,,,,
2004-03-31,FCF,,,,,,,,,,,,,,,,,,,,,,,,,,,,,,,,,,,,,,0.01,,,0.21,,,,,,,,,,,,,,,,,,,,,,,,,,,,,,,,,,,,,,,,,,,,,,,,,2004-04-15,,0.22,,post-market,,,,,,,,,,,,,4.7619,,,,,,,,,,,,
2004-06-30,FCF,,,,,,,,,,,,,,,,,,,,,,,,,,,,,,,,,,,,,,-0.02,,,0.2,,,,,,,,,,,,,,,,,,,,,,,,,,,,,,,,,,,,,,,,,,,,,,,,,2004-07-22,,0.18,,pre-market,,,,,,,,,,,,,-10.0,,,,,,,,,,,,
2004-09-30,FCF,,,,,,,,,,,,,,,,,,,,,,,,,,,,,,,,,,,,,,0.11,,,0.12,,,,,,,,,,,,,,,,,,,,,,,,,,,,,,,,,,,,,,,,,,,,,,,,,2004-10-21,,0.23,,pre-market,,,,,,,,,,,,,91.6667,,,,,,,,,,,,
2004-12-31,FCF,,,,,,,,,,,,,,,,,,,,,,,,,,,,,,,,,,,,,,0.0,,,0.24,,,,,,,,,,,,,,,,,,,,,,,,,,,,,,,,,,,,,,,,,,,,,,,,,2005-01-20,,0.24,,post-market,,,,,,,,,,,,,0.0,,,,,,,,,,,,
2005-03-31,FCF,,,,,,,,,,,,,,,,,,,,,,,,,,,,,,,,,,,,,,-0.02,,,0.24,,,,,,,,,,,,,,,,,,,,,,,,,,,,,,,,,,,,,,,,,,,,,,,,,2005-04-21,,0.22,,pre-market,,,,,,,,,,,,,-8.3333,,,,,,,,,,,,
2005-06-30,FCF,,,,,,,,,,,,,,,,,,,,,,,,,,,,,,,,,,,,,,-0.01,,,0.22,,,,,,,,,,,,,,,,,,,,,,,,,,,,,,,,,,,,,,,,,,,,,,,,,2005-07-21,,0.21,,pre-market,,,,,,,,,,,,,-4.5455,,,,,,,,,,,,
2005-09-30,FCF,,,,,,,,,,,,,,,,,,,,,,,,,,,,,,,,,,,,,,0.01,,,0.21,,,,,,,,,,,,,,,,,,,,,,,,,,,,,,,,,,,,,,,,,,,,,,,,,2005-10-20,,0.22,,pre-market,,,,,,,,,,,,,4.7619,,,,,,,,,,,,
2005-12-31,FCF,,,,,,,,,,,,,,,,,,,,,,,,,,,,,,,,,,,,,,-0.01,,,0.21,,,,,,,,,,,,,,,,,,,,,,,,,,,,,,,,,,,,,,,,,,,,,,,,,2006-01-25,,0.2,,pre-market,,,,,,,,,,,,,-4.7619,,,,,,,,,,,,
2006-03-31,FCF,,,,,,,,,,,,,,,,,,,,,,,,,,,,,,,,,,,,,,-0.01,,,0.2,,,,,,,,,,,,,,,,,,,,,,,,,,,,,,,,,,,,,,,,,,,,,,,,,2006-04-20,,0.19,,pre-market,,,,,,,,,,,,,-5.0,,,,,,,,,,,,
2006-06-30,FCF,,,,,,,,,,,,,,,,,,,,,,,,,,,,,,,,,,,,,,-0.02,,,0.19,,,,,,,,,,,,,,,,,,,,,,,,,,,,,,,,,,,,,,,,,,,,,,,,,2006-07-21,,0.17,,post-market,,,,,,,,,,,,,-10.5263,,,,,,,,,,,,
2006-09-30,FCF,,,,,,,,,,,,,,,,,,,,,,,,,,,,,,,,,,,,,,0.01,,,0.19,,,,,,,,,,,,,,,,,,,,,,,,,,,,,,,,,,,,,,,,,,,,,,,,,2006-10-19,,0.2,,post-market,,,,,,,,,,,,,5.2632,,,,,,,,,,,,
2006-12-31,FCF,,,,,,,,,,,,,,,,,,,,,,,,,,,,,,,,,,,,,,-0.01,,,0.19,,,,,,,,,,,,,,,,,,,,,,,,,,,,,,,,,,,,,,,,,,,,,,,,,2007-01-24,,0.18,,post-market,,,,,,,,,,,,,-5.2632,,,,,,,,,,,,
2007-03-31,FCF,,,,,,,,,,,,,,,,,,,,,,,,,,,,,,,,,,,,,,0.0,,,0.17,,,,,,,,,,,,,,,,,,,,,,,,,,,,,,,,,,,,,,,,,,,,,,,,,2007-04-19,,0.17,,pre-market,,,,,,,,,,,,,0.0,,,,,,,,,,,,
2007-06-30,FCF,,,,,,,,,,,,,,,,,,,,,,,,,,,,,,,,,,,,,,0.01,,,0.15,,,,,,,,,,,,,,,,,,,,,,,,,,,,,,,,,,,,,,,,,,,,,,,,,2007-07-19,,0.16,,post-market,,,,,,,,,,,,,6.6667,,,,,,,,,,,,
2007-09-30,FCF,,,,,,,,,,,,,,,,,,,,,,,,,,,,,,,,,,,,,,0.02,,,0.15,,,,,,,,,,,,,,,,,,,,,,,,,,,,,,,,,,,,,,,,,,,,,,,,,2007-10-18,,0.17,,pre-market,,,,,,,,,,,,,13.3333,,,,,,,,,,,,
2007-12-31,FCF,,,,,,,,,,,,,,,,,,,,,,,,,,,,,,,,,,,,,,0.01,,,0.15,,,,,,,,,,,,,,,,,,,,,,,,,,,,,,,,,,,,,,,,,,,,,,,,,2008-01-23,,0.16,,post-market,,,,,,,,,,,,,6.6667,,,,,,,,,,,,
2008-03-31,FCF,,,,,,,,,,,,,,,,,,,,,,,,,,,,,,,,,,,,,,0.0,,,0.15,,,,,,,,,,,,,,,,,,,,,,,,,,,,,,,,,,,,,,,,,,,,,,,,,2008-04-17,,0.15,,pre-market,,,,,,,,,,,,,0.0,,,,,,,,,,,,
2008-06-30,FCF,,,,,,,,,,,,,,,,,,,,,,,,,,,,,,,,,,,,,,0.02,,,0.16,,,,,,,,,,,,,,,,,,,,,,,,,,,,,,,,,,,,,,,,,,,,,,,,,2008-07-17,,0.18,,pre-market,,,,,,,,,,,,,12.5,,,,,,,,,,,,
2008-09-30,FCF,,,,,,,,,,,,,,,,,,,,,,,,,,,,,,,,,,,,,,0.03,,,0.18,,,,,,,,,,,,,,,,,,,,,,,,,,,,,,,,,,,,,,,,,,,,,,,,,2008-10-23,,0.21,,pre-market,,,,,,,,,,,,,16.6667,,,,,,,,,,,,
2008-12-31,FCF,,,,,,,,,,,,,,,,,,,,,,,,,,,,,,,,,,,,,,-0.05,,,0.16,,,,,,,,,,,,,,,,,,,,,,,,,,,,,,,,,,,,,,,,,,,,,,,,,2009-01-26,,0.11,,pre-market,,,,,,,,,,,,,-31.25,,,,,,,,,,,,
2009-03-31,FCF,,,,,,,,,,,,,,,,,,,,,,,,,,,,,,,,,,,,,,-0.13,,,0.15,,,,,,,,,,,,,,,,,,,,,,,,,,,,,,,,,,,,,,,,,,,,,,,,,2009-04-23,,0.02,,pre-market,,,,,,,,,,,,,-86.6667,,,,,,,,,,,,
2009-06-30,FCF,,,,,,,,,,,,,,,,,,,,,,,,,,,,,,,,,,,,,,-0.24,,,0.09,,,,,,,,,,,,,,,,,,,,,,,,,,,,,,,,,,,,,,,,,,,,,,,,,2009-07-27,,-0.15,,pre-market,,,,,,,,,,,,,-266.6667,,,,,,,,,,,,
2009-09-30,FCF,,,,,,,,,,,,,,,,,,,,,,,,,,,,,,,,,,,,,,-0.03,,,0.07,,,,,,,,,,,,,,,,,,,,,,,,,,,,,,,,,,,,,,,,,,,,,,,,,2009-10-22,,0.04,,pre-market,,,,,,,,,,,,,-42.8571,,,,,,,,,,,,
2009-12-31,FCF,,,,,,,,,,,,,,,,,,,,,,,,,,,,,,,,,,,,,,0.0,,,0.07,,,,,,,,,,,,,,,,,,,,,,,,,,,,,,,,,,,,,,,,,,,,,,,,,2010-01-28,,0.04,,pre-market,,,,,,,,,,,,,-42.8571,,,,,,,,,,,,
2010-03-31,FCF,,,,,,,,,,,,,,,,,,,,,,,,,,,,,,,,,,,,,,-0.19,,,0.04,,,,,,,,,,,,,,,,,,,,,,,,,,,,,,,,,,,,,,,,,,,,,,,,,2010-04-21,,-0.15,,pre-market,,,,,,,,,,,,,-475.0,,,,,,,,,,,,
2010-06-30,FCF,,,,,,,,,,,,,,,,,,,,,,,,,,,,,,,,,,,,,,0.09,,,0.06,,,,,,,,,,,,,,,,,,,,,,,,,,,,,,,,,,,,,,,,,,,,,,,,,2010-07-29,,0.15,,pre-market,,,,,,,,,,,,,150.0,,,,,,,,,,,,
2010-09-30,FCF,,,,,,,,,,,,,,,,,,,,,,,,,,,,,,,,,,,,,,0.02,,,0.09,,,,,,,,,,,,,,,,,,,,,,,,,,,,,,,,,,,,,,,,,,,,,,,,,2010-10-28,,0.11,,pre-market,,,,,,,,,,,,,22.2222,,,,,,,,,,,,
2010-12-31,FCF,,,,,,,,,,,,,,,,,,,,,,,,,,,,,,,,,,,,,,0.0,,,0.11,,,,,,,,,,,,,,,,,,,,,,,,,,,,,,,,,,,,,,,,,,,,,,,,,2011-01-27,,0.11,,pre-market,,,,,,,,,,,,,0.0,,,,,,,,,,,,
2011-03-31,FCF,,,,,,,,,,,,,,,,,,,,,,,,,,,,,,,,,,,,,,-0.01,,,0.08,,,,,,,,,,,,,,,,,,,,,,,,,,,,,,,,,,,,,,,,,,,,,,,,,2011-04-20,,0.07,,pre-market,,,,,,,,,,,,,-12.5,,,,,,,,,,,,
2011-06-30,FCF,,,,,,,,,,,,,,,,,,,,,,,,,,,,,,,,,,,,,,-0.02,,,0.09,,,,,,,,,,,,,,,,,,,,,,,,,,,,,,,,,,,,,,,,,,,,,,,,,2011-07-27,,0.07,,pre-market,,,,,,,,,,,,,-22.2222,,,,,,,,,,,,
2011-09-30,FCF,,,,,,,,,,,,,,,,,,,,,,,,,,,,,,,,,,,,,,0.0,,,0.08,,,,,,,,,,,,,,,,,,,,,,,,,,,,,,,,,,,,,,,,,,,,,,,,,2011-10-27,,0.08,,pre-market,,,,,,,,,,,,,0.0,,,,,,,,,,,,
2011-12-31,FCF,,,,,,,,,,,,,,,,,,,,,,,,,,,,,,,,,,,,,,-0.14,,,0.09,,,,,,,,,,,,,,,,,,,,,,,,,,,,,,,,,,,,,,,,,,,,,,,,,2012-01-25,,-0.05,,pre-market,,,,,,,,,,,,,-155.5556,,,,,,,,,,,,
2012-03-31,FCF,,,,,,,,,,,,,,,,,,,,,,,,,,,,,,,,,,,,,,0.02,,,0.09,,,,,,,,,,,,,,,,,,,,,,,,,,,,,,,,,,,,,,,,,,,,,,,,,2012-04-24,,0.11,,pre-market,,,,,,,,,,,,,22.2222,,,,,,,,,,,,
2012-06-30,FCF,,,,,,,,,,,,,,,,,,,,,,,,,,,,,,,,,,,,,,0.02,,,0.1,,,,,,,,,,,,,,,,,,,,,,,,,,,,,,,,,,,,,,,,,,,,,,,,,2012-07-25,,0.12,,pre-market,,,,,,,,,,,,,20.0,,,,,,,,,,,,
2012-09-30,FCF,,,,,,,,,,,,,,,,,,,,,,,,,,,,,,,,,,,,,,-0.03,,,0.12,,,,,,,,,,,,,,,,,,,,,,,,,,,,,,,,,,,,,,,,,,,,,,,,,2012-10-24,,0.09,,pre-market,,,,,,,,,,,,,-25.0,,,,,,,,,,,,
2012-12-31,FCF,,,,,,,,,,,,,,,,,,,,,,,,,,,,,,,,,,,,,,-0.02,,,0.11,,,,,,,,,,,,,,,,,,,,,,,,,,,,,,,,,,,,,,,,,,,,,,,,,2013-01-30,,0.09,,pre-market,,,,,,,,,,,,,-18.1818,,,,,,,,,,,,
2013-03-31,FCF,,,,,,,,,,,,,,,,,,,,,,,,,,,,,,,,,,,,,,0.0,,,0.11,,,,,,,,,,,,,,,,,,,,,,,,,,,,,,,,,,,,,,,,,,,,,,,,,2013-04-23,,0.11,,pre-market,,,,,,,,,,,,,0.0,,,,,,,,,,,,
2013-06-30,FCF,,,,,,,,,,,,,,,,,,,,,,,,,,,,,,,,,,,,,,-0.06,,,0.12,,,,,,,,,,,,,,,,,,,,,,,,,,,,,,,,,,,,,,,,,,,,,,,,,2013-07-24,,0.06,,pre-market,,,,,,,,,,,,,-50.0,,,,,,,,,,,,
2013-09-30,FCF,,,,,,,,,,,,,,,,,,,,,,,,,,,,,,,,,,,,,,0.05,,,0.11,,,,,,,,,,,,,,,,,,,,,,,,,,,,,,,,,,,,,,,,,,,,,,,,,2013-10-23,,0.16,,pre-market,,,,,,,,,,,,,45.4545,,,,,,,,,,,,
2013-12-31,FCF,,,,,,,,,,,,,,,,,,,,,,,,,,,,,,,,,,,,,,-0.03,,,0.13,,,,,,,,,,,,,,,,,,,,,,,,,,,,,,,,,,,,,,,,,,,,,,,,,2014-01-29,,0.1,,pre-market,,,,,,,,,,,,,-23.0769,,,,,,,,,,,,
2014-03-31,FCF,,,,,,,,,,,,,,,,,,,,,,,,,,,,,,,,,,,,,,-0.01,,,0.14,,,,,,,,,,,,,,,,,,,,,,,,,,,,,,,,,,,,,,,,,,,,,,,,,2014-04-22,,0.13,,pre-market,,,,,,,,,,,,,-7.1429,,,,,,,,,,,,
2014-06-30,FCF,,,,,,,,,,,,,,,,,,,,,,,,,,,,,,,,,,,,,,-0.01,,,0.14,,,,,,,,,,,,,,,,,,,,,,,,,,,,,,,,,,,,,,,,,,,,,,,,,2014-07-23,,0.13,,pre-market,,,,,,,,,,,,,-7.1429,,,,,,,,,,,,
2014-09-30,FCF,,,,,,,,,,,,,,,,,,,,,,,,,,,,,,,,,,,,,,-0.01,,,0.14,,,,,,,,,,,,,,,,,,,,,,,,,,,,,,,,,,,,,,,,,,,,,,,,,2014-10-29,,0.13,,pre-market,,,,,,,,,,,,,-7.1429,,,,,,,,,,,,
2014-12-31,FCF,,,,,,,,,,,,,,,,,,,,,,,,,,,,,,,,,,,,,,-0.02,,,0.15,,,,,,,,,,,,,,,,,,,,,,,,,,,,,,,,,,,,,,,,,,,,,,,,,2015-01-28,,0.13,,pre-market,,,,,,,,,,,,,-13.3333,,,,,,,,,,,,
2015-03-31,FCF,,,,,,,,,,,,,,,,,,,,,,,,,,,,,,,,,,,,,,0.02,,,0.14,,,,,,,,,,,,,,,,,,,,,,,,,,,,,,,,,,,,,,,,,,,,,,,,,2015-04-28,,0.16,,pre-market,,,,,,,,,,,,,14.2857,,,,,,,,,,,,
2015-06-30,FCF,,,,,,,,,,,,,,,,,,,,,,,,,,,,,,,,,,,,,,0.0,,,0.15,,,,,,,,,,,,,,,,,,,,,,,,,,,,,,,,,,,,,,,,,,,,,,,,,2015-07-29,,0.15,,pre-market,,,,,,,,,,,,,0.0,,,,,,,,,,,,
2015-09-30,FCF,,,,,,,,,,,,,,,,,,,,,,,,,,,,,,,,,,,,,,-0.02,,,0.16,,,,,,,,,,,,,,,,,,,,,,,,,,,,,,,,,,,,,,,,,,,,,,,,,2015-10-28,,0.14,,pre-market,,,,,,,,,,,,,-12.5,,,,,,,,,,,,
2015-12-31,FCF,,,,,,,,,,,,,,,,,,,,,,,,,,,,,,,,,,,,,,-0.05,,,0.16,,,,,,,,,,,,,,,,,,,,,,,,,,,,,,,,,,,,,,,,,,,,,,,,,2016-01-27,,0.11,,pre-market,,,,,,,,,,,,,-31.25,,,,,,,,,,,,
2016-03-31,FCF,,,,,,,,,,,,,,,,,,,,,,,,,,,,,,,,,,,,,,-0.01,,,0.15,,,,,,,,,,,,,,,,,,,,,,,,,,,,,,,,,,,,,,,,,,,,,,,,,2016-04-26,,0.14,,pre-market,,,,,,,,,,,,,-6.6667,,,,,,,,,,,,
2016-06-30,FCF,,,,,,,,,,,,,,,,,,,,,,,,,,,,,,,,,,,,,,-0.02,,,0.16,,,,,,,,,,,,,,,,,,,,,,,,,,,,,,,,,,,,,,,,,,,,,,,,,2016-07-27,,0.14,,pre-market,,,,,,,,,,,,,-12.5,,,,,,,,,,,,
2016-09-30,FCF,,,,,,,,,,,,,,,,,,,,,,,,,,,,,,,,,,,,,,0.02,,,0.17,,,,,,,,,,,,,,,,,,,,,,,,,,,,,,,,,,,,,,,,,,,,,,,,,2016-10-26,,0.19,,pre-market,,,,,,,,,,,,,11.7647,,,,,,,,,,,,
2016-12-31,FCF,,,,,,,,,,,,,,,,,,,,,,,,,,,,,,,,,,,,,,0.04,,,0.18,,,,,,,,,,,,,,,,,,,,,,,,,,,,,,,,,,,,,,,,,,,,,,,,,2017-01-25,,0.22,,pre-market,,,,,,,,,,,,,22.2222,,,,,,,,,,,,
2017-03-31,FCF,,,,,,,,,,,,,,,,,,,,,,,,,,,,,,,,,,,,,,0.01,,,0.17,,,,,,,,,,,,,,,,,,,,,,,,,,,,,,,,,,,,,,,,,,,,,,,,,2017-04-25,,0.18,,pre-market,,,,,,,,,,,,,5.8824,,,,,,,,,,,,
2017-06-30,FCF,,,,,,,,,,,,,,,,,,,,,,,,,,,,,,,,,,,,,,0.02,,,0.19,,,,,,,,,,,,,,,,,,,,,,,,,,,,,,,,,,,,,,,,,,,,,,,,,2017-07-26,,0.21,,pre-market,,,,,,,,,,,,,10.5263,,,,,,,,,,,,
2017-09-30,FCF,,,,,,,,,,,,,,,,,,,,,,,,,,,,,,,,,,,,,,0.02,,,0.2,,,,,,,,,,,,,,,,,,,,,,,,,,,,,,,,,,,,,,,,,,,,,,,,,2017-10-25,,0.22,,pre-market,,,,,,,,,,,,,10.0,,,,,,,,,,,,
2017-12-31,FCF,,,,,,,,,,,,,,,,,,,,,,,,,,,,,,,,,,,,,,0.04,,,0.17,,,,,,,,,,,,,,,,,,,,,,,,,,,,,,,,,,,,,,,,,,,,,,,,,2018-01-23,,0.21,,post-market,,,,,,,,,,,,,23.5294,,,,,,,,,,,,
2018-03-31,FCF,,,,,,,,,,,,,,,,,,,,,,,,,,,,,,,,,,,,,,0.01,,,0.23,,,,,,,,,,,,,,,,,,,,,,,,,,,,,,,,,,,,,,,,,,,,,,,,,2018-04-24,,0.24,,pre-market,,,,,,,,,,,,,4.3478,,,,,,,,,,,,
2018-06-30,FCF,,,,,,,,,,,,,,,,,,,,,,,,,,,,,,,,,,,,,,0.03,,,0.26,,,,,,,,,,,,,,,,,,,,,,,,,,,,,,,,,,,,,,,,,,,,,,,,,2018-07-24,,0.29,,post-market,,,,,,,,,,,,,11.5385,,,,,,,,,,,,
2018-09-30,FCF,,,,,,,,,,,,,,,,,,,,,,,,,,,,,,,,,,,,,,-0.03,,,0.28,,,,,,,,,,,,,,,,,,,,,,,,,,,,,,,,,,,,,,,,,,,,,,,,,2018-10-23,,0.25,,post-market,,,,,,,,,,,,,-10.7143,,,,,,,,,,,,
2018-12-31,FCF,,,,,,,,,,,,,,,,,,,,,,,,,,,,,,,,,,,,,,0.0,,,0.27,,,,,,,,,,,,,,,,,,,,,,,,,,,,,,,,,,,,,,,,,,,,,,,,,2019-01-29,,0.27,,post-market,,,,,,,,,,,,,0.0,,,,,,,,,,,,
2019-03-31,FCF,,,,,,,,,,,,,,,,,,,,,,,,,,,,,,,,,,,,,,-0.01,,,0.26,,,,,,,,,,,,,,,,,,,,,,,,,,,,,,,,,,,,,,,,,,,,,,,,,2019-04-23,,0.25,,pre-market,,,,,,,,,,,,,-3.8462,,,,,,,,,,,,
2019-06-30,FCF,,,,,,,,,,,,,,,,,,,,,,,,,,,,,,,,,,,,,,0.01,,,0.27,,,,,,,,,,,,,,,,,,,,,,,,,,,,,,,,,,,,,,,,,,,,,,,,,2019-07-23,,0.28,,post-market,,,,,,,,,,,,,3.7037,,,,,,,,,,,,
2019-09-30,FCF,,,,,,,,,,,,,,,,,,,,,,,,,,,,,,,,,,,,,,0.02,,,0.28,,,,,,,,,,,,,,,,,,,,,,,,,,,,,,,,,,,,,,,,,,,,,,,,,2019-10-29,,0.3,,post-market,,,,,,,,,,,,,7.1429,,,,,,,,,,,,
2019-12-31,FCF,,,,,,,,,,,,,,,,,,,,,,,,,,,,,,,,,,,,,,-0.01,,,0.28,,,,,,,,,,,,,,,,,,,,,,,,,,,,,,,,,,,,,,,,,,,,,,,,,2020-01-28,,0.27,,post-market,,,,,,,,,,,,,-3.5714,,,,,,,,,,,,
2020-03-31,FCF,,,,,,,,,,,,,,,,,,,,,,,,,,,,,,,,,,,,,,-0.14,,,0.19,,,,,,,,,,,,,,,,,,,,,,,,,,,,,,,,,,,,,,,,,,,,,,,,,2020-04-28,,0.05,,pre-market,,,,,,,,,,,,,-73.6842,,,,,,,,,,,,
2020-06-30,FCF,,,,,,,,,,,,,,,,,,,,,,,,,,,,,,,,,,,,,,0.15,,,0.09,,,,,,,,,,,,,,,,,,,,,,,,,,,,,,,,,,,,,,,,,,,,,,,,,2020-07-28,,0.24,,post-market,,,,,,,,,,,,,166.6667,,,,,,,,,,,,
2020-09-30,FCF,,,,,,,,,,,,,,,,,,,,,,,,,,,,,,,,,,,,,,0.0,,,0.24,,,,,,,,,,,,,,,,,,,,,,,,,,,,,,,,,,,,,,,,,,,,,,,,,2020-10-27,,0.24,,post-market,,,,,,,,,,,,,0.0,,,,,,,,,,,,
2020-12-31,FCF,,,,,,,,,,,,,,,,,,,,,,,,,,,,,,,,,,,,,,0.04,,,0.23,,,,,,,,,,,,,,,,,,,,,,,,,,,,,,,,,,,,,,,,,,,,,,,,,2021-01-26,,0.27,,post-market,,,,,,,,,,,,,17.3913,,,,,,,,,,,,
2021-03-31,FCF,,,,,,,,,,,,,,,,,,,,,,,,,,,,,,,,,,,,,,0.12,,,0.29,,,,,,,,,,,,,,,,,,,,,,,,,,,,,,,,,,,,,,,,,,,,,,,,,2021-04-27,,0.41,,pre-market,,,,,,,,,,,,,41.3793,,,,,,,,,,,,
2021-06-30,FCF,,,,,,,,,,,,,,,,,,,,,,,,,,,,,,,,,,,,,,-0.03,,,0.34,,,,,,,,,,,,,,,,,,,,,,,,,,,,,,,,,,,,,,,,,,,,,,,,,2021-07-27,,0.31,,post-market,,,,,,,,,,,,,-8.8235,,,,,,,,,,,,
2021-09-30,FCF,,,,,,,,,,,,,,,,,,,,,,,,,,,,,,,,,,,,,,0.04,,,0.32,,,,,,,,,,,,,,,,,,,,,,,,,,,,,,,,,,,,,,,,,,,,,,,,,2021-10-26,,0.36,,post-market,,,,,,,,,,,,,12.5,,,,,,,,,,,,
2021-12-31,FCF,,,,,,,,,,,,,,,,,,,,,,,,,,,,,,,,,,,,,,0.05,,,0.32,,,,,,,,,,,,,,,,,,,,,,,,,,,,,,,,,,,,,,,,,,,,,,,,,2022-01-25,,0.37,,post-market,,,,,,,,,,,,,15.625,,,,,,,,,,,,
2022-03-31,FCF,,,,,,,,,,,,,,,,,,,,,,,,,,,,,,,,,,,,,,0.0,,,0.29,,,,,,,,,,,,,,,,,,,,,,,,,,,,,,,,,,,,,,,,,,,,,,,,,2022-04-26,,0.29,,pre-market,,,,,,,,,,,,,0.0,,,,,,,,,,,,
2022-06-30,FCF,,,,,,,,,,,,,,,,,,,,,,,,,,,,,,,,,,,,,,0.0,,,0.33,,,,,,,,,,,,,,,,,,,,,,,,,,,,,,,,,,,,,,,,,,,,,,,,,2022-07-26,,0.33,,post-market,,,,,,,,,,,,,0.0,,,,,,,,,,,,
2022-09-30,FCF,,,,,,,,,,,,,,,,,,,,,,,,,,,,,,,,,,,,,,-0.01,,,0.38,,,,,,,,,,,,,,,,,,,,,,,,,,,,,,,,,,,,,,,,,,,,,,,,,2022-10-25,,0.37,,post-market,,,,,,,,,,,,,-2.6316,,,,,,,,,,,,
2022-12-31,FCF,,,,,,,,,,,,,,,,,,,,,,,,,,,,,,,,,,,,,,-0.04,,,0.43,,,,,,,,,,,,,,,,,,,,,,,,,,,,,,,,,,,,,,,,,,,,,,,,,2023-01-24,,0.39,,post-market,,,,,,,,,,,,,-9.3023,,,,,,,,,,,,
2023-03-31,FCF,,,,,,,,,,,,,,,,,,,,,,,,,,,,,,,,,,,,,,0.06,,,0.39,,,,,,,,,,,,,,,,,,,,,,,,,,,,,,,,,,,,,,,,,,,,,,,,,2023-04-25,,0.45,,pre-market,,,,,,,,,,,,,15.3846,,,,,,,,,,,,
2023-06-30,FCF,,,,,,,,,,,,,,,,,,,,,,,,,,,,,,,,,,,,,,0.01,,,0.41,,,,,,,,,,,,,,,,,,,,,,,,,,,,,,,,,,,,,,,,,,,,,,,,,2023-07-25,,0.42,,post-market,,,,,,,,,,,,,2.439,,,,,,,,,,,,
2023-09-30,FCF,,,,,,,,,,,,,,,,,,,,,,,,,,,,,,,,,,,,,,-0.01,,,0.4,,,,,,,,,,,,,,,,,,,,,,,,,,,,,,,,,,,,,,,,,,,,,,,,,2023-10-24,,0.39,,post-market,,,,,,,,,,,,,-2.5,,,,,,,,,,,,
2023-12-31,FCF,,,,,,,,,,,,,,,,,,,,,,,,,,,,,,,,,,,,,,0.05,,,0.39,,,,,,,,,,,,,,,,,,,,,,,,,,,,,,,,,,,,,,,,,,,,,,,,,2024-01-30,,0.44,,post-market,,,,,,,,,,,,,12.8205,,,,,,,,,,,,
2024-03-31,FCF,,,,,,,,,,,,,,,,,,,,,,,,,,,,,,,,,,,,,,0.01,,,0.36,,,,,,,,,,,,,,,,,,,,,,,,,,,,,,,,,,,,,,,,,,,,,,,,,2024-04-23,,0.37,,pre-market,,,,,,,,,,,,,2.7778,,,,,,,,,,,,
2024-06-30,FCF,,,,,,,,,,,,,,,,,,,,,,,,,,,,,,,,,,,,,,0.01,,,0.35,,,,,,,,,,,,,,,,,,,,,,,,,,,,,,,,,,,,,,,,,,,,,,,,,2024-07-23,,0.36,,post-market,,,,,,,,,,,,,2.8571,,,,,,,,,,,,
2024-09-30,FCF,,,,,,,,,,,,,,,,,,,,,,,,,,,,,,,,,,,,,,-0.05,,,0.36,,,,,,,,,,,,,,,,,,,,,,,,,,,,,,,,,,,,,,,,,,,,,,,,,2024-10-29,,0.31,,post-market,,,,,,,,,,,,,-13.8889,,,,,,,,,,,,
2024-12-31,FCF,,,,,,,,,,,,,,,,,,,,,,,,,,,,,,,,,,,,,,0.0,,,0.35,,,,,,,,,,,,,,,,,,,,,,,,,,,,,,,,,,,,,,,,,,,,,,,,,2025-01-28,,0.35,,post-market,,,,,,,,,,,,,0.0,,,,,,,,,,,,
2025-03-31,FCF,,,,,,,,,,,,,,,,,,,,,,,,,,,,,,,,,,,,,,0.0,,,0.32,,,,,,,,,,,,,,,,,,,,,,,,,,,,,,,,,,,,,,,,,,,,,,,,,2025-04-29,,0.32,,pre-market,,,,,,,,,,,,,0.0,,,,,,,,,,,,
2025-06-30,FCF,,,,,,,,,,,,,,,,,,,,,,,,,,,,,,,,,,,,,,0.03,,,0.35,,,,,,,,,,,,,,,,,,,,,,,,,,,,,,,,,,,,,,,,,,,,,,,,,2025-07-29,,0.38,,post-market,,,,,,,,,,,,,8.5714,,,,,,,,,,,,
2025-09-30,FCF,,,,,,,,,,,,,,,,,,,,,,,,,,,,,,,,,,,,,,-0.02,,,0.41,,,,,,,,,,,,,,,,,,,,,,,,,,,,,,,,,,,,,,,,,,,,,,,,,2025-10-28,,0.39,,post-market,,,,,,,,,,,,,-4.878,,,,,,,,,,,,
2025-12-28,FCF,1.39,468728000.0,12.3,,0.811,14.83,,,,,,,,,,,,,,,,,,,,,,,,,,0.535,0.0311,,,,0.258,-0.02,,,0.41,,9.83,,468728000.0,,,,,,,,,,,,,,,,,,,0.448,,,,,,,,,,,,,3.17,1.158,3.814,,,,,,,,0.306,,,2025-10-28,,0.39,,post-market,,,0.0118,0.0971,0.128,4.56,,,,,16.25,16.3,-4.878,,,,,,,,,12.3,,18.12,13.2
2025-12-28,FCF,1.39,468728000.0,12.3,,0.811,14.83,,,,,,,,,,,,,,,None,62913000,62913000,,,,,,None,1884000,,0.535,0.0311,,,,0.258,-0.02,51819000,53703000,0.41,2025-09-30,9.83,,468728000.0,124653000,51819000,10491000,,,None,51586000,161923000,,None,,,,,41328000,41328000,110337000,None,0.448,,72834000,51819000,,,,,None,,,,,3.17,1.158,3.814,,,,,,,,0.306,,,2025-10-28,quarterly,0.39,USD,post-market,None,,0.0118,0.0971,0.128,4.56,42370000,,,,16.25,16.3,-4.878,,,,,,,187566000,,12.3,,18.12,13.2
2025-12-28,FCF,1.39,468728000.0,12.3,,0.811,14.83,,,,,,,,,,,,,,,None,65342000,65342000,,,,,,None,788000,,0.535,0.0311,,,,0.258,-0.02,42065000,42853000,0.41,2025-06-30,9.83,,468728000.0,118262000,42065000,8663000,,,None,52685000,158232000,,None,,,,,33402000,33402000,105547000,None,0.448,,76197000,42065000,,,,,None,,,,,3.17,1.158,3.814,,,,,,,,0.306,,,2025-10-28,quarterly,0.39,USD,post-market,None,,0.0118,0.0971,0.128,4.56,1903000,,,,16.25,16.3,-4.878,,,,,,,183604000,,12.3,,18.12,13.2
2025-12-28,FCF,1.39,468728000.0,12.3,,0.811,14.83,,,,,,,,,,,,,,,None,57342000,57342000,,,,,,None,2153000,,0.535,0.0311,,,,0.258,-0.02,41038000,43191000,0.41,2025-03-31,9.83,,468728000.0,112288000,41038000,8342000,,,None,51606000,146591000,,None,,,,,32696000,32696000,94985000,None,0.448,,71250000,41038000,,,,,None,,,,,3.17,1.158,3.814,,,,,,,,0.306,,,2025-10-28,quarterly,0.39,USD,post-market,None,,0.0118,0.0971,0.128,4.56,1620000,,,,16.25,16.3,-4.878,,,,,,,169630000,,12.3,,18.12,13.2
2025-12-28,FCF,1.39,468728000.0,12.3,,0.811,14.83,,,,,,,,,,,,,,,None,61405000,61405000,,,,,,None,2059000,,0.535,0.0311,,,,0.258,-0.02,44622000,46681000,0.41,2024-12-31,9.83,,468728000.0,113926000,44622000,8773000,,,None,54915000,149440000,,None,,,,,35849000,35849000,94525000,None,0.448,,69304000,44622000,,,,,None,,,,,3.17,1.158,3.814,,,,,,,,0.306,,,2025-10-28,quarterly,0.39,USD,post-market,None,,0.0118,0.0971,0.128,4.56,39461000,,,,16.25,16.3,-4.878,,,,,,,175331000,,12.3,,18.12,13.2
2025-12-28,FCF,1.39,468728000.0,12.3,,0.811,14.83,,,,,,,,,,,,,,,None,68423000,68423000,,,,,,None,1400000,,0.535,0.0311,,,,0.258,-0.02,40528000,41928000,0.41,2024-09-30,9.83,,468728000.0,110598000,40528000,8442000,,,None,57808000,153879000,,None,,,,,32086000,32086000,96071000,None,0.448,,70070000,40528000,,,,,None,,,,,3.17,1.158,3.814,,,,,,,,0.306,,,2025-10-28,quarterly,0.39,USD,post-market,None,,0.0118,0.0971,0.128,4.56,40256000,,,,16.25,16.3,-4.878,,,,,,,179021000,,12.3,,18.12,13.2
2025-12-28,FCF,1.39,468728000.0,12.3,,0.811,14.83,,,,,,,,,,,,,,,None,63517000,63517000,,,,,,None,728000,,0.535,0.0311,,,,0.258,-0.02,46577000,47305000,0.41,2024-06-30,9.83,,468728000.0,112298000,46577000,9489000,,,None,55690000,150232000,,None,,,,,37088000,37088000,94542000,None,0.448,,65721000,46577000,,,,,None,,,,,3.17,1.158,3.814,,,,,,,,0.306,,,2025-10-28,quarterly,0.39,USD,post-market,None,,0.0118,0.0971,0.128,4.56,38606000,,,,16.25,16.3,-4.878,,,,,,,175815000,,12.3,,18.12,13.2
2025-12-28,FCF,1.39,468728000.0,12.3,,0.811,14.83,,,,,,,,,,,,,,,None,57396000,57396000,,,,,,None,1501000,,0.535,0.0311,,,,0.258,-0.02,46481000,47982000,0.41,2024-03-31,9.83,,468728000.0,112054000,46481000,8932000,,,None,53158000,144858000,,None,,,,,37549000,37549000,91700000,None,0.448,,65573000,46481000,,,,,None,,,,,3.17,1.158,3.814,,,,,,,,0.306,,,2025-10-28,quarterly,0.39,USD,post-market,None,,0.0118,0.0971,0.128,4.56,36937000,,,,16.25,16.3,-4.878,,,,,,,169450000,,12.3,,18.12,13.2
2025-12-28,FCF,1.39,468728000.0,12.3,,0.811,14.83,,,,,,,,,,,,,,,None,46655000,46655000,,,,,,None,1273000,,0.535,0.0311,,,,0.258,-0.02,56719000,57992000,0.41,2023-12-31,9.83,,468728000.0,121899000,56719000,11892000,,,None,48520000,143358000,,None,,,,,44827000,44827000,94838000,None,0.448,,65180000,56719000,,,,,None,,,,,3.17,1.158,3.814,,,,,,,,0.306,,,2025-10-28,quarterly,0.39,USD,post-market,None,,0.0118,0.0971,0.128,4.56,37878000,,,,16.25,16.3,-4.878,,,,,,,168554000,,12.3,,18.12,13.2
2025-12-28,FCF,1.39,468728000.0,12.3,,0.811,14.83,,,,,,,,,,,,,,,None,48013000,48013000,,,,,,None,936000,,0.535,0.0311,,,,0.258,-0.02,49285000,50221000,0.41,2023-09-30,9.83,,468728000.0,116698000,49285000,10054000,,,None,42128000,139885000,,None,,,,,39231000,39231000,97757000,None,0.448,,67413000,49285000,,,,,None,,,,,3.17,1.158,3.814,,,,,,,,0.306,,,2025-10-28,quarterly,0.39,USD,post-market,None,,0.0118,0.0971,0.128,4.56,37560000,,,,16.25,16.3,-4.878,,,,,,,164711000,,12.3,,18.12,13.2
2025-12-28,FCF,1.39,468728000.0,12.3,,0.811,14.83,,,,,,,,,,,,,,,None,36233000,36233000,,,,,,None,48000,,0.535,0.0311,,,,0.258,-0.02,53614000,53662000,0.41,2023-06-30,9.83,,468728000.0,119551000,53614000,10833000,,,None,33443000,131267000,,None,,,,,42781000,42781000,97824000,None,0.448,,65937000,53614000,,,,,None,,,,,3.17,1.158,3.814,,,,,,,,0.306,,,2025-10-28,quarterly,0.39,USD,post-market,None,,0.0118,0.0971,0.128,4.56,38012000,,,,16.25,16.3,-4.878,,,,,,,155784000,,12.3,,18.12,13.2
2025-12-28,FCF,1.39,468728000.0,12.3,,0.811,14.83,,,,,,,,,,,,,,,None,28234000,28234000,,,,,,None,1847000,,0.535,0.0311,,,,0.258,-0.02,37937000,39784000,0.41,2023-03-31,9.83,,468728000.0,109318000,37937000,7713000,,,None,20231000,114589000,,None,,,,,30224000,30224000,94358000,None,0.448,,71381000,37937000,,,,,None,,,,,3.17,1.158,3.814,,,,,,,,0.306,,,2025-10-28,quarterly,0.39,USD,post-market,None,,0.0118,0.0971,0.128,4.56,35681000,,,,16.25,16.3,-4.878,,,,,,,137552000,,12.3,,18.12,13.2
2025-12-28,FCF,1.39,468728000.0,12.3,,0.811,14.83,,,,,,,,,,,,,,,None,17374000,17374000,,,,,,None,2762000,,0.535,0.0311,,,,0.258,-0.02,44882000,47644000,0.41,2022-12-31,9.83,,468728000.0,103216000,44882000,9149000,,,None,8254000,96281000,,None,,,,,35733000,35733000,88027000,None,0.448,,58334000,44882000,,,,,None,,,,,3.17,1.158,3.814,,,,,,,,0.306,,,2025-10-28,quarterly,0.39,USD,post-market,None,,0.0118,0.0971,0.128,4.56,21960000,,,,16.25,16.3,-4.878,,,,,,,120590000,,12.3,,18.12,13.2
2025-12-28,FCF,1.39,468728000.0,12.3,,0.811,14.83,,,,,,,,,,,,,,,None,9263000,9263000,,,,,,None,2631000,,0.535,0.0311,,,,0.258,-0.02,42450000,45081000,0.41,2022-09-30,9.83,,468728000.0,102351000,42450000,8482000,,,None,3340000,85700000,,None,,,,,33968000,33968000,82360000,None,0.448,,59901000,42450000,,,,,None,,,,,3.17,1.158,3.814,,,,,,,,0.306,,,2025-10-28,quarterly,0.39,USD,post-market,None,,0.0118,0.0971,0.128,4.56,33282000,,,,16.25,16.3,-4.878,,,,,,,111614000,,12.3,,18.12,13.2
2025-12-28,FCF,1.39,468728000.0,12.3,,0.811,14.83,,,,,,,,,,,,,,,None,7165000,7165000,,,,,,None,2599000,,0.535,0.0311,,,,0.258,-0.02,38393000,40992000,0.41,2022-06-30,9.83,,468728000.0,94072000,38393000,7639000,,,None,3066000,76728000,,None,,,,,30754000,30754000,73662000,None,0.448,,55679000,38393000,,,,,None,,,,,3.17,1.158,3.814,,,,,,,,0.306,,,2025-10-28,quarterly,0.39,USD,post-market,None,,0.0118,0.0971,0.128,4.56,31651000,,,,16.25,16.3,-4.878,,,,,,,101237000,,12.3,,18.12,13.2
2025-12-28,FCF,1.39,468728000.0,12.3,,0.811,14.83,,,,,,,,,,,,,,,None,5036000,5036000,,,,,,None,2560000,,0.535,0.0311,,,,0.258,-0.02,34460000,37020000,0.41,2022-03-31,9.83,,468728000.0,90184000,34460000,6734000,,,None,3072000,71244000,,None,,,,,27726000,27726000,68172000,None,0.448,,55724000,34460000,,,,,None,,,,,3.17,1.158,3.814,,,,,,,,0.306,,,2025-10-28,quarterly,0.39,USD,post-market,None,,0.0118,0.0971,0.128,4.56,34818000,,,,16.25,16.3,-4.878,,,,,,,95220000,,12.3,,18.12,13.2
2025-12-28,FCF,1.39,468728000.0,12.3,,0.811,14.83,,,,,,,,,,,,,,,None,547000,547000,,,,,,None,2658000,,0.535,0.0311,,,,0.258,-0.02,43626000,46284000,0.41,2021-12-31,9.83,,468728000.0,99054000,43626000,8850000,,,None,3276000,73530000,,None,,,,,34776000,34776000,70254000,None,0.448,,55428000,43626000,,,,,None,,,,,3.17,1.158,3.814,,,,,,,,0.306,,,2025-10-28,quarterly,0.39,USD,post-market,None,,0.0118,0.0971,0.128,4.56,34920000,,,,16.25,16.3,-4.878,,,,,,,99601000,,12.3,,18.12,13.2
2025-12-28,FCF,1.39,468728000.0,12.3,,0.811,14.83,,,,,,,,,,,,,,,None,3881000,3881000,,,,,,None,2853000,,0.535,0.0311,,,,0.258,-0.02,42533000,45386000,0.41,2021-09-30,9.83,,468728000.0,97560000,42533000,8441000,,,None,3551000,74196000,,None,,,,,34092000,34092000,70645000,None,0.448,,55027000,42533000,,,,,None,,,,,3.17,1.158,3.814,,,,,,,,0.306,,,2025-10-28,quarterly,0.39,USD,post-market,None,,0.0118,0.0971,0.128,4.56,35092000,,,,16.25,16.3,-4.878,,,,,,,101441000,,12.3,,18.12,13.2
2025-12-28,FCF,1.39,468728000.0,12.3,,0.811,14.83,,,,,,,,,,,,,,,None,9265000,9265000,,,,,,None,2928000,,0.535,0.0311,,,,0.258,-0.02,37330000,40258000,0.41,2021-06-30,9.83,,468728000.0,88872000,37330000,7711000,,,None,3852000,72051000,,None,,,,,29619000,29619000,68199000,None,0.448,,51542000,37330000,,,,,None,,,,,3.17,1.158,3.814,,,,,,,,0.306,,,2025-10-28,quarterly,0.39,USD,post-market,None,,0.0118,0.0971,0.128,4.56,31977000,,,,16.25,16.3,-4.878,,,,,,,98137000,,12.3,,18.12,13.2
2025-12-28,FCF,1.39,468728000.0,12.3,,0.811,14.83,,,,,,,,,,,,,,,None,229000,229000,,,,,,None,3003000,,0.535,0.0311,,,,0.258,-0.02,49328000,52331000,0.41,2021-03-31,9.83,,468728000.0,101187000,49328000,9558000,,,None,4619000,74061000,,None,,,,,39770000,39770000,69442000,None,0.448,,51859000,49328000,,,,,None,,,,,3.17,1.158,3.814,,,,,,,,0.306,,,2025-10-28,quarterly,0.39,USD,post-market,None,,0.0118,0.0971,0.128,4.56,32419000,,,,16.25,16.3,-4.878,,,,,,,101416000,,12.3,,18.12,13.2
2025-12-28,FCF,1.39,468728000.0,12.3,,0.811,14.83,,,,,,,,,,,,,,,None,13494000,13494000,,,,,,None,2977000,,0.535,0.0311,,,,0.258,-0.02,31882000,34859000,0.41,2020-12-31,9.83,,468728000.0,86434000,31882000,6199000,,,None,5814000,73306000,,None,,,,,25683000,25683000,67492000,None,0.448,,54552000,31882000,,,,,None,,,,,3.17,1.158,3.814,,,,,,,,0.306,,,2025-10-28,quarterly,0.39,USD,post-market,None,,0.0118,0.0971,0.128,4.56,35307000,,,,16.25,16.3,-4.878,,,,,,,99928000,,12.3,,18.12,13.2
2025-12-28,FCF,1.39,468728000.0,12.3,,0.811,14.83,,,,,,,,,,,,,,,None,18436000,18436000,,,,,,None,3127000,,0.535,0.0311,,,,0.258,-0.02,23679000,26806000,0.41,2020-09-30,9.83,,468728000.0,81926000,23679000,4493000,,,None,7224000,73593000,,None,,,,,19186000,19186000,66369000,None,0.448,,58247000,23679000,,,,,None,,,,,3.17,1.158,3.814,,,,,,,,0.306,,,2025-10-28,quarterly,0.39,USD,post-market,None,,0.0118,0.0971,0.128,4.56,36004000,,,,16.25,16.3,-4.878,,,,,,,100362000,,12.3,,18.12,13.2
2025-12-28,FCF,1.39,468728000.0,12.3,,0.811,14.83,,,,,,,,,,,,,,,None,15154000,15154000,,,,,,None,2623000,,0.535,0.0311,,,,0.258,-0.02,28883000,31506000,0.41,2020-06-30,9.83,,468728000.0,81639000,28883000,5032000,,,None,8295000,74868000,,None,,,,,23851000,23851000,66573000,None,0.448,,52756000,28883000,,,,,None,,,,,3.17,1.158,3.814,,,,,,,,0.306,,,2025-10-28,quarterly,0.39,USD,post-market,None,,0.0118,0.0971,0.128,4.56,32102000,,,,16.25,16.3,-4.878,,,,,,,96793000,,12.3,,18.12,13.2
2025-12-28,FCF,1.39,468728000.0,12.3,,0.811,14.83,,,,,,,,,,,,,,,None,42572000,42572000,,,,,,None,2926000,,0.535,0.0311,,,,0.258,-0.02,5759000,8685000,0.41,2020-03-31,9.83,,468728000.0,56030000,5759000,1032000,,,None,11605000,79065000,,None,,,,,4727000,4727000,67460000,None,0.448,,50271000,5759000,,,,,None,,,,,3.17,1.158,3.814,,,,,,,,0.306,,,2025-10-28,quarterly,0.39,USD,post-market,None,,0.0118,0.0971,0.128,4.56,33036000,,,,16.25,16.3,-4.878,,,,,,,98602000,,12.3,,18.12,13.2
2025-12-28,FCF,1.39,468728000.0,12.3,,0.811,14.83,,,,,,,,,,,,,,,None,17128000,17128000,,,,,,None,2593000,,0.535,0.0311,,,,0.258,-0.02,33329000,35922000,0.41,2019-12-31,9.83,,468728000.0,86438000,33329000,6509000,,,None,12233000,80849000,,None,,,,,26820000,26820000,68616000,None,0.448,,53109000,33329000,,,,,None,,,,,3.17,1.158,3.814,,,,,,,,0.306,,,2025-10-28,quarterly,0.39,USD,post-market,None,,0.0118,0.0971,0.128,4.56,32339000,,,,16.25,16.3,-4.878,,,,,,,103566000,,12.3,,18.12,13.2
2025-12-28,FCF,1.39,468728000.0,12.3,,0.811,14.83,,,,,,,,,,,,,,,None,16838000,16838000,,,,,,None,2690000,,0.535,0.0311,,,,0.258,-0.02,33019000,35709000,0.41,2019-09-30,9.83,,468728000.0,87916000,33019000,6375000,,,None,14130000,82188000,,None,,,,,26644000,26644000,68058000,None,0.448,,54897000,33019000,,,,,None,,,,,3.17,1.158,3.814,,,,,,,,0.306,,,2025-10-28,quarterly,0.39,USD,post-market,None,,0.0118,0.0971,0.128,4.56,31534000,,,,16.25,16.3,-4.878,,,,,,,104754000,,12.3,,18.12,13.2
2025-12-28,FCF,1.39,468728000.0,12.3,,0.811,14.83,,,,,,,,,,,,,,,None,17766000,17766000,,,,,,None,2609000,,0.535,0.0311,,,,0.258,-0.02,33968000,36577000,0.41,2019-06-30,9.83,,468728000.0,86197000,33968000,6688000,,,None,14931000,81562000,,None,,,,,27280000,27280000,66631000,None,0.448,,52229000,33968000,,,,,None,,,,,3.17,1.158,3.814,,,,,,,,0.306,,,2025-10-28,quarterly,0.39,USD,post-market,None,,0.0118,0.0971,0.128,4.56,30945000,,,,16.25,16.3,-4.878,,,,,,,103963000,,12.3,,18.12,13.2
2025-12-28,FCF,1.39,468728000.0,12.3,,0.811,14.83,,,,,,,,,,,,,,,None,18203000,18203000,,,,,,None,2478000,,0.535,0.0311,,,,0.258,-0.02,30533000,33011000,0.41,2019-03-31,9.83,,468728000.0,80263000,30533000,5944000,,,None,14108000,79057000,,None,,,,,24589000,24589000,64949000,None,0.448,,49730000,30533000,,,,,None,,,,,3.17,1.158,3.814,,,,,,,,0.306,,,2025-10-28,quarterly,0.39,USD,post-market,None,,0.0118,0.0971,0.128,4.56,30885000,,,,16.25,16.3,-4.878,,,,,,,98466000,,12.3,,18.12,13.2
2025-12-28,FCF,1.39,468728000.0,12.3,,0.811,14.83,,,,,,,,,,,,,,,None,14395000,14395000,,,,,,None,2426000,,0.535,0.0311,,,,0.258,-0.02,34055000,36481000,0.41,2018-12-31,9.83,,468728000.0,84079000,34055000,7057000,,,None,12896000,None,,None,,,,,26998000,26998000,None,None,0.448,,50024000,34055000,,,,,None,,,,,3.17,1.158,3.814,,,,,,,,0.306,,,2025-10-28,quarterly,0.39,USD,post-market,0,,0.0118,0.0971,0.128,4.56,31360000,,,,16.25,16.3,-4.878,,,,,,,98474000,,12.3,,18.12,13.2
2025-12-28,FCF,1.39,468728000.0,12.3,,0.811,14.83,,,,,,,,,,,,,,,None,14021000,14021000,,,,,,None,2358000,,0.535,0.0311,,,,0.258,-0.02,31079000,33437000,0.41,2018-09-30,9.83,,468728000.0,80609000,31079000,5930000,,,None,11060000,None,,None,,,,,25149000,25149000,None,None,0.448,,49530000,31079000,,,,,None,,,,,3.17,1.158,3.814,,,,,,,,0.306,,,2025-10-28,quarterly,0.39,USD,post-market,0,,0.0118,0.0971,0.128,4.56,30253000,,,,16.25,16.3,-4.878,,,,,,,94630000,,12.3,,18.12,13.2
2025-12-28,FCF,1.39,468728000.0,12.3,,0.811,14.83,,,,,,,,,,,,,,,None,10433000,10433000,,,,,,None,882000,,0.535,0.0311,,,,0.258,-0.02,39686000,40568000,0.41,2018-06-30,9.83,,468728000.0,88815000,39686000,7605000,,,None,9265000,None,,None,,,,,32081000,32081000,None,None,0.448,,49129000,39686000,,,,,None,,,,,3.17,1.158,3.814,,,,,,,,0.306,,,2025-10-28,quarterly,0.39,USD,post-market,0,,0.0118,0.0971,0.128,4.56,29836000,,,,16.25,16.3,-4.878,,,,,,,99248000,,12.3,,18.12,13.2
2025-12-28,FCF,1.39,468728000.0,12.3,,0.811,14.83,,,,,,,,,,,,,,,None,13717000,13717000,,,,,,None,2380000,,0.535,0.0311,,,,0.258,-0.02,27952000,30332000,0.41,2018-03-31,9.83,,468728000.0,74825000,27952000,4682000,,,None,6814000,None,,None,,,,,23270000,23270000,None,None,0.448,,46873000,27952000,,,,,None,,,,,3.17,1.158,3.814,,,,,,,,0.306,,,2025-10-28,quarterly,0.39,USD,post-market,0,,0.0118,0.0971,0.128,4.56,28905000,,,,16.25,16.3,-4.878,,,,,,,88542000,,12.3,,18.12,13.2
2025-12-28,FCF,1.39,468728000.0,12.3,,0.811,14.83,,,,,,,,,,,,,,,None,8523000,8523000,,,,,,None,2286000,,0.535,0.0311,,,,0.258,-0.02,30113000,32399000,0.41,2017-12-31,9.83,,468728000.0,82022000,30113000,26132000,,,None,6270000,None,,None,,,,,3981000,3981000,None,None,0.448,,51909000,30113000,,,,,None,,,,,3.17,1.158,3.814,,,,,,,,0.306,,,2025-10-28,quarterly,0.39,USD,post-market,0,,0.0118,0.0971,0.128,4.56,32519000,,,,16.25,16.3,-4.878,,,,,,,90545000,,12.3,,18.12,13.2
2025-12-28,FCF,1.39,468728000.0,12.3,,0.811,14.83,,,,,,,,,,,,,,,None,7062000,7062000,,,,,,None,2297000,,0.535,0.0311,,,,0.258,-0.02,30778000,33075000,0.41,2017-09-30,9.83,,468728000.0,78139000,30778000,9495000,,,None,5848000,None,,None,,,,,21283000,21283000,None,None,0.448,,47361000,30778000,,,,,None,,,,,3.17,1.158,3.814,,,,,,,,0.306,,,2025-10-28,quarterly,0.39,USD,post-market,0,,0.0118,0.0971,0.128,4.56,29496000,,,,16.25,16.3,-4.878,,,,,,,85201000,,12.3,,18.12,13.2
2025-12-28,FCF,1.39,468728000.0,12.3,,0.811,14.83,,,,,,,,,,,,,,,None,3694000,3694000,,,,,,None,2301000,,0.535,0.0311,,,,0.258,-0.02,20067000,22368000,0.41,2017-06-30,9.83,,468728000.0,78330000,20067000,6054000,,,None,5303000,None,,None,,,,,14013000,14013000,None,None,0.448,,58263000,20067000,,,,,None,,,,,3.17,1.158,3.814,,,,,,,,0.306,,,2025-10-28,quarterly,0.39,USD,post-market,0,,0.0118,0.0971,0.128,4.56,29063000,,,,16.25,16.3,-4.878,,,,,,,82024000,,12.3,,18.12,13.2
2025-12-28,FCF,1.39,468728000.0,12.3,,0.811,14.83,,,,,,,,,,,,,,,None,7578000,7578000,,,,,,None,2113000,,0.535,0.0311,,,,0.258,-0.02,22768000,24881000,0.41,2017-03-31,9.83,,468728000.0,65533000,22768000,6880000,,,None,4349000,None,,None,,,,,15888000,15888000,None,None,0.448,,42765000,22768000,,,,,None,,,,,3.17,1.158,3.814,,,,,,,,0.306,,,2025-10-28,quarterly,0.39,USD,post-market,0,,0.0118,0.0971,0.128,4.56,26841000,,,,16.25,16.3,-4.878,,,,,,,73111000,,12.3,,18.12,13.2
2025-12-28,FCF,1.39,468728000.0,12.3,,0.811,14.83,,,,,,,,,,,,,,,None,2587000,2587000,,,,,,None,1882000,,0.535,0.0311,,,,0.258,-0.02,26002000,27884000,0.41,2016-12-31,9.83,,468728000.0,71677000,26002000,8088000,,,None,4413000,None,,None,,,,,17914000,17914000,None,None,0.448,,45675000,26002000,,,,,None,,,,,3.17,1.158,3.814,,,,,,,,0.306,,,2025-10-28,quarterly,0.39,USD,post-market,0,,0.0118,0.0971,0.128,4.56,28108000,,,,16.25,16.3,-4.878,,,,,,,74264000,,12.3,,18.12,13.2
2025-12-28,FCF,1.39,468728000.0,12.3,,0.811,14.83,,,,,,,,,,,,,,,None,8269000,8269000,,,,,,None,1753000,,0.535,0.0311,,,,0.258,-0.02,24508000,26261000,0.41,2016-09-30,9.83,,468728000.0,63204000,24508000,7312000,,,None,4861000,None,,None,,,,,17196000,17196000,None,None,0.448,,38696000,24508000,,,,,None,,,,,3.17,1.158,3.814,,,,,,,,0.306,,,2025-10-28,quarterly,0.39,USD,post-market,0,,0.0118,0.0971,0.128,4.56,24344000,,,,16.25,16.3,-4.878,,,,,,,71473000,,12.3,,18.12,13.2
2025-12-28,FCF,1.39,468728000.0,12.3,,0.811,14.83,,,,,,,,,,,,,,,None,15131000,15131000,,,,,,None,1741000,,0.535,0.0311,,,,0.258,-0.02,16867000,18608000,0.41,2016-06-30,9.83,,468728000.0,54277000,16867000,4860000,,,None,4759000,None,,None,,,,,12007000,12007000,None,None,0.448,,37410000,16867000,,,,,None,,,,,3.17,1.158,3.814,,,,,,,,0.306,,,2025-10-28,quarterly,0.39,USD,post-market,0,,0.0118,0.0971,0.128,4.56,23212000,,,,16.25,16.3,-4.878,,,,,,,69408000,,12.3,,18.12,13.2
2025-12-28,FCF,1.39,468728000.0,12.3,,0.811,14.83,,,,,,,,,,,,,,,None,11072000,11072000,,,,,,None,1740000,,0.535,0.0311,,,,0.258,-0.02,17852000,19592000,0.41,2016-03-31,9.83,,468728000.0,55996000,17852000,5379000,,,None,4546000,None,,None,,,,,12473000,12473000,None,None,0.448,,38144000,17852000,,,,,None,,,,,3.17,1.158,3.814,,,,,,,,0.306,,,2025-10-28,quarterly,0.39,USD,post-market,0,,0.0118,0.0971,0.128,4.56,25043000,,,,16.25,16.3,-4.878,,,,,,,67068000,,12.3,,18.12,13.2
2025-12-28,FCF,1.39,468728000.0,12.3,,0.811,14.83,,,,,,,,,,,,,,,None,10216000,10216000,,,,,,None,1890000,,0.535,0.0311,,,,0.258,-0.02,14272000,16162000,0.41,2015-12-31,9.83,,468728000.0,57401000,14272000,4211000,,,None,4086000,None,,None,,,,,10061000,10061000,None,None,0.448,,43129000,14272000,,,,,None,,,,,3.17,1.158,3.814,,,,,,,,0.306,,,2025-10-28,quarterly,0.39,USD,post-market,0,,0.0118,0.0971,0.128,4.56,26146000,,,,16.25,16.3,-4.878,,,,,,,67617000,,12.3,,18.12,13.2
2025-12-28,FCF,1.39,468728000.0,12.3,,0.811,14.83,,,,,,,,,,,,,,,None,8437000,8437000,,,,,,None,1948000,,0.535,0.0311,,,,0.258,-0.02,17312000,19260000,0.41,2015-09-30,9.83,,468728000.0,57782000,17312000,4898000,,,None,3816000,None,,None,,,,,12414000,12414000,None,None,0.448,,40257000,17312000,,,,,None,,,,,3.17,1.158,3.814,,,,,,,,0.306,,,2025-10-28,quarterly,0.39,USD,post-market,0,,0.0118,0.0971,0.128,4.56,25768000,,,,16.25,16.3,-4.878,,,,,,,66006000,,12.3,,18.12,13.2
2025-12-28,FCF,1.39,468728000.0,12.3,,0.811,14.83,,,,,,,,,,,,,,,None,6818000,6818000,,,,,,None,1903000,,0.535,0.0311,,,,0.258,-0.02,19045000,20948000,0.41,2015-06-30,9.83,,468728000.0,59679000,19045000,5598000,,,None,3780000,None,,None,,,,,13447000,13447000,None,None,0.448,,40634000,19045000,,,,,None,,,,,3.17,1.158,3.814,,,,,,,,0.306,,,2025-10-28,quarterly,0.39,USD,post-market,0,,0.0118,0.0971,0.128,4.56,25452000,,,,16.25,16.3,-4.878,,,,,,,66497000,,12.3,,18.12,13.2
2025-12-28,FCF,1.39,468728000.0,12.3,,0.811,14.83,,,,,,,,,,,,,,,None,5072000,5072000,,,,,,None,1899000,,0.535,0.0311,,,,0.258,-0.02,20350000,22249000,0.41,2015-03-31,9.83,,468728000.0,60204000,20350000,6129000,,,None,3913000,None,,None,,,,,14221000,14221000,None,None,0.448,,39854000,20350000,,,,,None,,,,,3.17,1.158,3.814,,,,,,,,0.306,,,2025-10-28,quarterly,0.39,USD,post-market,0,,0.0118,0.0971,0.128,4.56,24900000,,,,16.25,16.3,-4.878,,,,,,,65276000,,12.3,,18.12,13.2
2025-12-28,FCF,1.39,468728000.0,12.3,,0.811,14.83,,,,,,,,,,,,,,,None,6842000,6842000,,,,,,None,2062000,,0.535,0.0311,,,,0.258,-0.02,10106000,12168000,0.41,2014-12-31,9.83,,468728000.0,57465000,10106000,2377000,,,None,4267000,None,,None,,,,,7729000,7729000,None,None,0.448,,47359000,10106000,,,,,None,,,,,3.17,1.158,3.814,,,,,,,,0.306,,,2025-10-28,quarterly,0.39,USD,post-market,0,,0.0118,0.0971,0.128,4.56,26841000,,,,16.25,16.3,-4.878,,,,,,,64307000,,12.3,,18.12,13.2
2025-12-28,FCF,1.39,468728000.0,12.3,,0.811,14.83,,,,,,,,,,,,,,,None,6609000,6609000,,,,,,None,3223000,,0.535,0.0311,,,,0.258,-0.02,17962000,21185000,0.41,2014-09-30,9.83,,468728000.0,59530000,17962000,5466000,,,None,4536000,None,,None,,,,,12496000,12496000,None,None,0.448,,41568000,17962000,,,,,None,,,,,3.17,1.158,3.814,,,,,,,,0.306,,,2025-10-28,quarterly,0.39,USD,post-market,0,,0.0118,0.0971,0.128,4.56,25536000,,,,16.25,16.3,-4.878,,,,,,,66139000,,12.3,,18.12,13.2
2025-12-28,FCF,1.39,468728000.0,12.3,,0.811,14.83,,,,,,,,,,,,,,,None,8100000,8100000,,,,,,None,4126000,,0.535,0.0311,,,,0.258,-0.02,16672000,20798000,0.41,2014-06-30,9.83,,468728000.0,59068000,16672000,4744000,,,None,4783000,None,,None,,,,,11928000,11928000,None,None,0.448,,42396000,16672000,,,,,None,,,,,3.17,1.158,3.814,,,,,,,,0.306,,,2025-10-28,quarterly,0.39,USD,post-market,0,,0.0118,0.0971,0.128,4.56,24939000,,,,16.25,16.3,-4.878,,,,,,,67168000,,12.3,,18.12,13.2
2025-12-28,FCF,1.39,468728000.0,12.3,,0.811,14.83,,,,,,,,,,,,,,,None,8146000,8146000,,,,,,None,4310000,,0.535,0.0311,,,,0.258,-0.02,17393000,21703000,0.41,2014-03-31,9.83,,468728000.0,57280000,17393000,5093000,,,None,4915000,None,,None,,,,,12300000,12300000,None,None,0.448,,39887000,17393000,,,,,None,,,,,3.17,1.158,3.814,,,,,,,,0.306,,,2025-10-28,quarterly,0.39,USD,post-market,0,,0.0118,0.0971,0.128,4.56,24270000,,,,16.25,16.3,-4.878,,,,,,,65426000,,12.3,,18.12,13.2
2025-12-28,FCF,1.39,468728000.0,12.3,,0.811,14.83,,,,,,,,,,,,,,,None,6218000,6218000,,,,,,None,4191000,,0.535,0.0311,,,,0.258,-0.02,13027000,17218000,0.41,2013-12-31,9.83,,468728000.0,58354000,13027000,3768000,,,None,5002000,None,,None,,,,,9259000,9259000,None,None,0.448,,45327000,13027000,,,,,None,,,,,3.17,1.158,3.814,,,,,,,,0.306,,,2025-10-28,quarterly,0.39,USD,post-market,0,,0.0118,0.0971,0.128,4.56,25250000,,,,16.25,16.3,-4.878,,,,,,,64572000,,12.3,,18.12,13.2
2025-12-28,FCF,1.39,468728000.0,12.3,,0.811,14.83,,,,,,,,,,,,,,,None,7793000,7793000,,,,,,None,2163000,,0.535,0.0311,,,,0.258,-0.02,21553000,23716000,0.41,2013-09-30,9.83,,468728000.0,61598000,21553000,5699000,,,None,5079000,None,,None,,,,,15854000,15854000,None,None,0.448,,40045000,21553000,,,,,None,,,,,3.17,1.158,3.814,,,,,,,,0.306,,,2025-10-28,quarterly,0.39,USD,post-market,0,,0.0118,0.0971,0.128,4.56,24528000,,,,16.25,16.3,-4.878,,,,,,,69391000,,12.3,,18.12,13.2
2025-12-28,FCF,1.39,468728000.0,12.3,,0.811,14.83,,,,,,,,,,,,,,,None,16083000,16083000,,,,,,None,2339000,,0.535,0.0311,,,,0.258,-0.02,7831000,10170000,0.41,2013-06-30,9.83,,468728000.0,49829000,7831000,2015000,,,None,5283000,None,,None,,,,,5816000,5816000,None,None,0.448,,41998000,7831000,,,,,None,,,,,3.17,1.158,3.814,,,,,,,,0.306,,,2025-10-28,quarterly,0.39,USD,post-market,0,,0.0118,0.0971,0.128,4.56,24935000,,,,16.25,16.3,-4.878,,,,,,,65912000,,12.3,,18.12,13.2
2025-12-28,FCF,1.39,468728000.0,12.3,,0.811,14.83,,,,,,,,,,,,,,,None,10840000,10840000,,,,,,None,2397000,,0.535,0.0311,,,,0.258,-0.02,14352000,16749000,0.41,2013-03-31,9.83,,468728000.0,55806000,14352000,3799000,,,None,6343000,None,,None,,,,,10553000,10553000,None,None,0.448,,41454000,14352000,,,,,None,,,,,3.17,1.158,3.814,,,,,,,,0.306,,,2025-10-28,quarterly,0.39,USD,post-market,0,,0.0118,0.0971,0.128,4.56,25510000,,,,16.25,16.3,-4.878,,,,,,,66646000,,12.3,,18.12,13.2
2025-12-28,FCF,1.39,468728000.0,12.3,,0.811,14.83,,,,,,,,,,,,,,,None,12382000,12382000,,,,,,None,2176000,,0.535,0.0311,,,,0.258,-0.02,11746000,13922000,0.41,2012-12-31,9.83,,468728000.0,55588000,11746000,3011000,,,None,6676000,None,,None,,,,,8735000,8735000,None,None,0.448,,43842000,11746000,,,,,None,,,,,3.17,1.158,3.814,,,,,,,,0.306,,,2025-10-28,quarterly,0.39,USD,post-market,0,,0.0118,0.0971,0.128,4.56,16521000,,,,16.25,16.3,-4.878,,,,,,,67970000,,12.3,,18.12,13.2
2025-12-28,FCF,1.39,468728000.0,12.3,,0.811,14.83,,,,,,,,,,,,,,,None,13984000,13984000,,,,,,None,1936000,,0.535,0.0311,,,,0.258,-0.02,12986000,14922000,0.41,2012-09-30,9.83,,468728000.0,55842000,12986000,3139000,,,None,7230000,None,,None,,,,,9847000,9847000,None,None,0.448,,42856000,12986000,,,,,None,,,,,3.17,1.158,3.814,,,,,,,,0.306,,,2025-10-28,quarterly,0.39,USD,post-market,0,,0.0118,0.0971,0.128,4.56,25806000,,,,16.25,16.3,-4.878,,,,,,,69826000,,12.3,,18.12,13.2
2025-12-28,FCF,1.39,468728000.0,12.3,,0.811,14.83,,,,,,,,,,,,,,,None,12091000,12091000,,,,,,None,2280000,,0.535,0.0311,,,,0.258,-0.02,16869000,19149000,0.41,2012-06-30,9.83,,468728000.0,58717000,16869000,4548000,,,None,7794000,None,,None,,,,,12321000,12321000,None,None,0.448,,41848000,16869000,,,,,None,,,,,3.17,1.158,3.814,,,,,,,,0.306,,,2025-10-28,quarterly,0.39,USD,post-market,0,,0.0118,0.0971,0.128,4.56,26091000,,,,16.25,16.3,-4.878,,,,,,,70808000,,12.3,,18.12,13.2
2025-12-28,FCF,1.39,468728000.0,12.3,,0.811,14.83,,,,,,,,,,,,,,,None,12233000,12233000,,,,,,None,1520000,,0.535,0.0311,,,,0.258,-0.02,15011000,16531000,0.41,2012-03-31,9.83,,468728000.0,61763000,15011000,3960000,,,None,8446000,None,,None,,,,,11051000,11051000,None,None,0.448,,46752000,15011000,,,,,None,,,,,3.17,1.158,3.814,,,,,,,,0.306,,,2025-10-28,quarterly,0.39,USD,post-market,0,,0.0118,0.0971,0.128,4.56,27257000,,,,16.25,16.3,-4.878,,,,,,,73996000,,12.3,,18.12,13.2
2025-12-28,FCF,1.39,468728000.0,12.3,,0.811,14.83,,,,,,,,,,,,,,,None,34766000,34766000,,,,,,None,1968000,,0.535,0.0311,,,,0.258,-0.02,-11377000,-9409000,0.41,2011-12-31,9.83,,468728000.0,37199000,-11377000,-5660000,,,None,8854000,None,,None,,,,,-5717000,0,None,None,0.448,,48576000,-11377000,,,,,None,,,,,3.17,1.158,3.814,,,,,,,,0.306,,,2025-10-28,quarterly,0.39,USD,post-market,0,,0.0118,0.0971,0.128,4.56,28366000,,,,16.25,16.3,-4.878,,,,,,,71965000,,12.3,,18.12,13.2
2025-12-28,FCF,1.39,468728000.0,12.3,,0.811,14.83,,,,,,,,,,,,,,,None,17095000,17095000,,,,,,None,2231000,,0.535,0.0311,,,,0.258,-0.02,10183000,12414000,0.41,2011-09-30,9.83,,468728000.0,51304000,10183000,1857000,,,None,10120000,None,,None,,,,,8326000,8326000,None,None,0.448,,41121000,10183000,,,,,None,,,,,3.17,1.158,3.814,,,,,,,,0.306,,,2025-10-28,quarterly,0.39,USD,post-market,0,,0.0118,0.0971,0.128,4.56,26523000,,,,16.25,16.3,-4.878,,,,,,,68399000,,12.3,,18.12,13.2
2025-12-28,FCF,1.39,468728000.0,12.3,,0.811,14.83,,,,,,,,,,,,,,,None,20216000,20216000,,,,,,None,2420000,,0.535,0.0311,,,,0.258,-0.02,9137000,11557000,0.41,2011-06-30,9.83,,468728000.0,54837000,9137000,1718000,,,None,11104000,None,,None,,,,,7419000,7419000,None,None,0.448,,45700000,9137000,,,,,None,,,,,3.17,1.158,3.814,,,,,,,,0.306,,,2025-10-28,quarterly,0.39,USD,post-market,0,,0.0118,0.0971,0.128,4.56,27479000,,,,16.25,16.3,-4.878,,,,,,,75053000,,12.3,,18.12,13.2
2025-12-28,FCF,1.39,468728000.0,12.3,,0.811,14.83,,,,,,,,,,,,,,,None,25417000,25417000,,,,,,None,2407000,,0.535,0.0311,,,,0.258,-0.02,6951000,9358000,0.41,2011-03-31,9.83,,468728000.0,48380000,6951000,1705000,,,None,11600000,None,,None,,,,,5246000,0,None,None,0.448,,41429000,6951000,,,,,None,,,,,3.17,1.158,3.814,,,,,,,,0.306,,,2025-10-28,quarterly,0.39,USD,post-market,0,,0.0118,0.0971,0.128,4.56,26881000,,,,16.25,16.3,-4.878,,,,,,,73797000,,12.3,,18.12,13.2
2025-12-28,FCF,1.39,468728000.0,12.3,,0.811,14.83,,,,,,,,,,,,,,,None,21392000,21392000,,,,,,None,2565000,,0.535,0.0311,,,,0.258,-0.02,12848000,15413000,0.41,2010-12-31,9.83,,468728000.0,56269000,12848000,903000,,,None,13392000,None,,None,,,,,11945000,0,None,None,0.448,,43421000,12848000,,,,,None,,,,,3.17,1.158,3.814,,,,,,,,0.306,,,2025-10-28,quarterly,0.39,USD,post-market,0,,0.0118,0.0971,0.128,4.56,22892000,,,,16.25,16.3,-4.878,,,,,,,77661000,,12.3,,18.12,13.2
2025-12-28,FCF,1.39,468728000.0,12.3,,0.811,14.83,,,,,,,,,,,,,,,None,19408000,19408000,,,,,,None,2563000,,0.535,0.0311,,,,0.258,-0.02,16522000,19085000,0.41,2010-09-30,9.83,,468728000.0,61743000,16522000,5863000,,,None,14886000,None,,None,,,,,10659000,10659000,None,None,0.448,,45221000,16522000,,,,,None,,,,,3.17,1.158,3.814,,,,,,,,0.306,,,2025-10-28,quarterly,0.39,USD,post-market,0,,0.0118,0.0971,0.128,4.56,26675000,,,,16.25,16.3,-4.878,,,,,,,81151000,,12.3,,18.12,13.2
2025-12-28,FCF,1.39,468728000.0,12.3,,0.811,14.83,,,,,,,,,,,,,,,None,20351000,20351000,,,,,,None,2815000,,0.535,0.0311,,,,0.258,-0.02,17557000,20372000,0.41,2010-06-30,9.83,,468728000.0,63345000,17557000,4015000,,,None,16341000,None,,None,,,,,13542000,13542000,None,None,0.448,,45788000,17557000,,,,,None,,,,,3.17,1.158,3.814,,,,,,,,0.306,,,2025-10-28,quarterly,0.39,USD,post-market,0,,0.0118,0.0971,0.128,4.56,26788000,,,,16.25,16.3,-4.878,,,,,,,83696000,,12.3,,18.12,13.2
2025-12-28,FCF,1.39,468728000.0,12.3,,0.811,14.83,,,,,,,,,,,,,,,None,62000000,62000000,,,,,,None,2764000,,0.535,0.0311,,,,0.258,-0.02,-23710000,-20946000,0.41,2010-03-31,9.83,,468728000.0,22279000,-23710000,-10542000,,,None,16980000,None,,None,,,,,-13168000,0,None,None,0.448,,45989000,-23710000,,,,,None,,,,,3.17,1.158,3.814,,,,,,,,0.306,,,2025-10-28,quarterly,0.39,USD,post-market,0,,0.0118,0.0971,0.128,4.56,27707000,,,,16.25,16.3,-4.878,,,,,,,84279000,,12.3,,18.12,13.2
2025-12-28,FCF,1.39,468728000.0,12.3,,0.811,14.83,,,,,,,,,,,,,,,None,40176000,40176000,,,,,,None,2315000,,0.535,0.0311,,,,0.258,-0.02,727000,3042000,0.41,2009-12-31,9.83,,468728000.0,46905000,727000,-2002000,,,None,19117000,None,,None,,,,,2729000,0,None,None,0.448,,46178000,727000,,,,,None,,,,,3.17,1.158,3.814,,,,,,,,0.306,,,2025-10-28,quarterly,0.39,USD,post-market,0,,0.0118,0.0971,0.128,4.56,25729000,,,,16.25,16.3,-4.878,,,,,,,87081000,,12.3,,18.12,13.2
2025-12-28,FCF,1.39,468728000.0,12.3,,0.811,14.83,,,,,,,,,,,,,,,None,44100000,44100000,,,,,,None,2493000,,0.535,0.0311,,,,0.258,-0.02,-12981000,-10488000,0.41,2009-09-30,9.83,,468728000.0,40867000,-12981000,-7120000,,,None,21080000,None,,None,,,,,-5861000,0,None,None,0.448,,53848000,-12981000,,,,,None,,,,,3.17,1.158,3.814,,,,,,,,0.306,,,2025-10-28,quarterly,0.39,USD,post-market,0,,0.0118,0.0971,0.128,4.56,27341000,,,,16.25,16.3,-4.878,,,,,,,84967000,,12.3,,18.12,13.2
2025-12-28,FCF,1.39,468728000.0,12.3,,0.811,14.83,,,,,,,,,,,,,,,None,70480000,70480000,,,,,,None,1922000,,0.535,0.0311,,,,0.258,-0.02,-35380000,-33458000,0.41,2009-06-30,9.83,,468728000.0,18716000,-35380000,-16761000,,,None,22232000,None,,None,,,,,-18619000,0,None,None,0.448,,54096000,-35380000,,,,,None,,,,,3.17,1.158,3.814,,,,,,,,0.306,,,2025-10-28,quarterly,0.39,USD,post-market,0,,0.0118,0.0971,0.128,4.56,30171000,,,,16.25,16.3,-4.878,,,,,,,89196000,,12.3,,18.12,13.2
2025-12-28,FCF,1.39,468728000.0,12.3,,0.811,14.83,,,,,,,,,,,,,,,None,32584000,32584000,,,,,,None,3076000,,0.535,0.0311,,,,0.258,-0.02,1749000,4825000,0.41,2009-03-31,9.83,,468728000.0,54963000,1749000,62000,,,None,24342000,None,,None,,,,,1687000,0,None,None,0.448,,53214000,1749000,,,,,None,,,,,3.17,1.158,3.814,,,,,,,,0.306,,,2025-10-28,quarterly,0.39,USD,post-market,0,,0.0118,0.0971,0.128,4.56,26484000,,,,16.25,16.3,-4.878,,,,,,,87547000,,12.3,,18.12,13.2
2025-12-28,FCF,1.39,468728000.0,12.3,,0.811,14.83,,,,,,,,,,,,,,,None,40415000,40415000,,,,,,None,2392000,,0.535,0.0311,,,,0.258,-0.02,10149000,12541000,0.41,2008-12-31,9.83,,468728000.0,52026000,10149000,1260000,,,None,29773000,None,,None,,,,,8889000,0,None,None,0.448,,41877000,10149000,,,,,None,,,,,3.17,1.158,3.814,,,,,,,,0.306,,,2025-10-28,quarterly,0.39,USD,post-market,0,,0.0118,0.0971,0.128,4.56,25941000,,,,16.25,16.3,-4.878,,,,,,,92441000,,12.3,,18.12,13.2
2025-12-28,FCF,1.39,468728000.0,12.3,,0.811,14.83,,,,,,,,,,,,,,,None,37125000,37125000,,,,,,None,4480000,,0.535,0.0311,,,,0.258,-0.02,11291000,15771000,0.41,2008-09-30,9.83,,468728000.0,50288000,11291000,1127000,,,None,33212000,None,,None,,,,,10164000,0,None,None,0.448,,38997000,11291000,,,,,None,,,,,3.17,1.158,3.814,,,,,,,,0.306,,,2025-10-28,quarterly,0.39,USD,post-market,0,,0.0118,0.0971,0.128,4.56,21091000,,,,16.25,16.3,-4.878,,,,,,,87413000,,12.3,,18.12,13.2
2025-12-28,FCF,1.39,468728000.0,12.3,,0.811,14.83,,,,,,,,,,,,,,,None,40651000,40651000,,,,,,None,2088000,,0.535,0.0311,,,,0.258,-0.02,15774000,17862000,0.41,2008-06-30,9.83,,468728000.0,54659000,15774000,2861000,,,None,35290000,None,,None,,,,,12913000,0,None,None,0.448,,38885000,15774000,,,,,None,,,,,3.17,1.158,3.814,,,,,,,,0.306,,,2025-10-28,quarterly,0.39,USD,post-market,0,,0.0118,0.0971,0.128,4.56,20428000,,,,16.25,16.3,-4.878,,,,,,,95310000,,12.3,,18.12,13.2
2025-12-28,FCF,1.39,468728000.0,12.3,,0.811,14.83,,,,,,,,,,,,,,,None,43902000,43902000,,,,,,None,1438000,,0.535,0.0311,,,,0.258,-0.02,12505000,13943000,0.41,2008-03-31,9.83,,468728000.0,51361000,12505000,1384000,,,None,40723000,None,,None,,,,,11121000,0,None,None,0.448,,38856000,12505000,,,,,None,,,,,3.17,1.158,3.814,,,,,,,,0.306,,,2025-10-28,quarterly,0.39,USD,post-market,0,,0.0118,0.0971,0.128,4.56,20330000,,,,16.25,16.3,-4.878,,,,,,,95263000,,12.3,,18.12,13.2
2025-12-28,FCF,1.39,468728000.0,12.3,,0.811,14.83,,,,,,,,,,,,,,,None,44993000,44993000,,,,,,None,-979000,,0.535,0.0311,,,,0.258,-0.02,13761000,12782000,0.41,2007-12-31,9.83,,468728000.0,50636000,13761000,2113000,,,None,42641000,None,,None,,,,,11648000,0,None,None,0.448,,36875000,13761000,,,,,None,,,,,3.17,1.158,3.814,,,,,,,,0.306,,,2025-10-28,quarterly,0.39,USD,post-market,0,,0.0118,0.0971,0.128,4.56,18859000,,,,16.25,16.3,-4.878,,,,,,,95629000,,12.3,,18.12,13.2
2025-12-28,FCF,1.39,468728000.0,12.3,,0.811,14.83,,,,,,,,,,,,,,,None,44400000,44400000,,,,,,None,3875000,,0.535,0.0311,,,,0.258,-0.02,13571000,17446000,0.41,2007-09-30,9.83,,468728000.0,50051000,13571000,1352000,,,None,42104000,None,,None,,,,,12219000,0,None,None,0.448,,36480000,13571000,,,,,None,,,,,3.17,1.158,3.814,,,,,,,,0.306,,,2025-10-28,quarterly,0.39,USD,post-market,0,,0.0118,0.0971,0.128,4.56,18401000,,,,16.25,16.3,-4.878,,,,,,,94451000,,12.3,,18.12,13.2
2025-12-28,FCF,1.39,468728000.0,12.3,,0.811,14.83,,,,,,,,,,,,,,,None,44437000,44437000,,,,,,None,1179000,,0.535,0.0311,,,,0.258,-0.02,12942000,14121000,0.41,2007-06-30,9.83,,468728000.0,49825000,12942000,1454000,,,None,42022000,None,,None,,,,,11488000,0,None,None,0.448,,36883000,12942000,,,,,None,,,,,3.17,1.158,3.814,,,,,,,,0.306,,,2025-10-28,quarterly,0.39,USD,post-market,0,,0.0118,0.0971,0.128,4.56,18588000,,,,16.25,16.3,-4.878,,,,,,,94262000,,12.3,,18.12,13.2
2025-12-28,FCF,1.39,468728000.0,12.3,,0.811,14.83,,,,,,,,,,,,,,,None,45925000,45925000,,,,,,None,1119000,,0.535,0.0311,,,,0.258,-0.02,11929000,13048000,0.41,2007-03-31,9.83,,468728000.0,49698000,11929000,1034000,,,None,42946000,None,,None,,,,,10895000,0,None,None,0.448,,37769000,11929000,,,,,None,,,,,3.17,1.158,3.814,,,,,,,,0.306,,,2025-10-28,quarterly,0.39,USD,post-market,0,,0.0118,0.0971,0.128,4.56,20284000,,,,16.25,16.3,-4.878,,,,,,,95623000,,12.3,,18.12,13.2
2025-12-28,FCF,1.39,468728000.0,12.3,,0.811,14.83,,,,,,,,,,,,,,,None,47494000,47494000,,,,,,None,-1709000,,0.535,0.0311,,,,0.258,-0.02,13714000,12005000,0.41,2006-12-31,9.83,,468728000.0,49140000,13714000,1316000,,,None,44194000,None,,None,,,,,12398000,0,None,None,0.448,,35426000,13714000,,,,,None,,,,,3.17,1.158,3.814,,,,,,,,0.306,,,2025-10-28,quarterly,0.39,USD,post-market,0,,0.0118,0.0971,0.128,4.56,18706000,,,,16.25,16.3,-4.878,,,,,,,96634000,,12.3,,18.12,13.2
2025-12-28,FCF,1.39,468728000.0,12.3,,0.811,14.83,,,,,,,,,,,,,,,None,46217000,46217000,,,,,,None,902000,,0.535,0.0311,,,,0.258,-0.02,18188000,19090000,0.41,2006-09-30,9.83,,468728000.0,51630000,18188000,2796000,,,None,43179000,None,,None,,,,,15392000,0,None,None,0.448,,33442000,18188000,,,,,None,,,,,3.17,1.158,3.814,,,,,,,,0.306,,,2025-10-28,quarterly,0.39,USD,post-market,0,,0.0118,0.0971,0.128,4.56,17690000,,,,16.25,16.3,-4.878,,,,,,,97847000,,12.3,,18.12,13.2
2025-12-28,FCF,1.39,468728000.0,12.3,,0.811,14.83,,,,,,,,,,,,,,,None,44698000,44698000,,,,,,None,1821000,,0.535,0.0311,,,,0.258,-0.02,14839000,16660000,0.41,2006-06-30,9.83,,468728000.0,48061000,14839000,2613000,,,None,40400000,None,,None,,,,,12226000,0,None,None,0.448,,33222000,14839000,,,,,None,,,,,3.17,1.158,3.814,,,,,,,,0.306,,,2025-10-28,quarterly,0.39,USD,post-market,0,,0.0118,0.0971,0.128,4.56,17235000,,,,16.25,16.3,-4.878,,,,,,,92759000,,12.3,,18.12,13.2
2025-12-28,FCF,1.39,468728000.0,12.3,,0.811,14.83,,,,,,,,,,,,,,,None,39242000,39242000,,,,,,None,2093000,,0.535,0.0311,,,,0.258,-0.02,15242000,17335000,0.41,2006-03-31,9.83,,468728000.0,50835000,15242000,2304000,,,None,38334000,None,,None,,,,,12938000,0,None,None,0.448,,35593000,15242000,,,,,None,,,,,3.17,1.158,3.814,,,,,,,,0.306,,,2025-10-28,quarterly,0.39,USD,post-market,0,,0.0118,0.0971,0.128,4.56,19357000,,,,16.25,16.3,-4.878,,,,,,,90077000,,12.3,,18.12,13.2
2025-12-28,FCF,1.39,468728000.0,12.3,,0.811,14.83,,,,,,,,,,,,,,,None,38833000,38833000,,,,,,None,2860000,,0.535,0.0311,,,,0.258,-0.02,13700000,16560000,0.41,2005-12-31,9.83,,468728000.0,50886000,13700000,1917000,,,None,37799000,None,,None,,,,,11783000,0,None,None,0.448,,37186000,13700000,,,,,None,,,,,3.17,1.158,3.814,,,,,,,,0.306,,,2025-10-28,quarterly,0.39,USD,post-market,0,,0.0118,0.0971,0.128,4.56,19040000,,,,16.25,16.3,-4.878,,,,,,,89719000,,12.3,,18.12,13.2
2025-12-28,FCF,1.39,468728000.0,12.3,,0.811,14.83,,,,,,,,,,,,,,,None,39064000,39064000,,,,,,None,2630000,,0.535,0.0311,,,,0.258,-0.02,15441000,18071000,0.41,2005-09-30,9.83,,468728000.0,51744000,15441000,2445000,,,None,36214000,None,,None,,,,,12996000,0,None,None,0.448,,36303000,15441000,,,,,None,,,,,3.17,1.158,3.814,,,,,,,,0.306,,,2025-10-28,quarterly,0.39,USD,post-market,0,,0.0118,0.0971,0.128,4.56,18320000,,,,16.25,16.3,-4.878,,,,,,,90808000,,12.3,,18.12,13.2
2025-12-28,FCF,1.39,468728000.0,12.3,,0.811,14.83,,,,,,,,,,,,,,,None,250741000,250741000,,,,,,None,5688000,,0.535,0.0311,,,,0.258,-0.02,178323000,184011000,0.41,2024-12-31,9.83,,468728000.0,448953000,178208000,35636000,,,None,221571000,598409000,,None,,,,,142572000,142572000,376838000,None,0.448,,270745000,178208000,,,,,None,,,,,3.17,1.158,3.814,,,,,,,,0.306,,,2025-10-28,annual,0.39,USD,post-market,None,,0.0118,0.0971,0.128,4.56,155260000,,,,16.25,16.3,-4.878,,,,,,,699694000,,12.3,,18.12,13.2
2025-12-28,FCF,1.39,468728000.0,12.3,,0.811,14.83,,,,,,,,,,,,,,,None,159135000,159135000,,,,,,None,4104000,,0.535,0.0311,,,,0.258,-0.02,197555000,201659000,0.41,2023-12-31,9.83,,468728000.0,467472000,197555000,40492000,,,None,144322000,479523000,,None,,,,,157063000,147969000,375467000,None,0.448,,269917000,197555000,,,,,None,,,,,3.17,1.158,3.814,,,,,,,,0.306,,,2025-10-28,annual,0.39,USD,post-market,None,,0.0118,0.0971,0.128,4.56,149131000,,,,16.25,16.3,-4.878,,,,,,,626607000,,12.3,,18.12,13.2
2025-12-28,FCF,1.39,468728000.0,12.3,,0.811,14.83,,,,,,,,,,,,,,,None,38838000,38838000,,,,,,None,10552000,,0.535,0.0311,,,,0.258,-0.02,160185000,170737000,0.41,2022-12-31,9.83,,468728000.0,389823000,160185000,32004000,,,None,17732000,329953000,,None,,,,,128181000,128181000,312221000,None,0.448,,229638000,160185000,,,,,None,,,,,3.17,1.158,3.814,,,,,,,,0.306,,,2025-10-28,annual,0.39,USD,post-market,None,,0.0118,0.0971,0.128,4.56,128902000,,,,16.25,16.3,-4.878,,,,,,,428661000,,12.3,,18.12,13.2
2025-12-28,FCF,1.39,468728000.0,12.3,,0.811,14.83,,,,,,,,,,,,,,,None,13921000,13921000,,,,,,None,11442000,,0.535,0.0311,,,,0.258,-0.02,172817000,184259000,0.41,2021-12-31,9.83,,468728000.0,386674000,172817000,34560000,,,None,15297000,293838000,,None,,,,,138257000,138257000,278541000,None,0.448,,213857000,172817000,,,,,None,,,,,3.17,1.158,3.814,,,,,,,,0.306,,,2025-10-28,annual,0.39,USD,post-market,None,,0.0118,0.0971,0.128,4.56,122035000,,,,16.25,16.3,-4.878,,,,,,,400595000,,12.3,,18.12,13.2
2025-12-28,FCF,1.39,468728000.0,12.3,,0.811,14.83,,,,,,,,,,,,,,,None,89656000,89656000,,,,,,None,11653000,,0.535,0.0311,,,,0.258,-0.02,90203000,101856000,0.41,2020-12-31,9.83,,468728000.0,306029000,90203000,16756000,,,None,32938000,301209000,,None,,,,,73447000,73447000,268271000,None,0.448,,215826000,90203000,,,,,None,,,,,3.17,1.158,3.814,,,,,,,,0.306,,,2025-10-28,annual,0.39,USD,post-market,None,,0.0118,0.0971,0.128,4.56,125082000,,,,16.25,16.3,-4.878,,,,,,,395685000,,12.3,,18.12,13.2
2025-12-28,FCF,1.39,468728000.0,12.3,,0.811,14.83,,,,,,,,,,,,,,,None,69935000,69935000,,,,,,None,10370000,,0.535,0.0311,,,,0.258,-0.02,130849000,141219000,0.41,2019-12-31,9.83,,468728000.0,340814000,130849000,25516000,,,None,55402000,323656000,,None,,,,,105333000,105333000,268254000,None,0.448,,209965000,130849000,,,,,None,,,,,3.17,1.158,3.814,,,,,,,,0.306,,,2025-10-28,annual,0.39,USD,post-market,None,,0.0118,0.0971,0.128,4.56,124148000,,,,16.25,16.3,-4.878,,,,,,,410749000,,12.3,,18.12,13.2
2025-12-28,FCF,1.39,468728000.0,12.3,,0.811,14.83,,,,,,,,,,,,,,,None,52566000,52566000,,,,,,None,8046000,,0.535,0.0311,,,,0.258,-0.02,132772000,140818000,0.41,2018-12-31,9.83,,468728000.0,328328000,132772000,25274000,,,None,40035000,290398000,,None,,,,,107498000,107498000,250363000,None,0.448,,195556000,132772000,,,,,None,,,,,3.17,1.158,3.814,,,,,,,,0.306,,,2025-10-28,annual,0.39,USD,post-market,0,,0.0118,0.0971,0.128,4.56,117592000,,,,16.25,16.3,-4.878,,,,,,,380894000,,12.3,,18.12,13.2
2025-12-28,FCF,1.39,468728000.0,12.3,,0.811,14.83,,,,,,,,,,,,,,,None,26857000,26857000,,,,,,None,8997000,,0.535,0.0311,,,,0.258,-0.02,103726000,112723000,0.41,2017-12-31,9.83,,468728000.0,304024000,103726000,48561000,,,None,21770000,248881000,,None,,,,,55165000,55165000,227111000,None,0.448,,200298000,103726000,,,,,None,,,,,3.17,1.158,3.814,,,,,,,,0.306,,,2025-10-28,annual,0.39,USD,post-market,0,,0.0118,0.0971,0.128,4.56,117919000,,,,16.25,16.3,-4.878,,,,,,,330881000,,12.3,,18.12,13.2
2025-12-28,FCF,1.39,468728000.0,12.3,,0.811,14.83,,,,,,,,,,,,,,,None,37059000,37059000,,,,,,None,7116000,,0.535,0.0311,,,,0.258,-0.02,85229000,92345000,0.41,2016-12-31,9.83,,468728000.0,245826000,85229000,25639000,,,None,18579000,214788000,,None,,,,,59590000,59590000,196209000,None,0.448,,159925000,85229000,,,,,None,,,,,3.17,1.158,3.814,,,,,,,,0.306,,,2025-10-28,annual,0.39,USD,post-market,0,,0.0118,0.0971,0.128,4.56,100707000,,,,16.25,16.3,-4.878,,,,,,,282213000,,12.3,,18.12,13.2
2025-12-28,FCF,1.39,468728000.0,12.3,,0.811,14.83,,,,,,,,,,,,,,,None,30543000,30543000,,,,,,None,7640000,,0.535,0.0311,,,,0.258,-0.02,71144000,78784000,0.41,2015-12-31,9.83,,468728000.0,234853000,70979000,20836000,,,None,15595000,204071000,,None,,,,,50143000,50143000,188476000,None,0.448,,163874000,70979000,,,,,None,,,,,3.17,1.158,3.814,,,,,,,,0.306,,,2025-10-28,annual,0.39,USD,post-market,0,,0.0118,0.0971,0.128,4.56,102266000,,,,16.25,16.3,-4.878,,,,,,,265396000,,12.3,,18.12,13.2
2025-12-28,FCF,1.39,468728000.0,12.3,,0.811,14.83,,,,,,,,,,,,,,,None,29697000,29697000,,,,,,None,13721000,,0.535,0.0311,,,,0.258,-0.02,62243000,75964000,0.41,2014-12-31,9.83,,468728000.0,233343000,62133000,17680000,,,None,18501000,None,,None,,,,,44453000,44453000,None,None,0.448,,171210000,62133000,,,,,None,,,,,3.17,1.158,3.814,,,,,,,,0.306,,,2025-10-28,annual,0.39,USD,post-market,0,,0.0118,0.0971,0.128,4.56,100155000,,,,16.25,16.3,-4.878,,,,,,,263040000,,12.3,,18.12,13.2
2025-12-28,FCF,1.39,468728000.0,12.3,,0.811,14.83,,,,,,,,,,,,,,,None,40934000,40934000,,,,,,None,11090000,,0.535,0.0311,,,,0.258,-0.02,57137000,68227000,0.41,2013-12-31,9.83,,468728000.0,225587000,56763000,15281000,,,None,21707000,None,,None,,,,,41482000,41482000,None,None,0.448,,168824000,56763000,,,,,None,,,,,3.17,1.158,3.814,,,,,,,,0.306,,,2025-10-28,annual,0.39,USD,post-market,0,,0.0118,0.0971,0.128,4.56,100223000,,,,16.25,16.3,-4.878,,,,,,,266521000,,12.3,,18.12,13.2
2025-12-28,FCF,1.39,468728000.0,12.3,,0.811,14.83,,,,,,,,,,,,,,,None,50690000,50690000,,,,,,None,7912000,,0.535,0.0311,,,,0.258,-0.02,56612000,64524000,0.41,2012-12-31,9.83,,468728000.0,233819000,56612000,14658000,,,None,30146000,None,,None,,,,,41954000,41954000,None,None,0.448,,177207000,56612000,,,,,None,,,,,3.17,1.158,3.814,,,,,,,,0.306,,,2025-10-28,annual,0.39,USD,post-market,0,,0.0118,0.0971,0.128,4.56,105106000,,,,16.25,16.3,-4.878,,,,,,,284509000,,12.3,,18.12,13.2
2025-12-28,FCF,1.39,468728000.0,12.3,,0.811,14.83,,,,,,,,,,,,,,,None,97494000,97494000,,,,,,None,9026000,,0.535,0.0311,,,,0.258,-0.02,14894000,23920000,0.41,2011-12-31,9.83,,468728000.0,191720000,14894000,-380000,,,None,41678000,None,,None,,,,,15274000,15274000,None,None,0.448,,176826000,14894000,,,,,None,,,,,3.17,1.158,3.814,,,,,,,,0.306,,,2025-10-28,annual,0.39,USD,post-market,0,,0.0118,0.0971,0.128,4.56,103769000,,,,16.25,16.3,-4.878,,,,,,,289214000,,12.3,,18.12,13.2
2025-12-28,FCF,1.39,468728000.0,12.3,,0.811,14.83,,,,,,,,,,,,,,,None,123151000,123151000,,,,,,None,10707000,,0.535,0.0311,,,,0.258,-0.02,23217000,33924000,0.41,2010-12-31,9.83,,468728000.0,194443000,23217000,239000,,,None,61599000,None,,None,,,,,22978000,None,None,None,0.448,,171226000,23217000,,,,,None,,,,,3.17,1.158,3.814,,,,,,,,0.306,,,2025-10-28,annual,0.39,USD,post-market,None,,0.0118,0.0971,0.128,4.56,104062000,,,,16.25,16.3,-4.878,,,,,,,317594000,,12.3,,18.12,13.2
2025-12-28,FCF,1.39,468728000.0,12.3,,0.811,14.83,,,,,,,,,,,,,,,None,187340000,187340000,,,,,,None,9806000,,0.535,0.0311,,,,0.258,-0.02,-45885000,-36079000,0.41,2009-12-31,9.83,,468728000.0,161451000,-45885000,-25821000,,,None,86771000,None,,None,,,,,-20064000,None,None,None,0.448,,207336000,-45885000,,,,,None,,,,,3.17,1.158,3.814,,,,,,,,0.306,,,2025-10-28,annual,0.39,USD,post-market,None,,0.0118,0.0971,0.128,4.56,106531000,,,,16.25,16.3,-4.878,,,,,,,348791000,,12.3,,18.12,13.2
2025-12-28,FCF,1.39,468728000.0,12.3,,0.811,14.83,,,,,,,,,,,,,,,None,162093000,162093000,,,,,,None,10398000,,0.535,0.0311,,,,0.258,-0.02,49719000,60117000,0.41,2008-12-31,9.83,,468728000.0,221345000,49719000,6632000,,,None,138998000,None,,None,,,,,43087000,None,None,None,0.448,,171626000,49719000,,,,,None,,,,,3.17,1.158,3.814,,,,,,,,0.306,,,2025-10-28,annual,0.39,USD,post-market,None,,0.0118,0.0971,0.128,4.56,93707000,,,,16.25,16.3,-4.878,,,,,,,383438000,,12.3,,18.12,13.2
2025-12-28,FCF,1.39,468728000.0,12.3,,0.811,14.83,,,,,,,,,,,,,,,None,179755000,179755000,,,,,,None,5194000,,0.535,0.0311,,,,0.258,-0.02,52203000,57397000,0.41,2007-12-31,9.83,,468728000.0,200210000,52203000,5953000,,,None,169713000,None,,None,,,,,46250000,None,None,None,0.448,,148007000,52203000,,,,,None,,,,,3.17,1.158,3.814,,,,,,,,0.306,,,2025-10-28,annual,0.39,USD,post-market,None,,0.0118,0.0971,0.128,4.56,76132000,,,,16.25,16.3,-4.878,,,,,,,379965000,,12.3,,18.12,13.2
2025-12-28,FCF,1.39,468728000.0,12.3,,0.811,14.83,,,,,,,,,,,,,,,None,177651000,177651000,,,,,,None,8583000,,0.535,0.0311,,,,0.258,-0.02,61983000,70566000,0.41,2006-12-31,9.83,,468728000.0,199666000,61983000,9029000,,,None,166107000,None,,None,,,,,52954000,None,None,None,0.448,,137683000,61983000,,,,,None,,,,,3.17,1.158,3.814,,,,,,,,0.306,,,2025-10-28,annual,0.39,USD,post-market,None,,0.0118,0.0971,0.128,4.56,72988000,,,,16.25,16.3,-4.878,,,,,,,377317000,,12.3,,18.12,13.2
2025-12-28,FCF,1.39,468728000.0,12.3,,0.811,14.83,,,,,,,,,,,,,,,None,147246000,147246000,,,,,,None,11298000,,0.535,0.0311,,,,0.258,-0.02,71093000,82391000,0.41,2005-12-31,9.83,,468728000.0,215047000,71093000,13257000,,,None,138618000,None,,None,,,,,57836000,None,None,None,0.448,,143954000,71093000,,,,,None,,,,,3.17,1.158,3.814,,,,,,,,0.306,,,2025-10-28,annual,0.39,USD,post-market,None,,0.0118,0.0971,0.128,4.56,73522000,,,,16.25,16.3,-4.878,,,,,,,362293000,,12.3,,18.12,13.2
2025-12-28,FCF,1.39,468728000.0,12.3,None,0.811,14.83,,3875000,161411000,161411000,,,,,,,,,126600000,104754917,None,147246000,147246000,None,None,149557000,None,None,None,11298000,,0.535,0.0311,,,,0.258,-0.02,71093000,82391000,0.41,2025-09-30,9.83,378214000,468728000.0,215047000,71093000,13257000,22637000,22637000,None,138618000,None,None,None,None,258182000,None,1580352000,57836000,None,None,None,0.448,,143954000,71093000,None,10231340000,None,None,None,,,,,3.17,1.158,3.814,,,,,,,,0.306,,116531000,2025-10-28,quarterly,0.39,USD,post-market,None,1037022000,0.0118,0.0971,0.128,4.56,73522000,411614000,149557000,1001831000,16.25,16.3,-4.878,12310376000,1163242000,10380897000,10768539000,11147134000,387642000,362293000,1541837000,12.3,None,18.12,13.2
2025-12-28,FCF,1.39,468728000.0,12.3,None,0.811,14.83,,4027000,160166000,160166000,,,,,,,,,126600000,103928428,None,147246000,147246000,None,None,225874000,None,None,None,11298000,,0.535,0.0311,,,,0.258,-0.02,71093000,82391000,0.41,2025-06-30,9.83,378654000,468728000.0,215047000,71093000,13257000,23904000,23904000,None,138618000,None,None,None,None,262369000,None,1651366000,57836000,None,None,None,0.448,,143954000,71093000,None,10104582000,None,None,None,,,,,3.17,1.158,3.814,,,,,,,,0.306,,117171000,2025-10-28,quarterly,0.39,USD,post-market,None,1009790000,0.0118,0.0971,0.128,4.56,73522000,488243000,225874000,1049416000,16.25,16.3,-4.878,12237147000,1209582000,10330456000,10719380000,11027565000,388924000,362293000,1517767000,12.3,None,18.12,13.2
2025-12-28,FCF,1.39,468728000.0,12.3,None,0.811,14.83,,4178000,141358000,141358000,,,,,,,,,123603000,101860000,None,147246000,147246000,None,None,77515000,None,None,None,11298000,,0.535,0.0311,,,,0.258,-0.02,71093000,82391000,0.41,2025-03-31,9.83,363715000,468728000.0,215047000,71093000,13257000,18799000,18799000,None,138618000,None,None,None,None,258501000,None,1705467000,57836000,None,None,None,0.448,,143954000,71093000,None,9861657000,None,None,None,,,,,3.17,1.158,3.814,,,,,,,,0.306,,114526000,2025-10-28,quarterly,0.39,USD,post-market,None,990540000,0.0118,0.0971,0.128,4.56,73522000,340194000,77515000,1091424000,16.25,16.3,-4.878,11786398000,1232782000,9939172000,10339347000,10553616000,400175000,362293000,1447051000,12.3,None,18.12,13.2
2025-12-28,FCF,1.39,468728000.0,12.3,None,0.811,14.83,,4327000,133409000,133409000,,,,,,,,,123603000,101963000,None,147246000,147246000,None,None,55000000,None,None,None,11298000,,0.535,0.0311,,,,0.258,-0.02,71093000,82391000,0.41,2024-12-31,9.83,363715000,468728000.0,215047000,71093000,13257000,19637000,19637000,None,138618000,None,None,None,None,258658000,None,1584216000,57836000,None,None,None,0.448,,143954000,71093000,None,9678019000,None,None,None,,,,,3.17,1.158,3.814,,,,,,,,0.306,,116108000,2025-10-28,quarterly,0.39,USD,post-market,None,971082000,0.0118,0.0971,0.128,4.56,73522000,343124000,80139000,1147623000,16.25,16.3,-4.878,11584936000,1281032000,9758158000,10179771000,10303904000,421613000,362293000,1405165000,12.3,None,18.12,13.2
2025-12-28,FCF,1.39,468728000.0,12.3,None,0.811,14.83,,4471000,582309000,582309000,,,,,,,,,123603000,102419000,None,147246000,147246000,None,None,538828000,None,None,None,11298000,,0.535,0.0311,,,,0.258,-0.02,71093000,82391000,0.41,2024-09-30,9.83,363715000,468728000.0,215047000,71093000,13257000,20457000,20457000,None,138618000,None,None,None,None,131814000,None,1595817000,57836000,None,None,None,0.448,,143954000,71093000,584166000,9745552000,None,None,None,,,,,3.17,1.158,3.814,,,,,,,,0.306,,116752000,2025-10-28,quarterly,0.39,USD,post-market,None,948464000,0.0118,0.0971,0.128,4.56,73522000,675113000,538828000,1140800000,16.25,16.3,-4.878,11983199000,1723109000,10284380000,10573583000,10260090000,289203000,362293000,1409616000,12.3,None,18.12,13.2
2025-12-28,FCF,1.39,468728000.0,12.3,None,0.811,14.83,,4613000,188293000,188293000,,,,,,,,,123603000,102288000,None,147246000,147246000,None,None,537613000,None,None,None,11298000,,0.535,0.0311,,,,0.258,-0.02,71093000,82391000,0.41,2024-06-30,9.83,363715000,468728000.0,215047000,71093000,13257000,21139000,21139000,None,138618000,None,None,None,None,131968000,None,1554974000,57836000,None,None,None,0.448,,143954000,71093000,188777000,9408921000,None,None,None,,,,,3.17,1.158,3.814,,,,,,,,0.306,,None,2025-10-28,quarterly,0.39,USD,post-market,None,929686000,0.0118,0.0971,0.128,4.56,73522000,674194000,537613000,1071161000,16.25,16.3,-4.878,11626873000,1259454000,9946534000,10264368000,10367419000,317834000,362293000,1362505000,12.3,None,18.12,13.2
2025-12-28,FCF,1.39,468728000.0,12.3,None,0.811,14.83,,4755000,310367000,310367000,,,,,,,,,123603000,102199000,None,147246000,147246000,None,None,546541000,None,None,None,11298000,,0.535,0.0311,,,,0.258,-0.02,71093000,82391000,0.41,2024-03-31,9.83,363715000,468728000.0,215047000,71093000,13257000,22030000,22030000,None,138618000,None,None,None,None,181735000,None,1513816000,57836000,None,None,None,0.448,,143954000,71093000,310735000,9446403000,None,None,None,,,,,3.17,1.158,3.814,,,,,,,,0.306,,None,2025-10-28,quarterly,0.39,USD,post-market,None,905897000,0.0118,0.0971,0.128,4.56,73522000,733031000,546541000,1023711000,16.25,16.3,-4.878,11694408000,1334078000,9992944000,10361688000,10360330000,368744000,362293000,1332720000,12.3,None,18.12,13.2
2025-12-28,FCF,1.39,468728000.0,12.3,None,0.811,14.83,,4894000,146993000,146993000,,,,,,,,,123603000,102265000,None,147246000,147246000,None,None,563000000,None,None,None,11298000,,0.535,0.0311,,,,0.258,-0.02,71093000,82391000,0.41,2023-12-31,9.83,363715000,468728000.0,215047000,71093000,13257000,22820000,22820000,None,138618000,None,None,None,None,181863000,None,1490866000,57836000,None,None,None,0.448,,143954000,71093000,147415000,9192309000,None,None,None,,,,,3.17,1.158,3.814,,,,,,,,0.306,,None,2025-10-28,quarterly,0.39,USD,post-market,None,881112000,0.0118,0.0971,0.128,4.56,73522000,784592000,597835000,1020986000,16.25,16.3,-4.878,11459488000,1167979000,9790144000,10145214000,10291509000,355070000,362293000,1314274000,12.3,None,18.12,13.2
2025-12-28,FCF,1.39,468728000.0,12.3,None,0.811,14.83,,5028000,337070000,337070000,,,,,,,,,123603000,102443000,None,147246000,147246000,9241065000,None,544060000,None,None,None,11298000,,0.535,0.0311,,,,0.258,-0.02,71093000,82391000,0.41,2023-09-30,9.83,363715000,468728000.0,215047000,71093000,13257000,23613000,23613000,None,138618000,None,765000,None,None,187017000,None,1296140000,57836000,None,None,None,0.448,,143954000,71093000,337835000,9241065000,None,None,None,,,,,3.17,1.158,3.814,,,,,,,,0.306,,123140000,2025-10-28,quarterly,0.39,USD,post-market,None,849049000,0.0118,0.0971,0.128,4.56,73522000,731077000,544060000,817603000,16.25,16.3,-4.878,11421988000,1154673000,9785125000,10181457000,10267315000,396332000,362293000,1240531000,12.3,None,18.12,13.2
2025-12-28,FCF,1.39,468728000.0,12.3,None,0.811,14.83,,5162000,448869000,448869000,,,,,,,,,123603000,102760000,None,147246000,147246000,None,None,542839000,None,None,None,11298000,,0.535,0.0311,,,,0.258,-0.02,71093000,82391000,0.41,2023-06-30,9.83,363715000,468728000.0,215047000,71093000,13257000,24736000,24736000,None,138618000,None,324000,None,None,187276000,None,1224425000,57836000,None,None,None,0.448,,143954000,71093000,449193000,9146278000,None,209792000,None,,,,,3.17,1.158,3.814,,,,,,,,0.306,,124570000,2025-10-28,quarterly,0.39,USD,post-market,None,822619000,0.0118,0.0971,0.128,4.56,73522000,730115000,542839000,738109000,16.25,16.3,-4.878,11318604000,1186978000,9689117000,10086185000,10131626000,397068000,362293000,1232419000,12.3,-205498000,18.12,13.2
2025-12-28,FCF,1.39,468728000.0,12.3,None,0.811,14.83,,5294000,395802000,395802000,,,,,,,,,123603000,103193000,None,147246000,147246000,None,None,278978000,None,None,None,11298000,,0.535,0.0311,,,,0.258,-0.02,71093000,82391000,0.41,2023-03-31,9.83,360414000,468728000.0,215047000,71093000,13257000,25584000,25584000,None,138618000,None,None,None,None,187531000,None,1238091000,57836000,None,None,None,0.448,,143954000,71093000,396226000,9234948000,None,187281000,None,,,,,3.17,1.158,3.814,,,,,,,,0.306,,130634000,2025-10-28,quarterly,0.39,USD,post-market,None,792720000,0.0118,0.0971,0.128,4.56,73522000,466509000,278978000,750613000,16.25,16.3,-4.878,11113752000,1146415000,9513926000,9888738000,9967337000,374812000,362293000,1225014000,12.3,-196935000,18.12,13.2
2025-12-28,FCF,1.39,468728000.0,12.3,None,0.811,14.83,,5425000,154244000,154244000,,,,,,,,,113915000,93489000,None,147246000,147246000,8005469000,None,372694000,None,None,None,11298000,,0.535,0.0311,,,,0.258,-0.02,71093000,82391000,0.41,2022-12-31,9.83,303328000,468728000.0,215047000,71093000,13257000,9205000,9205000,None,138618000,None,534000,None,None,181224000,None,1250237000,57836000,None,None,None,0.448,,143954000,71093000,154778000,8005469000,None,None,None,,,,,3.17,1.158,3.814,,,,,,,,0.306,,115106000,2025-10-28,quarterly,0.39,USD,post-market,None,774863000,0.0118,0.0971,0.128,4.56,73522000,553918000,372694000,762661000,16.25,16.3,-4.878,9805666000,916905000,8378163000,8753592000,8888761000,375429000,362293000,1052074000,12.3,None,18.12,13.2
2025-12-28,FCF,1.39,468728000.0,12.3,None,0.811,14.83,,5551000,180772000,180772000,,,,,,,,,113915000,93450000,None,147246000,147246000,8077649000,None,97932000,None,None,None,11298000,,0.535,0.0311,,,,0.258,-0.02,71093000,82391000,0.41,2022-09-30,9.83,303328000,468728000.0,215047000,71093000,13257000,9622000,9622000,None,138618000,None,922000,None,None,181489000,None,8544296000,57836000,None,None,None,0.448,,143954000,71093000,-74619000,8077649000,None,198985000,None,,,,,3.17,1.158,3.814,,,,,,,,0.306,,120549000,2025-10-28,quarterly,0.39,USD,post-market,None,750335000,0.0118,0.0971,0.128,4.56,73522000,279421000,97932000,787415000,16.25,16.3,-4.878,9578630000,968187000,8175581000,8556055000,8610443000,380474000,362293000,1022575000,12.3,-196817000,18.12,13.2
2025-12-28,FCF,1.39,468728000.0,12.3,None,0.811,14.83,,5675000,299800000,299800000,,,,,,,,,113915000,94246000,None,147246000,147246000,8053545000,None,88923000,None,None,None,11298000,,0.535,0.0311,,,,0.258,-0.02,71093000,82391000,0.41,2022-06-30,9.83,303328000,468728000.0,215047000,71093000,13257000,10121000,10121000,None,138618000,None,714000,None,None,181752000,None,1369516000,57836000,None,None,None,0.448,,143954000,71093000,299893000,8053545000,None,153049000,None,,,,,3.17,1.158,3.814,,,,,,,,0.306,,121965000,2025-10-28,quarterly,0.39,USD,post-market,None,727573000,0.0118,0.0971,0.128,4.56,73522000,270675000,88923000,863622000,16.25,16.3,-4.878,9526427000,1163422000,8142468000,8477269000,8363005000,334801000,362293000,1049158000,12.3,-192736000,18.12,13.2
2025-12-28,FCF,1.39,468728000.0,12.3,None,0.811,14.83,,5799000,524805000,524805000,,,,,,,,,113915000,94311000,None,147246000,147246000,8171847000,None,95748000,None,None,None,11298000,,0.535,0.0311,,,,0.258,-0.02,71093000,82391000,0.41,2022-03-31,9.83,303328000,468728000.0,215047000,71093000,13257000,10738000,10738000,None,138618000,None,1064000,None,None,182012000,None,1459257000,57836000,None,None,None,0.448,,143954000,71093000,525472000,8171847000,None,124898000,None,,,,,3.17,1.158,3.814,,,,,,,,0.306,,122137000,2025-10-28,quarterly,0.39,USD,post-market,None,708149000,0.0118,0.0971,0.128,4.56,73522000,277760000,95748000,933204000,16.25,16.3,-4.878,9642124000,1458009000,8267595000,8574505000,8184115000,306910000,362293000,1067619000,12.3,-182912000,18.12,13.2
2025-12-28,FCF,1.39,468728000.0,12.3,None,0.811,14.83,,5921000,395372000,395372000,,,,,,,,,113915000,95020000,None,147246000,147246000,7982498000,None,138315000,None,None,None,11298000,,0.535,0.0311,,,,0.258,-0.02,71093000,82391000,0.41,2021-12-31,9.83,303328000,468728000.0,215047000,71093000,13257000,11188000,11188000,None,138618000,None,1039000,None,None,182269000,None,1595529000,57836000,None,None,None,0.448,,143954000,71093000,396014000,7982498000,None,132639000,None,,,,,3.17,1.158,3.814,,,,,,,,0.306,,121417000,2025-10-28,quarterly,0.39,USD,post-market,None,691260000,0.0118,0.0971,0.128,4.56,73522000,320584000,138315000,1041380000,16.25,16.3,-4.878,9545093000,1436752000,8120813000,8435721000,8108341000,314908000,362293000,1109372000,12.3,-183156000,18.12,13.2
2025-12-28,FCF,1.39,468728000.0,12.3,None,0.811,14.83,,6039000,334674000,334674000,,,,,,,,,113915000,95892000,None,147246000,147246000,7936485000,None,117754000,None,None,None,11298000,,0.535,0.0311,,,,0.258,-0.02,71093000,82391000,0.41,2021-09-30,9.83,303328000,468728000.0,215047000,71093000,13257000,11764000,11764000,None,138618000,None,955000,None,None,182519000,None,1685732000,57836000,None,None,None,0.448,,143954000,71093000,5899521000,7936485000,None,128241000,None,,,,,3.17,1.158,3.814,,,,,,,,0.306,,118381000,2025-10-28,quarterly,0.39,USD,post-market,None,667422000,0.0118,0.0971,0.128,4.56,73522000,300273000,117754000,1124956000,16.25,16.3,-4.878,9477854000,1459630000,8054239000,8364999000,8018224000,310760000,362293000,1112855000,12.3,-167927000,18.12,13.2
2025-12-28,FCF,1.39,468728000.0,12.3,None,0.811,14.83,,6155000,284453000,284453000,,,,,,,,,113915000,96282000,None,147246000,147246000,7885019000,None,107372000,None,None,None,11298000,,0.535,0.0311,,,,0.258,-0.02,71093000,82391000,0.41,2021-06-30,9.83,303328000,468728000.0,215047000,71093000,13257000,12169000,12169000,None,138618000,None,394000,None,None,182767000,None,1656282000,57836000,None,None,None,0.448,,143954000,71093000,5937230000,7885019000,None,120825000,None,,,,,3.17,1.158,3.814,,,,,,,,0.306,,118410000,2025-10-28,quarterly,0.39,USD,post-market,None,644362000,0.0118,0.0971,0.128,4.56,73522000,290139000,107372000,1090530000,16.25,16.3,-4.878,9402402000,1374983000,7992391000,8295983000,8027419000,303592000,362293000,1106419000,12.3,-154872000,18.12,13.2
2025-12-28,FCF,1.39,468728000.0,12.3,None,0.811,14.83,,6270000,504634000,504634000,,,,,,,,,113915000,96234000,None,147246000,147246000,7869256000,None,110762000,None,None,None,11298000,,0.535,0.0311,,,,0.258,-0.02,71093000,82391000,0.41,2021-03-31,9.83,303328000,468728000.0,215047000,71093000,13257000,12820000,12820000,None,138618000,None,1749000,None,None,233012000,None,7082013000,57836000,None,None,None,0.448,,143954000,71093000,5966087000,7869256000,None,116479000,None,,,,,3.17,1.158,3.814,,,,,,,,0.306,,123242000,2025-10-28,quarterly,0.39,USD,post-market,None,625806000,0.0118,0.0971,0.128,4.56,73522000,343774000,110762000,1043258000,16.25,16.3,-4.878,9416989000,1547892000,7980018000,8329509000,7869097000,349491000,362293000,1087480000,12.3,-154159000,18.12,13.2
2025-12-28,FCF,1.39,468728000.0,12.3,None,0.811,14.83,,6385000,356581000,356581000,,,,,,,,,113915000,96344000,None,147246000,147246000,7438666000,None,117373000,None,None,None,11298000,,0.535,0.0311,,,,0.258,-0.02,71093000,82391000,0.41,2020-12-31,9.83,303328000,468728000.0,215047000,71093000,13257000,13492000,13492000,None,138618000,None,1828000,None,None,233255000,None,7067381000,57836000,None,None,None,0.448,,143954000,71093000,6232669000,7438666000,None,210193000,None,,,,,3.17,1.158,3.814,,,,,,,,0.306,,126732000,2025-10-28,quarterly,0.39,USD,post-market,None,596614000,0.0118,0.0971,0.128,4.56,73522000,350628000,117373000,831223000,16.25,16.3,-4.878,9068104000,1187804000,7556039000,7999487000,7880300000,443448000,362293000,1068617000,12.3,-153828000,18.12,13.2
2025-12-28,FCF,1.39,468728000.0,12.3,None,0.811,14.83,,6494000,380097000,380097000,,,,,,,,,113915000,98160000,None,147246000,147246000,7703907000,None,122356000,None,None,None,11298000,,0.535,0.0311,,,,0.258,-0.02,71093000,82391000,0.41,2020-09-30,9.83,303328000,468728000.0,215047000,71093000,13257000,14095000,14095000,None,138618000,None,1079000,None,None,233490000,None,7181011000,57836000,None,None,None,0.448,,143954000,71093000,6365729000,7703907000,None,156782000,None,,,,,3.17,1.158,3.814,,,,,,,,0.306,,129120000,2025-10-28,quarterly,0.39,USD,post-market,None,592704000,0.0118,0.0971,0.128,4.56,73522000,355846000,122356000,908236000,16.25,16.3,-4.878,9289366000,1288333000,7826263000,8216535000,8001033000,390272000,362293000,1072831000,12.3,-147581000,18.12,13.2
2025-12-28,FCF,1.39,468728000.0,12.3,None,0.811,14.83,,6602000,457733000,457733000,,,,,,,,,113915000,98147000,None,147246000,147246000,7782201000,None,108484000,None,None,None,11298000,,0.535,0.0311,,,,0.258,-0.02,71093000,82391000,0.41,2020-06-30,9.83,303328000,468728000.0,215047000,71093000,13257000,14744000,14744000,None,138618000,None,1634000,None,None,233723000,None,7181301000,57836000,None,None,None,0.448,,143954000,71093000,6339532000,7782201000,None,164542000,None,,,,,3.17,1.158,3.814,,,,,,,,0.306,,136414000,2025-10-28,quarterly,0.39,USD,post-market,None,584312000,0.0118,0.0971,0.128,4.56,73522000,342207000,108484000,902140000,16.25,16.3,-4.878,9364655000,1359873000,7890685000,8288950000,8004782000,398265000,362293000,1075705000,12.3,-138726000,18.12,13.2
2025-12-28,FCF,1.39,468728000.0,12.3,None,0.811,14.83,,6710000,134175000,134175000,,,,,,,,,113915000,98361494,None,147246000,147246000,6923088000,None,146971000,None,None,None,11298000,,0.535,0.0311,,,,0.258,-0.02,71093000,82391000,0.41,2020-03-31,9.83,303328000,468728000.0,215047000,71093000,13257000,15563000,15563000,None,138618000,None,2697000,None,None,233955000,None,6598323000,57836000,None,None,None,0.448,,143954000,71093000,5642220000,6923088000,None,153167000,None,,,,,3.17,1.158,3.814,,,,,,,,0.306,,139593000,2025-10-28,quarterly,0.39,USD,post-market,None,571256000,0.0118,0.0971,0.128,4.56,73522000,380926000,146971000,972626000,16.25,16.3,-4.878,8515105000,1106801000,7070059000,7457181000,7408304000,387122000,362293000,1057924000,12.3,-138780000,18.12,13.2
2025-12-28,FCF,1.39,468728000.0,12.3,None,0.811,14.83,,6815000,121856000,121856000,,,,,,,,,113915000,98508000,None,147246000,147246000,6677615000,None,136200000,None,None,None,11298000,,0.535,0.0311,,,,0.258,-0.02,71093000,82391000,0.41,2019-12-31,9.83,303328000,468728000.0,215047000,71093000,13257000,16366000,16366000,None,138618000,None,2228000,None,None,234182000,None,6507384000,57836000,None,None,None,0.448,,143954000,71093000,5571487000,6677615000,None,139458000,None,,,,,3.17,1.158,3.814,,,,,,,,0.306,,139496000,2025-10-28,quarterly,0.39,USD,post-market,None,577348000,0.0118,0.0971,0.128,4.56,73522000,436035000,201853000,902292000,16.25,16.3,-4.878,8308773000,1024148000,6879468000,7253108000,7284625000,373640000,362293000,1055665000,12.3,-134914000,18.12,13.2
2025-12-28,FCF,1.39,468728000.0,12.3,None,0.811,14.83,,6917000,128649000,128649000,,,,,,,,,113915000,98548000,None,147246000,147246000,6677996000,None,83735000,None,None,None,11298000,,0.535,0.0311,,,,0.258,-0.02,71093000,82391000,0.41,2019-09-30,9.83,303632000,468728000.0,215047000,71093000,13257000,16873000,16873000,None,138618000,None,1622000,None,None,234404000,None,6439265000,57836000,None,None,None,0.448,,143954000,71093000,5570544000,6677996000,None,116862000,None,,,,,3.17,1.158,3.814,,,,,,,,0.306,,139734000,2025-10-28,quarterly,0.39,USD,post-market,None,560360000,0.0118,0.0971,0.128,4.56,73522000,318139000,83735000,812383000,16.25,16.3,-4.878,8152027000,941032000,6761731000,7112997000,7210995000,351266000,362293000,1039030000,12.3,-135059000,18.12,13.2
2025-12-28,FCF,1.39,468728000.0,12.3,None,0.811,14.83,,7018000,96280000,96280000,,,,,,,,,113915000,98601000,None,147246000,147246000,6155965000,None,555080000,None,None,None,11298000,,0.535,0.0311,,,,0.258,-0.02,71093000,82391000,0.41,2019-06-30,9.83,274202000,468728000.0,215047000,71093000,13257000,12343000,12343000,None,138618000,None,1884000,None,None,234623000,None,6371055000,57836000,None,None,None,0.448,,143954000,71093000,5422159000,6155965000,None,103355000,None,,,,,3.17,1.158,3.814,,,,,,,,0.306,,132927000,2025-10-28,quarterly,0.39,USD,post-market,None,543566000,0.0118,0.0971,0.128,4.56,73522000,789703000,555080000,865903000,16.25,16.3,-4.878,8070854000,962183000,6711045000,7049023000,7108671000,337978000,362293000,1021831000,12.3,-133080000,18.12,13.2
2025-12-28,FCF,1.39,468728000.0,12.3,None,0.811,14.83,,7118000,123892000,123892000,,,,,,,,,113915000,98707000,None,147246000,147246000,6130760000,None,565616000,None,None,None,11298000,,0.535,0.0311,,,,0.258,-0.02,71093000,82391000,0.41,2019-03-31,9.83,274202000,468728000.0,215047000,71093000,13257000,12876000,12876000,None,138618000,None,3993000,None,None,184841000,None,6241331000,57836000,None,None,None,0.448,,143954000,71093000,5236107000,6130760000,None,93437000,None,,,,,3.17,1.158,3.814,,,,,,,,0.306,,133100000,2025-10-28,quarterly,0.39,USD,post-market,None,526136000,0.0118,0.0971,0.128,4.56,73522000,750457000,565616000,893101000,16.25,16.3,-4.878,7972673000,1016993000,6696376000,6974654000,6955680000,278278000,362293000,998019000,12.3,-131594000,18.12,13.2
2025-12-28,FCF,1.39,468728000.0,12.3,None,0.811,14.83,,None,98947000,98947000,,,,,,,,,113915000,99993000,None,147246000,147246000,5897992000,None,631000,None,None,None,11298000,,0.535,0.0311,,,,0.258,-0.02,71093000,82391000,0.41,2018-12-31,9.83,274202000,468728000.0,215047000,71093000,13257000,13038000,13038000,None,138618000,None,3935000,None,None,185056000,None,6164237000,57836000,None,None,None,0.448,,143954000,71093000,5117119000,5897992000,None,47995000,None,,,,,3.17,1.158,3.814,,,,,,,,0.306,,84409000,2025-10-28,quarterly,0.39,USD,post-market,None,511409000,0.0118,0.0971,0.128,4.56,73522000,906879000,722454000,909247000,16.25,16.3,-4.878,7828255000,1008194000,6619815000,6852866000,6820061000,233051000,362293000,975389000,12.3,-130867000,18.12,13.2
2025-12-28,FCF,1.39,468728000.0,12.3,None,0.811,14.83,,None,96184000,96184000,,,,,,,,,113915000,100491000,None,147246000,147246000,5895143000,None,None,None,None,None,11298000,,0.535,0.0311,,,,0.258,-0.02,71093000,82391000,0.41,2018-09-30,9.83,274202000,468728000.0,215047000,71093000,13257000,13826000,13826000,None,138618000,None,3874000,None,None,185266000,None,6009944000,57836000,None,None,None,0.448,,143954000,71093000,5028945000,5895143000,None,45199000,None,,,,,3.17,1.158,3.814,,,,,,,,0.306,,84300000,2025-10-28,quarterly,0.39,USD,post-market,None,493392000,0.0118,0.0971,0.128,4.56,73522000,773072000,587806000,889056000,16.25,16.3,-4.878,7686345000,985240000,6482949000,6713414000,6701105000,230465000,362293000,972931000,12.3,-105981000,18.12,13.2
2025-12-28,FCF,1.39,468728000.0,12.3,None,0.811,14.83,,None,103981000,103981000,,,,,,,,,113915000,100365000,None,147246000,147246000,5913574000,None,738062000,None,None,None,11298000,,0.535,0.0311,,,,0.258,-0.02,71093000,82391000,0.41,2018-06-30,9.83,274408000,468728000.0,215047000,71093000,13257000,14643000,14643000,None,138618000,None,3757000,None,None,185568000,None,5998849000,57836000,None,None,None,0.448,,143954000,71093000,5043287000,5913574000,None,43641000,None,,,,,3.17,1.158,3.814,,,,,,,,0.306,,85361000,2025-10-28,quarterly,0.39,USD,post-market,None,477276000,0.0118,0.0971,0.128,4.56,73522000,730755000,545187000,851243000,16.25,16.3,-4.878,7648755000,955224000,6458761000,6687970000,6693531000,229209000,362293000,960785000,12.3,-106107000,18.12,13.2
2025-12-28,FCF,1.39,468728000.0,12.3,None,0.811,14.83,,None,75622000,75622000,,,,,,,,,113915000,97603000,None,147246000,147246000,5703522000,None,680571000,None,None,None,11298000,,0.535,0.0311,,,,0.258,-0.02,71093000,82391000,0.41,2018-03-31,9.83,255180000,468728000.0,215047000,71093000,13257000,14223000,14223000,None,138618000,None,12756000,None,None,87676000,None,5747762000,57836000,None,None,None,0.448,,143954000,71093000,4834290000,5703522000,None,42204000,None,,,,,3.17,1.158,3.814,,,,,,,,0.306,,83865000,2025-10-28,quarterly,0.39,USD,post-market,None,454227000,0.0118,0.0971,0.128,4.56,73522000,675692000,588016000,812877000,16.25,16.3,-4.878,7320767000,888499000,6291538000,6421418000,6432268000,129880000,362293000,899349000,12.3,-127552000,18.12,13.2
2025-12-28,FCF,1.39,468728000.0,12.3,None,0.811,14.83,,None,107292000,107292000,,,,,,,,,113915000,97507465,None,147246000,147246000,5580705000,None,607000,None,None,None,11298000,,0.535,0.0311,,,,0.258,-0.02,71093000,82391000,0.41,2017-12-31,9.83,255353000,468728000.0,215047000,71093000,13257000,15007000,15007000,None,138618000,None,17615000,None,None,87918000,None,5373928000,57836000,None,None,None,0.448,,143954000,71093000,4934899000,5580705000,None,44323000,None,,,,,3.17,1.158,3.814,,,,,,,,0.306,,84104000,2025-10-28,quarterly,0.39,USD,post-market,None,437416000,0.0118,0.0971,0.128,4.56,73522000,795384000,708073000,731358000,16.25,16.3,-4.878,7308539000,838650000,6288171000,6420412000,6469889000,132241000,362293000,888127000,12.3,-127154000,18.12,13.2
2025-12-28,FCF,1.39,468728000.0,12.3,None,0.811,14.83,,None,128028000,128028000,,,,,,,,,113915000,97476000,None,147246000,147246000,5555057000,None,898862000,None,None,None,11298000,,0.535,0.0311,,,,0.258,-0.02,71093000,82391000,0.41,2017-09-30,9.83,255521000,468728000.0,215047000,71093000,13257000,15826000,15826000,None,138618000,None,22801000,None,None,88155000,None,5780852000,57836000,None,None,None,0.448,,143954000,71093000,4877710000,5555057000,None,41001000,None,,,,,3.17,1.158,3.814,,,,,,,,0.306,,87284000,2025-10-28,quarterly,0.39,USD,post-market,None,441231000,0.0118,0.0971,0.128,4.56,73522000,893980000,805825000,778644000,16.25,16.3,-4.878,7384339000,906672000,6360882000,6490038000,6477667000,129156000,362293000,894301000,12.3,-126997000,18.12,13.2
2025-12-28,FCF,1.39,468728000.0,12.3,None,0.811,14.83,,None,115912000,115912000,,,,,,,,,113915000,97483000,None,147246000,147246000,5533135000,None,846137000,None,None,None,11298000,,0.535,0.0311,,,,0.258,-0.02,71093000,82391000,0.41,2017-06-30,9.83,255359000,468728000.0,215047000,71093000,13257000,16671000,16671000,None,138618000,None,15749000,None,None,88389000,None,5787386000,57836000,None,None,None,0.448,,143954000,71093000,4858056000,5533135000,None,36260000,None,,,,,3.17,1.158,3.814,,,,,,,,0.306,,85634000,2025-10-28,quarterly,0.39,USD,post-market,None,427748000,0.0118,0.0971,0.128,4.56,73522000,934526000,846137000,786246000,16.25,16.3,-4.878,7383386000,902158000,6379272000,6503921000,6481228000,124649000,362293000,879465000,12.3,-127330000,18.12,13.2
2025-12-28,FCF,1.39,468728000.0,12.3,None,0.811,14.83,,None,123104000,123104000,,,,,,,,,105563000,89113000,None,147246000,147246000,4969729000,None,961601000,None,None,None,11298000,,0.535,0.0311,,,,0.258,-0.02,71093000,82391000,0.41,2017-03-31,9.83,186483000,468728000.0,215047000,71093000,13257000,11441000,11441000,None,138618000,None,16498000,None,None,80771000,None,5255827000,57836000,None,None,None,0.448,,143954000,71093000,4330489000,4969729000,None,35881000,None,,,,,3.17,1.158,3.814,,,,,,,,0.306,,73239000,2025-10-28,quarterly,0.39,USD,post-market,None,421533000,0.0118,0.0971,0.128,4.56,73522000,1042372000,961601000,832754000,16.25,16.3,-4.878,6808977000,955858000,5931330000,6047982000,5853119000,116652000,362293000,760995000,12.3,-127625000,18.12,13.2
2025-12-28,FCF,1.39,468728000.0,12.3,None,0.811,14.83,,None,115677000,115677000,,,,,,,,,105563000,89007000,None,147246000,147246000,4947408000,None,586000,None,None,None,11298000,,0.535,0.0311,,,,0.258,-0.02,71093000,82391000,0.41,2016-12-31,9.83,186483000,468728000.0,215047000,71093000,13257000,12013000,12013000,None,138618000,None,13857000,None,None,80916000,None,4836214000,57836000,None,None,None,0.448,,143954000,71093000,4336076000,4947408000,None,37822000,None,,,,,3.17,1.158,3.814,,,,,,,,0.306,,74339000,2025-10-28,quarterly,0.39,USD,post-market,None,412764000,0.0118,0.0971,0.128,4.56,73522000,948859000,868529000,778612000,16.25,16.3,-4.878,6684018000,894289000,5815351000,5934089000,5789729000,118738000,362293000,749929000,12.3,-127797000,18.12,13.2
2025-12-28,FCF,1.39,468728000.0,12.3,None,0.811,14.83,,None,81553000,81553000,,,,,,,,,105563000,88992000,None,147246000,147246000,4458980000,None,1330327000,None,None,None,11298000,,0.535,0.0311,,,,0.258,-0.02,71093000,82391000,0.41,2016-09-30,9.83,164437000,468728000.0,215047000,71093000,13257000,912000,912000,None,138618000,None,15541000,None,None,81059000,None,5203286000,57836000,None,None,None,0.448,,143954000,71093000,4285328000,4458980000,None,44330000,None,,,,,3.17,1.158,3.814,,,,,,,,0.306,,71042000,2025-10-28,quarterly,0.39,USD,post-market,None,401079000,0.0118,0.0971,0.128,4.56,73522000,1411386000,1330327000,813659000,16.25,16.3,-4.878,6666483000,895212000,5789307000,5914696000,5771271000,125389000,362293000,751787000,12.3,-127908000,18.12,13.2
2025-12-28,FCF,1.39,468728000.0,12.3,None,0.811,14.83,,None,98620000,98620000,,,,,,,,,105563000,88950000,None,147246000,147246000,4394520000,None,1464687000,None,None,None,11298000,,0.535,0.0311,,,,0.258,-0.02,71093000,82391000,0.41,2016-06-30,9.83,164500000,468728000.0,215047000,71093000,13257000,981000,981000,None,138618000,None,20217000,None,None,81201000,None,5201544000,57836000,None,None,None,0.448,,143954000,71093000,4247070000,4394520000,None,67627000,None,,,,,3.17,1.158,3.814,,,,,,,,0.306,,72525000,2025-10-28,quarterly,0.39,USD,post-market,None,390110000,0.0118,0.0971,0.128,4.56,73522000,1545888000,1464687000,855333000,16.25,16.3,-4.878,6749821000,953953000,5859207000,6008035000,5795868000,148828000,362293000,741786000,12.3,-128015000,18.12,13.2
2025-12-28,FCF,1.39,468728000.0,12.3,None,0.811,14.83,,None,73165000,73165000,,,,,,,,,105563000,88959000,None,147246000,147246000,4301655000,None,1518742000,None,None,None,11298000,,0.535,0.0311,,,,0.258,-0.02,71093000,82391000,0.41,2016-03-31,9.83,164500000,468728000.0,215047000,71093000,13257000,1094000,1094000,None,138618000,None,14485000,None,None,81342000,None,5145826000,57836000,None,None,None,0.448,,143954000,71093000,4159098000,4301655000,None,64101000,None,,,,,3.17,1.158,3.814,,,,,,,,0.306,,72496000,2025-10-28,quarterly,0.39,USD,post-market,None,384330000,0.0118,0.0971,0.128,4.56,73522000,1600084000,1518742000,890198000,16.25,16.3,-4.878,6699154000,963363000,5820397000,5965840000,5735791000,145443000,362293000,733314000,12.3,-127947000,18.12,13.2
2025-12-28,FCF,1.39,468728000.0,12.3,None,0.811,14.83,,None,69452000,69452000,,,,,,,,,105563000,88961000,None,147246000,147246000,4195894000,None,563000,None,None,None,11298000,,0.535,0.0311,,,,0.258,-0.02,71093000,82391000,0.41,2015-12-31,9.83,164500000,468728000.0,215047000,71093000,13257000,1231000,1231000,None,138618000,None,15161000,None,None,81481000,None,4638701000,57836000,None,None,None,0.448,,143954000,71093000,4047857000,4195894000,None,59144000,None,,,,,3.17,1.158,3.814,,,,,,,,0.306,,72852000,2025-10-28,quarterly,0.39,USD,post-market,None,378081000,0.0118,0.0971,0.128,4.56,73522000,1592306000,1510825000,886560000,16.25,16.3,-4.878,6566890000,956012000,5706719000,5847344000,5610878000,140625000,362293000,719546000,12.3,-127693000,18.12,13.2
2025-12-28,FCF,1.39,468728000.0,12.3,None,0.811,14.83,,None,72764000,72764000,,,,,,,,,105563000,88961000,None,147246000,147246000,4161490000,None,None,None,None,None,11298000,,0.535,0.0311,,,,0.258,-0.02,71093000,82391000,0.41,2015-09-30,9.83,161429000,468728000.0,215047000,71093000,13257000,1196000,1196000,None,138618000,None,15528000,None,None,111219000,None,4686238000,57836000,None,None,None,0.448,,143954000,71093000,3777071000,4161490000,None,59478000,None,,,,,3.17,1.158,3.814,,,,,,,,0.306,,73354000,2025-10-28,quarterly,0.39,USD,post-market,None,374247000,0.0118,0.0971,0.128,4.56,73522000,1441013000,1329794000,1050733000,16.25,16.3,-4.878,6384749000,1123497000,5491284000,5661981000,5261252000,170697000,362293000,722768000,12.3,-127953000,18.12,13.2
2025-12-28,FCF,1.39,468728000.0,12.3,None,0.811,14.83,,None,67441000,67441000,,,,,,,,,105563000,88960000,None,147246000,147246000,4210107000,None,None,None,None,None,11298000,,0.535,0.0311,,,,0.258,-0.02,71093000,82391000,0.41,2015-06-30,9.83,161429000,468728000.0,215047000,71093000,13257000,1352000,1352000,None,138618000,None,16356000,None,None,111356000,None,4587107000,57836000,None,None,None,0.448,,143954000,71093000,3658525000,4210107000,None,52142000,None,,,,,3.17,1.158,3.814,,,,,,,,0.306,,69943000,2025-10-28,quarterly,0.39,USD,post-market,None,368060000,0.0118,0.0971,0.128,4.56,73522000,1343273000,1231917000,1089725000,16.25,16.3,-4.878,6316728000,1157166000,5442024000,5605522000,5159562000,163498000,362293000,711206000,12.3,-128210000,18.12,13.2
2025-12-28,FCF,1.39,468728000.0,12.3,None,0.811,14.83,,None,65285000,65285000,,,,,,,,,105563000,90889000,None,147246000,147246000,4293749000,None,None,None,None,None,11298000,,0.535,0.0311,,,,0.258,-0.02,71093000,82391000,0.41,2015-03-31,9.83,161429000,468728000.0,215047000,71093000,13257000,1508000,1508000,None,138618000,None,12917000,None,None,136491000,None,4427049000,57836000,None,None,None,0.448,,143954000,71093000,3422905000,4293749000,None,63222000,None,,,,,3.17,1.158,3.814,,,,,,,,0.306,,71841000,2025-10-28,quarterly,0.39,USD,post-market,None,360841000,0.0118,0.0971,0.128,4.56,73522000,1262011000,1125520000,1269285000,16.25,16.3,-4.878,6331842000,1334570000,5419269000,5618982000,4997272000,199713000,362293000,712860000,12.3,-122120000,18.12,13.2
2025-12-28,FCF,1.39,468728000.0,12.3,None,0.811,14.83,,None,74538000,74538000,,,,,,,,,105563000,91723028,None,147246000,147246000,4315511000,None,80142000,None,None,None,11298000,,0.535,0.0311,,,,0.258,-0.02,71093000,82391000,0.41,2014-12-31,9.83,161429000,468728000.0,215047000,71093000,13257000,1665000,1665000,None,138618000,None,9699000,None,None,161626000,None,4407759000,57836000,None,None,None,0.448,,143954000,71093000,3393481000,4315511000,None,61127000,None,,,,,3.17,1.158,3.814,,,,,,,,0.306,,72186000,2025-10-28,quarterly,0.39,USD,post-market,None,353027000,0.0118,0.0971,0.128,4.56,73522000,1267502000,1105876000,1309819000,16.25,16.3,-4.878,6360285000,1384357000,5421387000,5644140000,4975928000,222753000,362293000,716145000,12.3,-103561000,18.12,13.2
2025-12-28,FCF,1.39,468728000.0,12.3,None,0.811,14.83,,None,84070000,84070000,,,,,,,,,105563000,92579000,None,147246000,147246000,4372388000,None,None,None,None,None,11298000,,0.535,0.0311,,,,0.258,-0.02,71093000,82391000,0.41,2014-09-30,9.83,159371000,468728000.0,215047000,71093000,13257000,781000,781000,None,138618000,None,9056000,None,None,188706000,None,4362002000,57836000,None,None,None,0.448,,143954000,71093000,3329056000,4372388000,None,50553000,None,,,,,3.17,1.158,3.814,,,,,,,,0.306,,74029000,2025-10-28,quarterly,0.39,USD,post-market,None,351718000,0.0118,0.0971,0.128,4.56,73522000,1223673000,1034967000,1332774000,16.25,16.3,-4.878,6356098000,1416844000,5407355000,5646614000,4939254000,239259000,362293000,709484000,12.3,-103697000,18.12,13.2
2025-12-28,FCF,1.39,468728000.0,12.3,None,0.811,14.83,,None,98011000,98011000,,,,,,,,,105563000,93812000,None,147246000,147246000,4460421000,None,None,None,None,None,11298000,,0.535,0.0311,,,,0.258,-0.02,71093000,82391000,0.41,2014-06-30,9.83,159371000,468728000.0,215047000,71093000,13257000,955000,955000,None,138618000,None,7817000,None,None,208839000,None,4283489000,57836000,None,None,None,0.448,,143954000,71093000,3236526000,4460421000,None,60585000,None,,,,,3.17,1.158,3.814,,,,,,,,0.306,,73877000,2025-10-28,quarterly,0.39,USD,post-market,None,345771000,0.0118,0.0971,0.128,4.56,73522000,1054712000,845873000,1347611000,16.25,16.3,-4.878,6300222000,1445622000,5306294000,5575718000,4854600000,269424000,362293000,724504000,12.3,-86358000,18.12,13.2
2025-12-28,FCF,1.39,468728000.0,12.3,None,0.811,14.83,,None,91414000,91414000,,,,,,,,,105563000,94568000,None,147246000,147246000,4647817000,None,None,None,None,None,11298000,,0.535,0.0311,,,,0.258,-0.02,71093000,82391000,0.41,2014-03-31,9.83,159371000,468728000.0,215047000,71093000,13257000,1133000,1133000,None,138618000,None,10080000,None,None,216435000,None,4197707000,57836000,None,None,None,0.448,,143954000,71093000,3155242000,4647817000,None,55397000,None,,,,,3.17,1.158,3.814,,,,,,,,0.306,,76192000,2025-10-28,quarterly,0.39,USD,post-market,None,340430000,0.0118,0.0971,0.128,4.56,73522000,789400000,572965000,1351039000,16.25,16.3,-4.878,6209397000,1442453000,5220782000,5492614000,4766944000,271832000,362293000,716783000,12.3,-82187000,18.12,13.2
2025-12-28,FCF,1.39,468728000.0,12.3,None,0.811,14.83,,None,77439000,77439000,,,,,,,,,105563000,95245215,None,147246000,147246000,4603863000,None,None,None,None,None,11298000,,0.535,0.0311,,,,0.258,-0.02,71093000,82391000,0.41,2013-12-31,9.83,159956000,468728000.0,215047000,71093000,13257000,1311000,1311000,None,138618000,None,11728000,None,None,216552000,None,4229608000,57836000,None,None,None,0.448,,143954000,71093000,3236041000,4603863000,None,56134000,None,,,,,3.17,1.158,3.814,,,,,,,,0.306,,79668000,2025-10-28,quarterly,0.39,USD,post-market,None,334748000,0.0118,0.0971,0.128,4.56,73522000,843167000,626615000,1318365000,16.25,16.3,-4.878,6214861000,1395804000,5230478000,5503164000,4819057000,272686000,362293000,711697000,12.3,-73359000,18.12,13.2
2025-12-28,FCF,1.39,468728000.0,12.3,None,0.811,14.83,,None,93256000,93256000,,,,,,,,,105563000,96209000,None,147246000,147246000,4617801000,None,None,None,None,None,11298000,,0.535,0.0311,,,,0.258,-0.02,71093000,82391000,0.41,2013-09-30,9.83,159956000,468728000.0,215047000,71093000,13257000,1527000,1527000,None,138618000,None,9656000,None,None,216668000,None,4185047000,57836000,None,None,None,0.448,,143954000,71093000,3213343000,4617801000,None,53509000,None,,,,,3.17,1.158,3.814,,,,,,,,0.306,,76706000,2025-10-28,quarterly,0.39,USD,post-market,None,331203000,0.0118,0.0971,0.128,4.56,73522000,768296000,551628000,1291063000,16.25,16.3,-4.878,6150962000,1384319000,5169429000,5439606000,4766643000,270177000,362293000,711356000,12.3,-71279000,18.12,13.2
2025-12-28,FCF,1.39,468728000.0,12.3,None,0.811,14.83,,None,81982000,81982000,,,,,,,,,105563000,97577010,None,147246000,147246000,4733047000,None,None,None,None,None,11298000,,0.535,0.0311,,,,0.258,-0.02,71093000,82391000,0.41,2013-06-30,9.83,159956000,468728000.0,215047000,71093000,13257000,1721000,1721000,None,138618000,None,15603000,None,None,216782000,None,4172300000,57836000,None,None,None,0.448,,143954000,71093000,3194319000,4733047000,None,50664000,None,,,,,3.17,1.158,3.814,,,,,,,,0.306,,83354000,2025-10-28,quarterly,0.39,USD,post-market,None,321135000,0.0118,0.0971,0.128,4.56,73522000,658630000,441848000,1306687000,16.25,16.3,-4.878,6153016000,1388669000,5174895000,5442341000,4764347000,267446000,362293000,710675000,12.3,-64653000,18.12,13.2
2025-12-28,FCF,1.39,468728000.0,12.3,None,0.811,14.83,,None,55771000,55771000,,,,,,,,,105563000,99305000,None,147246000,147246000,4711578000,None,None,None,None,None,11298000,,0.535,0.0311,,,,0.258,-0.02,71093000,82391000,0.41,2013-03-31,9.83,159956000,468728000.0,215047000,71093000,13257000,2017000,2017000,None,138618000,None,10933000,None,None,280068000,None,4156548000,57836000,None,None,None,0.448,,143954000,71093000,3189523000,4711578000,None,51565000,None,,,,,3.17,1.158,3.814,,,,,,,,0.306,,79942000,2025-10-28,quarterly,0.39,USD,post-market,None,321185000,0.0118,0.0971,0.128,4.56,73522000,588168000,308100000,1297203000,16.25,16.3,-4.878,6099039000,1352974000,5019678000,5351311000,4746065000,331633000,362293000,747728000,12.3,-44062000,18.12,13.2
2025-12-28,FCF,1.39,468728000.0,12.3,None,0.811,14.83,,None,102982000,102982000,,,,,,,,,105563000,101787000,None,147246000,147246000,4557881000,None,None,None,None,None,11298000,,0.535,0.0311,,,,0.258,-0.02,71093000,82391000,0.41,2012-12-31,9.83,159956000,468728000.0,215047000,71093000,13257000,2375000,2375000,None,138618000,None,11262000,None,None,280221000,None,4137517000,57836000,None,None,None,0.448,,143954000,71093000,3290273000,4557881000,None,55054000,None,,,,,3.17,1.158,3.814,,,,,,,,0.306,,80232000,2025-10-28,quarterly,0.39,USD,post-market,None,315608000,0.0118,0.0971,0.128,4.56,73522000,636448000,356227000,1171303000,16.25,16.3,-4.878,5995390000,1274285000,4914108000,5249383000,4721105000,335275000,362293000,746007000,12.3,-41777000,18.12,13.2
2025-12-28,FCF,1.39,468728000.0,12.3,None,0.811,14.83,,None,89064000,89064000,,,,,,,,,105563000,104098000,None,147246000,147246000,4494434000,None,None,None,None,None,11298000,,0.535,0.0311,,,,0.258,-0.02,71093000,82391000,0.41,2012-09-30,9.83,159956000,468728000.0,215047000,71093000,13257000,2734000,2734000,None,138618000,None,16016000,None,None,180471000,None,4150185000,57836000,None,None,None,0.448,,143954000,71093000,4481354000,4494434000,None,53072000,None,,,,,3.17,1.158,3.814,,,,,,,,0.306,,83245000,2025-10-28,quarterly,0.39,USD,post-market,None,312049000,0.0118,0.0971,0.128,4.56,73522000,642241000,461770000,1130822000,16.25,16.3,-4.878,5963638000,89064000,4956204000,5189747000,5874574000,233543000,362293000,773891000,12.3,-13982000,18.12,13.2
2025-12-28,FCF,1.39,468728000.0,12.3,None,0.811,14.83,,None,86498000,86498000,,,,,,,,,105563000,104901000,None,147246000,147246000,4461962000,None,None,None,None,None,11298000,,0.535,0.0311,,,,0.258,-0.02,71093000,82391000,0.41,2012-06-30,9.83,159956000,468728000.0,215047000,71093000,13257000,3101000,3101000,None,138618000,None,19140000,None,None,181120000,None,4097855000,57836000,None,None,None,0.448,,143954000,71093000,4435403000,4461962000,None,56980000,None,,,,,3.17,1.158,3.814,,,,,,,,0.306,,85880000,2025-10-28,quarterly,0.39,USD,post-market,None,307466000,0.0118,0.0971,0.128,4.56,73522000,655384000,474264000,1159202000,16.25,16.3,-4.878,5946816000,86498000,4936226000,5174326000,5860318000,238100000,362293000,772490000,12.3,-8314000,18.12,13.2
2025-12-28,FCF,1.39,468728000.0,12.3,None,0.811,14.83,,None,81552000,81552000,,,,,,,,,105563000,104816000,None,147246000,147246000,4633831000,None,None,None,None,None,11298000,,0.535,0.0311,,,,0.258,-0.02,71093000,82391000,0.41,2012-03-31,9.83,159956000,468728000.0,215047000,71093000,13257000,3472000,3472000,None,138618000,None,29411000,None,None,206768000,None,4075932000,57836000,None,None,None,0.448,,143954000,71093000,4411433000,4633831000,None,51314000,None,,,,,3.17,1.158,3.814,,,,,,,,0.306,,88817000,2025-10-28,quarterly,0.39,USD,post-market,None,301194000,0.0118,0.0971,0.128,4.56,73522000,516141000,309373000,1206943000,16.25,16.3,-4.878,5968644000,81552000,4943204000,5201286000,5887092000,258082000,362293000,767358000,12.3,-7046000,18.12,13.2
2025-12-28,FCF,1.39,468728000.0,12.3,None,0.811,14.83,,None,78478000,78478000,,,,,,,,,105563000,104811000,None,147246000,147246000,4504684000,None,None,None,None,None,11298000,,0.535,0.0311,,,,0.258,-0.02,71093000,82391000,0.41,2011-12-31,9.83,159956000,468728000.0,215047000,71093000,13257000,3843000,3843000,None,138618000,None,43447000,None,None,207414000,None,3995821000,57836000,None,None,None,0.448,,143954000,71093000,4349518000,4504684000,None,57704000,None,,,,,3.17,1.158,3.814,,,,,,,,0.306,,96790000,2025-10-28,quarterly,0.39,USD,post-market,None,294056000,0.0118,0.0971,0.128,4.56,73522000,520191000,312777000,1142776000,16.25,16.3,-4.878,5841122000,1221254000,4817461000,5082579000,4619868000,265118000,362293000,758543000,12.3,-7345000,18.12,13.2
2025-12-28,FCF,1.39,468728000.0,12.3,None,0.811,14.83,,None,89846000,89846000,,,,,,,,,105563000,104729000,None,147246000,147246000,4484878000,None,None,None,None,None,11298000,,0.535,0.0311,,,,0.258,-0.02,71093000,82391000,0.41,2011-09-30,9.83,159956000,468728000.0,215047000,71093000,13257000,4214000,4214000,None,138618000,None,33254000,None,None,178459000,None,3901606000,57836000,None,None,None,0.448,,143954000,71093000,4259923000,4484878000,None,51954000,None,,,,,3.17,1.158,3.814,,,,,,,,0.306,,100286000,2025-10-28,quarterly,0.39,USD,post-market,None,302982000,0.0118,0.0971,0.128,4.56,73522000,352238000,173779000,1035200000,16.25,16.3,-4.878,5658062000,89846000,4658657000,4889070000,5568216000,230413000,362293000,768992000,12.3,-7436000,18.12,13.2
2025-12-28,FCF,1.39,468728000.0,12.3,None,0.811,14.83,,None,130507000,130507000,,,,,,,,,105563000,104686072,None,147246000,147246000,4536148000,None,None,None,None,None,11298000,,0.535,0.0311,,,,0.258,-0.02,71093000,82391000,0.41,2011-06-30,9.83,159956000,468728000.0,215047000,71093000,13257000,4597000,4597000,None,138618000,None,37330000,None,None,179102000,None,3917715000,57836000,None,None,None,0.448,,143954000,71093000,4276039000,4536148000,None,52041000,None,,,,,3.17,1.158,3.814,,,,,,,,0.306,,103283000,2025-10-28,quarterly,0.39,USD,post-market,None,297796000,0.0118,0.0971,0.128,4.56,73522000,341037000,161935000,1009332000,16.25,16.3,-4.878,5691302000,130507000,4698083000,4929226000,5560795000,231143000,362293000,762076000,12.3,-7458000,18.12,13.2
2025-12-28,FCF,1.39,468728000.0,12.3,None,0.811,14.83,,None,133319000,133319000,,,,,,,,,105515000,104623518,None,147246000,147246000,4629968000,None,None,None,None,None,11298000,,0.535,0.0311,,,,0.258,-0.02,71093000,82391000,0.41,2011-03-31,9.83,159956000,468728000.0,215047000,71093000,13257000,4987000,4987000,None,138618000,None,28768000,None,None,179743000,None,None,57836000,None,None,None,0.448,,143954000,71093000,4343073000,4629968000,None,None,None,,,,,3.17,1.158,3.814,,,,,,,,0.306,,66162000,2025-10-28,quarterly,0.39,USD,post-market,None,293518000,0.0118,0.0971,0.128,4.56,73522000,335085000,155342000,1008453000,16.25,16.3,-4.878,5762366000,133319000,4785310000,5010234000,5629047000,224924000,362293000,752132000,12.3,-7470000,18.12,13.2
2025-12-28,FCF,1.39,468728000.0,12.3,None,0.811,14.83,,None,69858000,69858000,,,,,,,,,105515000,104618000,None,147246000,147246000,4617852000,None,None,None,None,None,11298000,,0.535,0.0311,,,,0.258,-0.02,71093000,82391000,0.41,2010-12-31,9.83,159956000,468728000.0,215047000,71093000,13257000,5376000,5376000,None,138618000,None,24700000,None,None,204498000,None,None,57836000,None,None,None,0.448,,143954000,71093000,4494097000,4617852000,None,None,None,,,,,3.17,1.158,3.814,,,,,,,,0.306,,66981000,2025-10-28,quarterly,0.39,USD,post-market,None,291492000,0.0118,0.0971,0.128,4.56,73522000,392359000,187861000,4000,16.25,16.3,-4.878,5812842000,69858000,4805713000,5063065000,5742984000,257352000,362293000,749777000,12.3,-7660000,18.12,13.2
2025-12-28,FCF,1.39,468728000.0,12.3,None,0.811,14.83,,None,135419000,135419000,,,,,,,,,105515000,97204000,None,147246000,147246000,4727871000,None,None,None,None,None,11298000,,0.535,0.0311,,,,0.258,-0.02,71093000,82391000,0.41,2010-09-30,9.83,159956000,468728000.0,215047000,71093000,13257000,5766000,5766000,None,138618000,None,24555000,None,None,225225000,None,4213927000,57836000,None,None,None,0.448,,143954000,71093000,4563740000,4727871000,None,54777000,None,,,,,3.17,1.158,3.814,,,,,,,,0.306,,68270000,2025-10-28,quarterly,0.39,USD,post-market,None,280706000,0.0118,0.0971,0.128,4.56,73522000,387245000,162020000,927121000,16.25,16.3,-4.878,5911703000,135419000,4889891000,5169893000,5776284000,280002000,362293000,741810000,12.3,-7967000,18.12,13.2
2025-12-28,FCF,1.39,468728000.0,12.3,None,0.811,14.83,,None,88358000,88358000,,,,,,,,,86971000,85789000,None,147246000,147246000,4738638000,None,None,None,None,None,11298000,,0.535,0.0311,,,,0.258,-0.02,71093000,82391000,0.41,2010-06-30,9.83,159956000,468728000.0,215047000,71093000,13257000,6175000,6175000,None,138618000,None,21548000,None,None,261000000,None,4346245000,57836000,None,None,None,0.448,,143954000,71093000,4686726000,4738638000,None,48499000,None,,,,,3.17,1.158,3.814,,,,,,,,0.306,,69203000,2025-10-28,quarterly,0.39,USD,post-market,None,271139000,0.0118,0.0971,0.128,4.56,73522000,616682000,355682000,996220000,16.25,16.3,-4.878,6058069000,88358000,5094320000,5403819000,5969711000,309499000,362293000,654250000,12.3,-8457000,18.12,13.2
2025-12-28,FCF,1.39,468728000.0,12.3,None,0.811,14.83,,None,136209000,136209000,,,,,,,,,86755000,85030000,None,147246000,147246000,4652269000,None,None,None,None,None,11298000,,0.535,0.0311,,,,0.258,-0.02,71093000,82391000,0.41,2010-03-31,9.83,159956000,468728000.0,215047000,71093000,13257000,6752000,6752000,None,138618000,None,23191000,None,None,224834000,None,None,57836000,None,None,None,0.448,,143954000,71093000,4824520000,4652269000,None,None,None,,,,,3.17,1.158,3.814,,,,,,,,0.306,,70357000,2025-10-28,quarterly,0.39,USD,post-market,None,258593000,0.0118,0.0971,0.128,4.56,73522000,1019029000,794195000,1062713000,16.25,16.3,-4.878,6343829000,136209000,5446464000,5710750000,6207620000,264286000,362293000,633079000,12.3,-8829000,18.12,13.2
2025-12-28,FCF,1.39,468728000.0,12.3,None,0.811,14.83,,None,89559000,89559000,,,,,,,,,86600000,85029748,None,147246000,147246000,4535785000,None,None,None,None,None,11298000,,0.535,0.0311,,,,0.258,-0.02,71093000,82391000,0.41,2009-12-31,9.83,159956000,468728000.0,215047000,71093000,13257000,7407000,7407000,None,138618000,None,24287000,None,None,274447000,None,None,57836000,None,None,None,0.448,,143954000,71093000,4896584000,4535785000,None,None,None,,,,,3.17,1.158,3.814,,,,,,,,0.306,,70742000,2025-10-28,quarterly,0.39,USD,post-market,None,278887000,0.0118,0.0971,0.128,4.56,73522000,1233379000,958932000,327000,16.25,16.3,-4.878,6446293000,89559000,5494717000,5807482000,6356734000,312765000,362293000,638811000,12.3,-16554000,18.12,13.2
2025-12-28,FCF,1.39,468728000.0,12.3,None,0.811,14.83,,None,80026000,80026000,,,,,,,,,86600000,84595000,None,147246000,147246000,4497037000,None,None,None,None,None,11298000,,0.535,0.0311,,,,0.258,-0.02,71093000,82391000,0.41,2009-09-30,9.83,159956000,468728000.0,215047000,71093000,13257000,8063000,8063000,None,138618000,None,24138000,None,None,285534000,None,None,57836000,None,None,None,0.448,,143954000,71093000,4867477000,4497037000,None,None,None,,,,,3.17,1.158,3.814,,,,,,,,0.306,,72074000,2025-10-28,quarterly,0.39,USD,post-market,None,278695000,0.0118,0.0971,0.128,4.56,73522000,1328981000,1043447000,1231015000,16.25,16.3,-4.878,6511439000,80026000,5540484000,5868294000,6431413000,327810000,362293000,643145000,12.3,-17706000,18.12,13.2
2025-12-28,FCF,1.39,468728000.0,12.3,None,0.811,14.83,,None,85307000,85307000,,,,,,,,,86600000,84560000,None,147246000,147246000,4485890000,None,None,None,None,None,11298000,,0.535,0.0311,,,,0.258,-0.02,71093000,82391000,0.41,2009-06-30,9.83,159956000,468728000.0,215047000,71093000,13257000,8747000,8747000,None,138618000,None,25565000,None,None,286672000,None,None,57836000,None,None,None,0.448,,143954000,71093000,4762094000,4485890000,None,None,None,,,,,3.17,1.158,3.814,,,,,,,,0.306,,72379000,2025-10-28,quarterly,0.39,USD,post-market,None,287092000,0.0118,0.0971,0.128,4.56,73522000,1284931000,998259000,1264685000,16.25,16.3,-4.878,6448997000,85307000,5484149000,5815687000,6363690000,331538000,362293000,633310000,12.3,-17766000,18.12,13.2
2025-12-28,FCF,1.39,468728000.0,12.3,None,0.811,14.83,,None,93651000,93651000,,,,,,,,,86600000,84582545,None,147246000,147246000,4318428000,None,None,None,None,None,11298000,,0.535,0.0311,,,,0.258,-0.02,71093000,82391000,0.41,2009-03-31,9.83,159956000,468728000.0,215047000,71093000,13257000,9490000,9490000,None,138618000,None,25936000,None,None,289171000,None,None,57836000,None,None,None,0.448,,143954000,71093000,4716312000,4318428000,None,None,None,,,,,3.17,1.158,3.814,,,,,,,,0.306,,73376000,2025-10-28,quarterly,0.39,USD,post-market,None,305712000,0.0118,0.0971,0.128,4.56,73522000,1400391000,1111220000,1271925000,16.25,16.3,-4.878,6422574000,93651000,5429648000,5775074000,6328923000,345426000,362293000,647500000,12.3,-17811000,18.12,13.2
2025-12-28,FCF,1.39,468728000.0,12.3,None,0.811,14.83,,None,88566000,88566000,,,,,,,,,86600000,84521266,None,147246000,147246000,4280343000,None,None,None,None,None,11298000,,0.535,0.0311,,,,0.258,-0.02,71093000,82391000,0.41,2008-12-31,9.83,159956000,468728000.0,215047000,71093000,13257000,10233000,10233000,None,138618000,None,3262000,None,None,276280000,None,None,57836000,None,None,None,0.448,,143954000,71093000,4642298000,4280343000,None,None,None,,,,,3.17,1.158,3.814,,,,,,,,0.306,,72636000,2025-10-28,quarterly,0.39,USD,post-market,None,309947000,0.0118,0.0971,0.128,4.56,73522000,1428980000,1139737000,289000,16.25,16.3,-4.878,6425880000,88566000,5420080000,5773101000,6337314000,353021000,362293000,652779000,12.3,-17907000,18.12,13.2
2025-12-28,FCF,1.39,468728000.0,12.3,None,0.811,14.83,,None,93594000,93594000,,,,,,,,,75100000,72817000,None,147246000,147246000,4261130000,None,None,None,None,None,11298000,,0.535,0.0311,,,,0.258,-0.02,71093000,82391000,0.41,2008-09-30,9.83,159956000,468728000.0,215047000,71093000,13257000,10976000,10976000,None,138618000,None,3718000,None,None,492038000,None,None,57836000,None,None,None,0.448,,143954000,71093000,4419732000,4261130000,None,None,None,,,,,3.17,1.158,3.814,,,,,,,,0.306,,71141000,2025-10-28,quarterly,0.39,USD,post-market,None,315404000,0.0118,0.0971,0.128,4.56,73522000,1367462000,875424000,1402528000,16.25,16.3,-4.878,6203790000,93594000,5136554000,5671977000,6110196000,535423000,362293000,531813000,12.3,-18411000,18.12,13.2
2025-12-28,FCF,1.39,468728000.0,12.3,None,0.811,14.83,,None,102207000,102207000,,,,,,,,,75100000,72735000,None,147246000,147246000,4312469000,None,None,None,None,None,11298000,,0.535,0.0311,,,,0.258,-0.02,71093000,82391000,0.41,2008-06-30,9.83,159956000,468728000.0,215047000,71093000,13257000,11778000,11778000,None,138618000,None,3271000,None,None,510214000,None,None,57836000,None,None,None,0.448,,143954000,71093000,4383475000,4312469000,None,None,None,,,,,3.17,1.158,3.814,,,,,,,,0.306,,69890000,2025-10-28,quarterly,0.39,USD,post-market,None,317611000,0.0118,0.0971,0.128,4.56,73522000,1344440000,834226000,1524106000,16.25,16.3,-4.878,6251412000,102207000,5146695000,5704714000,6149205000,558019000,362293000,546698000,12.3,-21054000,18.12,13.2
2025-12-28,FCF,1.39,468728000.0,12.3,None,0.811,14.83,,None,92773000,92773000,,,,,,,,,75100000,72560000,None,147246000,147246000,4320668000,None,None,None,None,None,11298000,,0.535,0.0311,,,,0.258,-0.02,71093000,82391000,0.41,2008-03-31,9.83,159956000,468728000.0,215047000,71093000,13257000,12609000,12609000,None,138618000,None,3280000,None,None,532705000,None,None,57836000,None,None,None,0.448,,143954000,71093000,4094727000,4320668000,None,None,None,,,,,3.17,1.158,3.814,,,,,,,,0.306,,69191000,2025-10-28,quarterly,0.39,USD,post-market,None,317058000,0.0118,0.0971,0.128,4.56,73522000,1175574000,642869000,1623788000,16.25,16.3,-4.878,6118979000,92773000,4963537000,5544501000,6026206000,580964000,362293000,574478000,12.3,-22293000,18.12,13.2
2025-12-28,FCF,1.39,468728000.0,12.3,None,0.811,14.83,,None,102510000,102510000,,,,,,,,,75100000,72453000,None,147246000,147246000,4347219000,None,None,None,None,None,11298000,,0.535,0.0311,,,,0.258,-0.02,71093000,82391000,0.41,2007-12-31,9.83,159956000,468728000.0,215047000,71093000,13257000,13441000,13441000,None,138618000,None,2172000,None,None,547946000,None,None,57836000,None,None,None,0.448,,143954000,71093000,3892510000,4347219000,None,None,None,,,,,3.17,1.158,3.814,,,,,,,,0.306,,69487000,2025-10-28,quarterly,0.39,USD,post-market,None,319246000,0.0118,0.0971,0.128,4.56,73522000,902147000,354201000,1719000,16.25,16.3,-4.878,5883618000,102510000,4701420000,5314830000,5781108000,613410000,362293000,568788000,12.3,-22700000,18.12,13.2
2025-12-28,FCF,1.39,468728000.0,12.3,None,0.811,14.83,,None,87559000,87559000,,,,,,,,,75100000,72706000,None,147246000,147246000,4333943000,None,None,None,None,None,11298000,,0.535,0.0311,,,,0.258,-0.02,71093000,82391000,0.41,2007-09-30,9.83,159956000,468728000.0,215047000,71093000,13257000,14272000,14272000,None,138618000,None,1803000,None,None,544031000,None,None,57836000,None,None,None,0.448,,143954000,71093000,3856243000,4333943000,None,None,None,,,,,3.17,1.158,3.814,,,,,,,,0.306,,70133000,2025-10-28,quarterly,0.39,USD,post-market,None,319472000,0.0118,0.0971,0.128,4.56,73522000,781765000,237734000,1460909000,16.25,16.3,-4.878,5722096000,87559000,4571677000,5159864000,5634537000,588187000,362293000,562232000,12.3,-22814000,18.12,13.2
2025-12-28,FCF,1.39,468728000.0,12.3,None,0.811,14.83,,None,93717000,93717000,,,,,,,,,75100000,73315000,None,147246000,147246000,4407771000,None,None,None,None,None,11298000,,0.535,0.0311,,,,0.258,-0.02,71093000,82391000,0.41,2007-06-30,9.83,160755000,468728000.0,215047000,71093000,13257000,15129000,15129000,None,138618000,None,1241000,None,None,576106000,None,None,57836000,None,None,None,0.448,,143954000,71093000,3867635000,4407771000,None,None,None,,,,,3.17,1.158,3.814,,,,,,,,0.306,,70567000,2025-10-28,quarterly,0.39,USD,post-market,None,319677000,0.0118,0.0971,0.128,4.56,73522000,723452000,147346000,1451019000,16.25,16.3,-4.878,5735188000,93717000,4555117000,5175030000,5641471000,619913000,362293000,560158000,12.3,-16155000,18.12,13.2
2025-12-28,FCF,1.39,468728000.0,12.3,None,0.811,14.83,,None,84600000,84600000,,,,,,,,,75100000,73371000,None,147246000,147246000,4355387000,None,None,None,None,None,11298000,,0.535,0.0311,,,,0.258,-0.02,71093000,82391000,0.41,2007-03-31,9.83,160759000,468728000.0,215047000,71093000,13257000,15999000,15999000,None,138618000,None,1663000,None,None,578282000,None,None,57836000,None,None,None,0.448,,143954000,71093000,3893599000,4355387000,None,None,None,,,,,3.17,1.158,3.814,,,,,,,,0.306,,70916000,2025-10-28,quarterly,0.39,USD,post-market,None,320734000,0.0118,0.0971,0.128,4.56,73522000,888177000,309895000,1557247000,16.25,16.3,-4.878,5861212000,84600000,4665282000,5288882000,5776612000,623600000,362293000,572330000,12.3,-14138000,18.12,13.2
2025-12-28,FCF,1.39,468728000.0,12.3,None,0.811,14.83,,None,96119000,96119000,,,,,,,,,75100000,73114000,None,147246000,147246000,4326440000,None,None,None,None,None,11298000,,0.535,0.0311,,,,0.258,-0.02,71093000,82391000,0.41,2006-12-31,9.83,160366000,468728000.0,215047000,71093000,13257000,16869000,16869000,None,138618000,None,1507000,None,None,593420000,None,None,57836000,None,None,None,0.448,,143954000,71093000,3978470000,4326440000,None,None,None,,,,,3.17,1.158,3.814,,,,,,,,0.306,,68901000,2025-10-28,quarterly,0.39,USD,post-market,None,322415000,0.0118,0.0971,0.128,4.56,73522000,1093434000,500014000,985000,16.25,16.3,-4.878,6043916000,96119000,4826454000,5472555000,5947797000,646101000,362293000,571361000,12.3,-14953000,18.12,13.2
2025-12-28,FCF,1.39,468728000.0,12.3,None,0.811,14.83,,None,103137000,103137000,,,,,,,,,75100000,71178000,None,147246000,147246000,4318942000,None,None,None,None,None,11298000,,0.535,0.0311,,,,0.258,-0.02,71093000,82391000,0.41,2006-09-30,9.83,159889000,468728000.0,215047000,71093000,13257000,18262000,18262000,None,138618000,None,1911000,None,None,664444000,None,None,57836000,None,None,None,0.448,,143954000,71093000,4013386000,4318942000,None,None,None,,,,,3.17,1.158,3.814,,,,,,,,0.306,,68518000,2025-10-28,quarterly,0.39,USD,post-market,None,322583000,0.0118,0.0971,0.128,4.56,73522000,1159321000,494877000,1649506000,16.25,16.3,-4.878,6092539000,103137000,4813819000,5523571000,5989402000,709752000,362293000,568968000,12.3,-16171000,18.12,13.2
2025-12-28,FCF,1.39,468728000.0,12.3,None,0.811,14.83,,None,90593000,90593000,,,,,,,,,71978000,70038000,None,147246000,147246000,3998805000,None,None,None,None,None,11298000,,0.535,0.0311,,,,0.258,-0.02,71093000,82391000,0.41,2006-06-30,9.83,122702000,468728000.0,215047000,71093000,13257000,14120000,14120000,None,138618000,None,6366000,None,None,722241000,None,None,57836000,None,None,None,0.448,,143954000,71093000,3868350000,3998805000,None,None,None,,,,,3.17,1.158,3.814,,,,,,,,0.306,,63832000,2025-10-28,quarterly,0.39,USD,post-market,None,319740000,0.0118,0.0971,0.128,4.56,73522000,1376556000,654315000,1681139000,16.25,16.3,-4.878,5925386000,90593000,4653120000,5414023000,5834793000,760903000,362293000,511363000,12.3,-16947000,18.12,13.2
2025-12-28,FCF,1.39,468728000.0,12.3,None,0.811,14.83,,None,85018000,85018000,,,,,,,,,71978000,69918000,None,147246000,147246000,3995738000,None,None,None,None,None,11298000,,0.535,0.0311,,,,0.258,-0.02,71093000,82391000,0.41,2006-03-31,9.83,122702000,468728000.0,215047000,71093000,13257000,14686000,14686000,None,138618000,None,2052000,None,None,793645000,None,None,57836000,None,None,None,0.448,,143954000,71093000,3837302000,3995738000,None,None,None,,,,,3.17,1.158,3.814,,,,,,,,0.306,,61230000,2025-10-28,quarterly,0.39,USD,post-market,None,319523000,0.0118,0.0971,0.128,4.56,73522000,1395071000,601426000,1737899000,16.25,16.3,-4.878,5944510000,85018000,4597164000,5428761000,5859492000,831597000,362293000,515749000,12.3,-18672000,18.12,13.2
2025-12-28,FCF,1.39,468728000.0,12.3,None,0.811,14.83,,None,85028000,85028000,,,,,,,,,71978000,69470000,None,147246000,147246000,3996552000,None,None,None,None,None,11298000,,0.535,0.0311,,,,0.258,-0.02,71093000,82391000,0.41,2005-12-31,9.83,122702000,468728000.0,215047000,71093000,13257000,15251000,15251000,None,138618000,None,2931000,None,None,799744000,None,None,57836000,None,None,None,0.448,,143954000,71093000,3802736000,3996552000,None,None,None,,,,,3.17,1.158,3.814,,,,,,,,0.306,,60860000,2025-10-28,quarterly,0.39,USD,post-market,None,318569000,0.0118,0.0971,0.128,4.56,73522000,1465409000,665665000,2048000,16.25,16.3,-4.878,6026320000,85028000,4662217000,5505275000,5941292000,843058000,362293000,521045000,12.3,-20214000,18.12,13.2
2025-12-28,FCF,1.39,468728000.0,12.3,None,0.811,14.83,,None,90226000,90226000,,,,,,,,,71978000,69788000,None,147246000,147246000,4059683000,None,None,None,None,None,11298000,,0.535,0.0311,,,,0.258,-0.02,71093000,82391000,0.41,2005-09-30,9.83,122702000,468728000.0,215047000,71093000,13257000,15817000,15817000,None,138618000,None,3264000,None,None,804830000,None,None,57836000,None,None,None,0.448,,143954000,71093000,3788543000,4059683000,None,None,None,,,,,3.17,1.158,3.814,,,,,,,,0.306,,62185000,2025-10-28,quarterly,0.39,USD,post-market,None,318751000,0.0118,0.0971,0.128,4.56,73522000,1543063000,738233000,1990929000,16.25,16.3,-4.878,6161041000,90226000,4797916000,5640136000,6070815000,842220000,362293000,520905000,12.3,-33644000,18.12,13.2
2025-12-28,FCF,1.39,468728000.0,12.3,None,0.811,14.83,,4327000,133409000,133409000,,,,,,,,,123603000,102205000,None,147246000,147246000,None,None,55000000,None,None,None,11298000,,0.535,0.0311,,,,0.258,-0.02,71093000,82391000,0.41,2024-12-31,9.83,363715000,468728000.0,215047000,71093000,13257000,19637000,19637000,None,138618000,None,None,None,None,258658000,None,1584216000,57836000,None,None,None,0.448,,143954000,71093000,None,9678019000,None,None,None,,,,,3.17,1.158,3.814,,,,,,,,0.306,,116108000,2025-10-28,annual,0.39,USD,post-market,None,971082000,0.0118,0.0971,0.128,4.56,73522000,343124000,80139000,1147623000,16.25,16.3,-4.878,11584936000,1281032000,9758158000,10179771000,10303904000,421613000,362293000,1405165000,12.3,None,18.12,13.2
2025-12-28,FCF,1.39,468728000.0,12.3,None,0.811,14.83,,4894000,146993000,146993000,,,,,,,,,123603000,101822000,None,147246000,147246000,None,None,563000000,None,None,None,11298000,,0.535,0.0311,,,,0.258,-0.02,71093000,82391000,0.41,2023-12-31,9.83,363715000,468728000.0,215047000,71093000,13257000,22820000,22820000,None,138618000,None,None,None,None,181863000,None,1490866000,57836000,None,None,None,0.448,,143954000,71093000,147415000,9192309000,None,None,None,,,,,3.17,1.158,3.814,,,,,,,,0.306,,121015000,2025-10-28,annual,0.39,USD,post-market,None,881112000,0.0118,0.0971,0.128,4.56,73522000,784592000,597835000,1020986000,16.25,16.3,-4.878,11459488000,1167979000,9790144000,10145214000,10291509000,355070000,362293000,1314274000,12.3,None,18.12,13.2
2025-12-28,FCF,1.39,468728000.0,12.3,None,0.811,14.83,,5425000,154244000,154244000,,,,,,,,,113915000,93887000,None,147246000,147246000,8005469000,None,372694000,None,None,None,11298000,,0.535,0.0311,,,,0.258,-0.02,71093000,82391000,0.41,2022-12-31,9.83,303328000,468728000.0,215047000,71093000,13257000,9205000,9205000,None,138618000,None,534000,None,None,181224000,None,1250237000,57836000,None,None,None,0.448,,143954000,71093000,154778000,8005469000,None,None,None,,,,,3.17,1.158,3.814,,,,,,,,0.306,,115106000,2025-10-28,annual,0.39,USD,post-market,None,774863000,0.0118,0.0971,0.128,4.56,73522000,553918000,372694000,762661000,16.25,16.3,-4.878,9805666000,916905000,8378163000,8753592000,8888761000,375429000,362293000,1052074000,12.3,None,18.12,13.2
2025-12-28,FCF,1.39,468728000.0,12.3,None,0.811,14.83,,5921000,395372000,395372000,,,,,,,,,113915000,95840000,None,147246000,147246000,7982498000,None,138315000,None,None,None,11298000,,0.535,0.0311,,,,0.258,-0.02,71093000,82391000,0.41,2021-12-31,9.83,303328000,468728000.0,215047000,71093000,13257000,11188000,11188000,None,138618000,None,1039000,None,None,182269000,None,1595529000,57836000,None,None,None,0.448,,143954000,71093000,396014000,7982498000,None,132639000,None,,,,,3.17,1.158,3.814,,,,,,,,0.306,,121417000,2025-10-28,annual,0.39,USD,post-market,None,691260000,0.0118,0.0971,0.128,4.56,73522000,320584000,138315000,1041380000,16.25,16.3,-4.878,9545093000,1436752000,8120813000,8435721000,8108341000,314908000,362293000,1109372000,12.3,-183156000,18.12,13.2
2025-12-28,FCF,1.39,468728000.0,12.3,None,0.811,14.83,,6385000,356581000,356581000,,,,,,,,,113915000,97759000,None,147246000,147246000,7438666000,None,117373000,None,None,None,11298000,,0.535,0.0311,,,,0.258,-0.02,71093000,82391000,0.41,2020-12-31,9.83,303328000,468728000.0,215047000,71093000,13257000,13492000,13492000,None,138618000,None,1828000,None,None,233255000,None,7067381000,57836000,None,None,None,0.448,,143954000,71093000,357796000,7438666000,None,210193000,None,,,,,3.17,1.158,3.814,,,,,,,,0.306,,126732000,2025-10-28,annual,0.39,USD,post-market,None,596614000,0.0118,0.0971,0.128,4.56,73522000,350628000,117373000,831223000,16.25,16.3,-4.878,9068104000,1187804000,7556039000,7999487000,7880300000,443448000,362293000,1068617000,12.3,-153828000,18.12,13.2
2025-12-28,FCF,1.39,468728000.0,12.3,None,0.811,14.83,,6815000,121856000,121856000,,,,,,,,,113915000,98588000,None,147246000,147246000,6677615000,None,136200000,None,None,None,11298000,,0.535,0.0311,,,,0.258,-0.02,71093000,82391000,0.41,2019-12-31,9.83,303328000,468728000.0,215047000,71093000,13257000,16366000,16366000,None,138618000,None,2228000,None,None,234182000,None,6507384000,57836000,None,None,None,0.448,,143954000,71093000,124084000,6677615000,None,139458000,None,,,,,3.17,1.158,3.814,,,,,,,,0.306,,139496000,2025-10-28,annual,0.39,USD,post-market,None,577348000,0.0118,0.0971,0.128,4.56,73522000,436035000,201853000,902292000,16.25,16.3,-4.878,8308773000,1024148000,6879468000,7253108000,7284625000,373640000,362293000,1055665000,12.3,-134914000,18.12,13.2
2025-12-28,FCF,1.39,468728000.0,12.3,None,0.811,14.83,,7217000,98947000,98947000,,,,,,,,,113915000,99535000,None,147246000,147246000,5897992000,None,565000000,None,None,None,11298000,,0.535,0.0311,,,,0.258,-0.02,71093000,82391000,0.41,2018-12-31,9.83,274202000,468728000.0,215047000,71093000,13257000,13038000,13038000,None,138618000,None,3935000,None,None,185056000,None,6164237000,57836000,None,None,None,0.448,,143954000,71093000,5117119000,5897992000,None,47995000,None,,,,,3.17,1.158,3.814,,,,,,,,0.306,,84409000,2025-10-28,annual,0.39,USD,post-market,None,511409000,0.0118,0.0971,0.128,4.56,73522000,906879000,721823000,909247000,16.25,16.3,-4.878,7828255000,1008194000,6619815000,6852866000,6820061000,233051000,362293000,975389000,12.3,-130867000,18.12,13.2
2025-12-28,FCF,1.39,468728000.0,12.3,None,0.811,14.83,,7590000,107292000,107292000,,,,,,,,,113915000,97456000,None,147246000,147246000,5580705000,None,567500000,None,None,None,11298000,,0.535,0.0311,,,,0.258,-0.02,71093000,82391000,0.41,2017-12-31,9.83,255353000,468728000.0,215047000,71093000,13257000,15007000,15007000,None,138618000,None,2765000,None,None,87918000,None,5373928000,57836000,None,None,None,0.448,,143954000,71093000,4934899000,5580705000,None,44323000,None,,,,,3.17,1.158,3.814,,,,,,,,0.306,,84104000,2025-10-28,annual,0.39,USD,post-market,None,437416000,0.0118,0.0971,0.128,4.56,73522000,795384000,707466000,731358000,16.25,16.3,-4.878,7308539000,838650000,6288171000,6420412000,6469889000,132241000,362293000,888127000,12.3,-127154000,18.12,13.2
2025-12-28,FCF,1.39,468728000.0,12.3,None,0.811,14.83,,None,115677000,115677000,,,,,,,,,105563000,89007000,None,147246000,147246000,4947408000,None,748000000,None,None,None,11298000,,0.535,0.0311,,,,0.258,-0.02,71093000,82391000,0.41,2016-12-31,9.83,186483000,468728000.0,215047000,71093000,13257000,12013000,12013000,None,138618000,None,6805000,None,None,80916000,None,4836214000,57836000,None,None,None,0.448,,143954000,71093000,4336076000,4947408000,None,37822000,None,,,,,3.17,1.158,3.814,,,,,,,,0.306,,74339000,2025-10-28,annual,0.39,USD,post-market,None,412764000,0.0118,0.0971,0.128,4.56,73522000,948859000,867943000,778612000,16.25,16.3,-4.878,6684018000,894289000,5815351000,5934089000,5789729000,118738000,362293000,749929000,12.3,-127797000,18.12,13.2
2025-12-28,FCF,1.39,468728000.0,12.3,None,0.811,14.83,,None,69452000,69452000,,,,,,,,,105563000,89357000,None,147246000,147246000,4195894000,None,563000,None,None,None,11298000,,0.535,0.0311,,,,0.258,-0.02,71093000,82391000,0.41,2015-12-31,9.83,164500000,468728000.0,215047000,71093000,13257000,1231000,1231000,None,138618000,None,9398000,None,None,81481000,None,4638701000,57836000,None,None,None,0.448,,143954000,71093000,4047857000,4195894000,None,59144000,None,,,,,3.17,1.158,3.814,,,,,,,,0.306,,72852000,2025-10-28,annual,0.39,USD,post-market,None,378081000,0.0118,0.0971,0.128,4.56,73522000,1592306000,1510825000,886560000,16.25,16.3,-4.878,6566890000,956012000,5706719000,5847344000,5610878000,140625000,362293000,719546000,12.3,-127693000,18.12,13.2
2025-12-28,FCF,1.39,468728000.0,12.3,None,0.811,14.83,,None,74538000,74538000,,,,,,,,,105563000,93115000,None,147246000,147246000,4315511000,None,80142000,None,None,None,11298000,,0.535,0.0311,,,,0.258,-0.02,71093000,82391000,0.41,2014-12-31,9.83,161429000,468728000.0,215047000,71093000,13257000,1665000,1665000,None,138618000,None,9699000,None,None,161626000,None,4407759000,57836000,None,None,None,0.448,,143954000,71093000,3393481000,4315511000,None,61127000,None,,,,,3.17,1.158,3.814,,,,,,,,0.306,,72186000,2025-10-28,annual,0.39,USD,post-market,None,353027000,0.0118,0.0971,0.128,4.56,73522000,1267502000,1105876000,1309819000,16.25,16.3,-4.878,6360285000,1384357000,5421387000,5644140000,4975928000,222753000,362293000,716145000,12.3,-103561000,18.12,13.2
2025-12-28,FCF,1.39,468728000.0,12.3,None,0.811,14.83,,None,77439000,77439000,,,,,,,,,105563000,97030000,None,147246000,147246000,4603863000,None,None,None,None,None,11298000,,0.535,0.0311,,,,0.258,-0.02,71093000,82391000,0.41,2013-12-31,9.83,159956000,468728000.0,215047000,71093000,13257000,1311000,1311000,None,138618000,None,11728000,None,None,216552000,None,4229608000,57836000,None,None,None,0.448,,143954000,71093000,3236041000,4603863000,None,56134000,None,,,,,3.17,1.158,3.814,,,,,,,,0.306,,79668000,2025-10-28,annual,0.39,USD,post-market,None,334748000,0.0118,0.0971,0.128,4.56,73522000,843167000,626615000,1318365000,16.25,16.3,-4.878,6214861000,1395804000,5230478000,5503164000,4819057000,272686000,362293000,711697000,12.3,-73359000,18.12,13.2
2025-12-28,FCF,1.39,468728000.0,12.3,None,0.811,14.83,,None,102982000,102982000,,,,,,,,,105563000,103886000,None,147246000,147246000,4557881000,None,None,None,None,None,11298000,,0.535,0.0311,,,,0.258,-0.02,71093000,82391000,0.41,2012-12-31,9.83,159956000,468728000.0,215047000,71093000,13257000,2375000,2375000,None,138618000,None,11262000,None,None,280221000,None,4137517000,57836000,None,None,None,0.448,,143954000,71093000,3290273000,4557881000,None,55054000,None,,,,,3.17,1.158,3.814,,,,,,,,0.306,,80232000,2025-10-28,annual,0.39,USD,post-market,None,315608000,0.0118,0.0971,0.128,4.56,73522000,636448000,356227000,1171303000,16.25,16.3,-4.878,5995390000,1274285000,4914108000,5249383000,4721105000,335275000,362293000,746007000,12.3,-41777000,18.12,13.2
2025-12-28,FCF,1.39,468728000.0,12.3,None,0.811,14.83,,None,78478000,78478000,,,,,,,,,105563000,104700000,None,147246000,147246000,4504684000,None,None,None,None,None,11298000,,0.535,0.0311,,,,0.258,-0.02,71093000,82391000,0.41,2011-12-31,9.83,159956000,468728000.0,215047000,71093000,13257000,3843000,3843000,None,138618000,None,43447000,None,None,207414000,None,3995821000,57836000,None,None,None,0.448,,143954000,71093000,4349518000,4504684000,None,57704000,None,,,,,3.17,1.158,3.814,,,,,,,,0.306,,96790000,2025-10-28,annual,0.39,USD,post-market,None,294056000,0.0118,0.0971,0.128,4.56,73522000,520191000,312777000,1142776000,16.25,16.3,-4.878,5841122000,1221254000,4817461000,5082579000,4619868000,265118000,362293000,758543000,12.3,-7345000,18.12,13.2
2025-12-28,FCF,1.39,468728000.0,12.3,None,0.811,14.83,,None,69858000,69858000,,,,,,,,,105515000,93200000,None,147246000,147246000,4617852000,None,None,None,None,None,11298000,,0.535,0.0311,,,,0.258,-0.02,71093000,82391000,0.41,2010-12-31,9.83,159956000,468728000.0,215047000,71093000,13257000,5376000,5376000,None,138618000,None,24700000,None,None,177813000,None,None,57836000,None,None,None,0.448,,143954000,71093000,4494097000,4617852000,None,None,None,,,,,3.17,1.158,3.814,,,,,,,,0.306,,66981000,2025-10-28,annual,0.39,USD,post-market,None,291492000,0.0118,0.0971,0.128,4.56,73522000,392359000,187861000,967715000,16.25,16.3,-4.878,5812842000,69858000,4805713000,5063065000,5742984000,257352000,362293000,749777000,12.3,-7660000,18.12,13.2
2025-12-28,FCF,1.39,468728000.0,12.3,None,0.811,14.83,,None,89559000,89559000,,,,,,,,,86600000,84590000,None,147246000,147246000,4535785000,None,None,None,None,None,11298000,,0.535,0.0311,,,,0.258,-0.02,71093000,82391000,0.41,2009-12-31,9.83,159956000,468728000.0,215047000,71093000,13257000,7407000,7407000,None,138618000,None,24287000,None,None,157339000,None,None,57836000,None,None,None,0.448,,143954000,71093000,4896584000,4535785000,None,None,None,,,,,3.17,1.158,3.814,,,,,,,,0.306,,70742000,2025-10-28,annual,0.39,USD,post-market,None,278887000,0.0118,0.0971,0.128,4.56,73522000,1233379000,958932000,1133856000,16.25,16.3,-4.878,6446293000,89559000,5494717000,5807482000,6356734000,312765000,362293000,638811000,12.3,-16554000,18.12,13.2
2025-12-28,FCF,1.39,468728000.0,12.3,None,0.811,14.83,,None,88566000,88566000,,,,,,,,,86600000,74583000,None,147246000,147246000,4280343000,None,None,None,None,None,11298000,,0.535,0.0311,,,,0.258,-0.02,71093000,82391000,0.41,2008-12-31,9.83,159956000,468728000.0,215047000,71093000,13257000,10233000,10233000,None,138618000,None,3262000,None,None,276280000,None,None,57836000,None,None,None,0.448,,143954000,71093000,4642298000,4280343000,None,None,None,,,,,3.17,1.158,3.814,,,,,,,,0.306,,72636000,2025-10-28,annual,0.39,USD,post-market,None,309947000,0.0118,0.0971,0.128,4.56,73522000,1428980000,1139737000,1401351000,16.25,16.3,-4.878,6425880000,88566000,5420080000,5773101000,6337314000,353021000,362293000,652779000,12.3,-17907000,18.12,13.2
2025-12-28,FCF,1.39,468728000.0,12.3,None,0.811,14.83,,None,102510000,102510000,,,,,,,,,75100000,72973000,None,147246000,147246000,4347219000,None,None,None,None,None,11298000,,0.535,0.0311,,,,0.258,-0.02,71093000,82391000,0.41,2007-12-31,9.83,159956000,468728000.0,215047000,71093000,13257000,13441000,13441000,None,138618000,None,2172000,None,None,452834000,None,None,57836000,None,None,None,0.448,,143954000,71093000,3892510000,4347219000,None,None,None,,,,,3.17,1.158,3.814,,,,,,,,0.306,,69487000,2025-10-28,annual,0.39,USD,post-market,None,319246000,0.0118,0.0971,0.128,4.56,73522000,902147000,354201000,1574217000,16.25,16.3,-4.878,5883618000,102510000,4701420000,5314830000,5781108000,613410000,362293000,568788000,12.3,-22700000,18.12,13.2
2025-12-28,FCF,1.39,468728000.0,12.3,None,0.811,14.83,,None,96119000,96119000,,,,,,,,,75100000,71134000,None,147246000,147246000,4326440000,None,None,None,None,None,11298000,,0.535,0.0311,,,,0.258,-0.02,71093000,82391000,0.41,2006-12-31,9.83,160366000,468728000.0,215047000,71093000,13257000,16869000,16869000,None,138618000,None,1507000,None,None,542253000,None,None,57836000,None,None,None,0.448,,143954000,71093000,3978470000,4326440000,None,None,None,,,,,3.17,1.158,3.814,,,,,,,,0.306,,68901000,2025-10-28,annual,0.39,USD,post-market,None,322415000,0.0118,0.0971,0.128,4.56,73522000,1093434000,500014000,1644690000,16.25,16.3,-4.878,6043916000,96119000,4826454000,5472555000,5947797000,646101000,362293000,571361000,12.3,-14953000,18.12,13.2
2025-12-28,FCF,1.39,468728000.0,12.3,None,0.811,14.83,,None,85028000,85028000,,,,,,,,,71978000,69682000,None,147246000,147246000,3996552000,None,None,None,None,None,11298000,,0.535,0.0311,,,,0.258,-0.02,71093000,82391000,0.41,2005-12-31,9.83,122702000,468728000.0,215047000,71093000,13257000,15251000,15251000,None,138618000,None,2931000,None,None,758993000,None,None,57836000,None,None,None,0.448,,143954000,71093000,3802736000,3996552000,None,None,None,,,,,3.17,1.158,3.814,,,,,,,,0.306,,60860000,2025-10-28,annual,0.39,USD,post-market,None,318569000,0.0118,0.0971,0.128,4.56,73522000,1465409000,665665000,1851986000,16.25,16.3,-4.878,6026320000,85028000,4662217000,5505275000,5941292000,843058000,362293000,521045000,12.3,-20214000,18.12,13.2
2025-12-28,FCF,1.39,468728000.0,12.3,None,0.811,14.83,10399000,None,85028000,85028000,25383000,-73635000,None,None,None,None,None,None,71978000,69682000,None,147246000,147246000,3996552000,None,None,None,None,None,11298000,1884000,0.535,0.0311,14096000,14096000,None,0.258,-0.02,71093000,82391000,0.41,2025-09-30,9.83,122702000,468728000.0,215047000,71093000,13257000,15251000,15251000,None,138618000,None,2931000,None,None,758993000,None,None,41328000,None,None,None,0.448,49497000,143954000,71093000,3802736000,3996552000,None,None,None,None,None,None,None,3.17,1.158,3.814,None,None,None,None,None,-10630000,None,0.306,None,60860000,2025-10-28,quarterly,0.39,USD,post-market,None,318569000,0.0118,0.0971,0.128,4.56,73522000,1465409000,665665000,1851986000,16.25,16.3,-4.878,6026320000,85028000,4662217000,5505275000,5941292000,843058000,362293000,521045000,12.3,-20214000,18.12,13.2
2025-12-28,FCF,1.39,468728000.0,12.3,None,0.811,14.83,5373000,None,85028000,85028000,75776000,-87373000,None,None,None,None,None,None,71978000,69682000,None,147246000,147246000,3996552000,None,None,None,None,None,11298000,788000,0.535,0.0311,14152000,14152000,None,0.258,-0.02,71093000,82391000,0.41,2025-06-30,9.83,122702000,468728000.0,215047000,71093000,13257000,15251000,15251000,None,138618000,None,2931000,None,None,758993000,None,None,33402000,None,None,None,0.448,30405000,143954000,71093000,3802736000,3996552000,None,None,None,None,None,None,None,3.17,1.158,3.814,None,None,None,None,None,-508000,None,0.306,None,60860000,2025-10-28,quarterly,0.39,USD,post-market,None,318569000,0.0118,0.0971,0.128,4.56,73522000,1465409000,665665000,1851986000,16.25,16.3,-4.878,6026320000,85028000,4662217000,5505275000,5941292000,843058000,362293000,521045000,12.3,-20214000,18.12,13.2
2025-12-28,FCF,1.39,468728000.0,12.3,None,0.811,14.83,5026000,None,85028000,85028000,165624000,-213561000,None,None,None,None,None,None,71978000,69682000,None,147246000,147246000,3996552000,None,None,None,None,None,11298000,2153000,0.535,0.0311,13238000,13238000,None,0.258,-0.02,71093000,82391000,0.41,2025-03-31,9.83,122702000,468728000.0,215047000,71093000,13257000,15251000,15251000,None,138618000,None,2931000,None,None,758993000,None,None,32696000,None,None,None,0.448,55886000,143954000,71093000,3802736000,3996552000,None,None,None,None,None,None,None,3.17,1.158,3.814,None,None,None,None,None,-1807000,None,0.306,None,60860000,2025-10-28,quarterly,0.39,USD,post-market,None,318569000,0.0118,0.0971,0.128,4.56,73522000,1465409000,665665000,1851986000,16.25,16.3,-4.878,6026320000,85028000,4662217000,5505275000,5941292000,843058000,362293000,521045000,12.3,-20214000,18.12,13.2
2025-12-28,FCF,1.39,468728000.0,12.3,None,0.811,14.83,3775000,None,85028000,85028000,-420868000,-41549000,None,None,None,None,None,None,71978000,69682000,None,147246000,147246000,3996552000,None,None,None,None,None,11298000,2059000,0.535,0.0311,13231000,13231000,None,0.258,-0.02,71093000,82391000,0.41,2024-12-31,9.83,122702000,468728000.0,215047000,71093000,13257000,15251000,15251000,None,138618000,None,2931000,None,None,758993000,None,None,35849000,None,None,None,0.448,13517000,143954000,71093000,3802736000,3996552000,None,None,None,None,None,None,None,3.17,1.158,3.814,None,None,None,None,None,-8076000,None,0.306,None,60860000,2025-10-28,quarterly,0.39,USD,post-market,None,318569000,0.0118,0.0971,0.128,4.56,73522000,1465409000,665665000,1851986000,16.25,16.3,-4.878,6026320000,85028000,4662217000,5505275000,5941292000,843058000,362293000,521045000,12.3,-20214000,18.12,13.2
2025-12-28,FCF,1.39,468728000.0,12.3,None,0.811,14.83,3376000,None,85028000,85028000,321722000,18686000,None,None,None,None,None,None,71978000,69682000,None,147246000,147246000,3996552000,None,None,None,None,None,11298000,1400000,0.535,0.0311,13308000,13308000,None,0.258,-0.02,71093000,82391000,0.41,2024-09-30,9.83,122702000,468728000.0,215047000,71093000,13257000,15251000,15251000,None,138618000,None,2931000,None,None,758993000,None,None,32086000,None,None,None,0.448,53608000,143954000,71093000,3802736000,3996552000,None,None,None,None,None,None,None,3.17,1.158,3.814,None,None,None,None,None,-2482000,None,0.306,None,60860000,2025-10-28,quarterly,0.39,USD,post-market,None,318569000,0.0118,0.0971,0.128,4.56,73522000,1465409000,665665000,1851986000,16.25,16.3,-4.878,6026320000,85028000,4662217000,5505275000,5941292000,843058000,362293000,521045000,12.3,-20214000,18.12,13.2
2025-12-28,FCF,1.39,468728000.0,12.3,None,0.811,14.83,3347000,None,85028000,85028000,-110150000,-34617000,None,None,None,None,None,None,71978000,69682000,None,147246000,147246000,3996552000,None,None,None,None,None,11298000,728000,0.535,0.0311,13299000,13299000,None,0.258,-0.02,71093000,82391000,0.41,2024-06-30,9.83,122702000,468728000.0,215047000,71093000,13257000,15251000,15251000,None,138618000,None,2931000,None,None,758993000,None,None,37088000,None,None,None,0.448,22693000,143954000,71093000,3802736000,3996552000,None,None,None,None,None,None,None,3.17,1.158,3.814,None,None,None,None,None,-315000,None,0.306,None,60860000,2025-10-28,quarterly,0.39,USD,post-market,None,318569000,0.0118,0.0971,0.128,4.56,73522000,1465409000,665665000,1851986000,16.25,16.3,-4.878,6026320000,85028000,4662217000,5505275000,5941292000,843058000,362293000,521045000,12.3,-20214000,18.12,13.2
2025-12-28,FCF,1.39,468728000.0,12.3,None,0.811,14.83,5048000,None,85028000,85028000,187972000,-64243000,None,None,None,None,None,None,71978000,69682000,None,147246000,147246000,3996552000,None,None,None,None,None,11298000,1501000,0.535,0.0311,12764000,12764000,None,0.258,-0.02,71093000,82391000,0.41,2024-03-31,9.83,122702000,468728000.0,215047000,71093000,13257000,15251000,15251000,None,138618000,None,2931000,None,None,758993000,None,None,37549000,None,None,None,0.448,39645000,143954000,71093000,3802736000,3996552000,None,None,None,None,None,None,None,3.17,1.158,3.814,None,None,None,None,None,-1757000,None,0.306,None,60860000,2025-10-28,quarterly,0.39,USD,post-market,None,318569000,0.0118,0.0971,0.128,4.56,73522000,1465409000,665665000,1851986000,16.25,16.3,-4.878,6026320000,85028000,4662217000,5505275000,5941292000,843058000,362293000,521045000,12.3,-20214000,18.12,13.2
2025-12-28,FCF,1.39,468728000.0,12.3,None,0.811,14.83,3014000,None,85028000,85028000,-8816000,-225283000,None,None,None,None,None,None,71978000,69682000,None,147246000,147246000,3996552000,None,None,None,None,None,11298000,1273000,0.535,0.0311,12764000,12764000,None,0.258,-0.02,71093000,82391000,0.41,2023-12-31,9.83,122702000,468728000.0,215047000,71093000,13257000,15251000,15251000,None,138618000,None,2931000,None,None,758993000,None,None,44827000,None,None,None,0.448,44022000,143954000,71093000,3802736000,3996552000,None,None,None,None,None,None,None,3.17,1.158,3.814,None,None,None,None,None,-860000,None,0.306,None,60860000,2025-10-28,quarterly,0.39,USD,post-market,None,318569000,0.0118,0.0971,0.128,4.56,73522000,1465409000,665665000,1851986000,16.25,16.3,-4.878,6026320000,85028000,4662217000,5505275000,5941292000,843058000,362293000,521045000,12.3,-20214000,18.12,13.2
2025-12-28,FCF,1.39,468728000.0,12.3,None,0.811,14.83,5801000,None,85028000,85028000,79827000,-348990000,None,None,None,None,None,None,71978000,69682000,None,147246000,147246000,3996552000,None,None,None,None,None,11298000,936000,0.535,0.0311,12801000,12801000,None,0.258,-0.02,71093000,82391000,0.41,2023-09-30,9.83,122702000,468728000.0,215047000,71093000,13257000,15251000,15251000,None,138618000,None,2931000,None,None,758993000,None,None,39231000,None,None,None,0.448,20396000,143954000,71093000,3802736000,3996552000,None,None,None,None,None,None,None,3.17,1.158,3.814,None,None,None,None,None,-3216000,None,0.306,None,60860000,2025-10-28,quarterly,0.39,USD,post-market,None,318569000,0.0118,0.0971,0.128,4.56,73522000,1465409000,665665000,1851986000,16.25,16.3,-4.878,6026320000,85028000,4662217000,5505275000,5941292000,843058000,362293000,521045000,12.3,-20214000,18.12,13.2
2025-12-28,FCF,1.39,468728000.0,12.3,None,0.811,14.83,3786000,None,85028000,85028000,153409000,-148083000,53067000,None,None,None,None,-736000,71978000,69682000,None,147246000,147246000,3996552000,None,None,None,None,None,11298000,48000,0.535,0.0311,12882000,12882000,None,0.258,-0.02,71093000,82391000,0.41,2023-06-30,9.83,122702000,468728000.0,215047000,71093000,13257000,15251000,15251000,None,138618000,None,2931000,None,None,758993000,None,None,42781000,None,None,None,0.448,47741000,143954000,71093000,3802736000,3996552000,None,None,None,None,None,None,None,3.17,1.158,3.814,None,None,None,None,None,-9157000,None,0.306,None,60860000,2025-10-28,quarterly,0.39,USD,post-market,None,318569000,0.0118,0.0971,0.128,4.56,73522000,1465409000,665665000,1851986000,16.25,16.3,-4.878,6026320000,85028000,4662217000,5505275000,5941292000,843058000,362293000,521045000,12.3,-20214000,18.12,13.2
2025-12-28,FCF,1.39,468728000.0,12.3,None,0.811,14.83,9433000,None,85028000,85028000,191843000,11115000,241558000,None,None,None,None,645000,71978000,69682000,None,147246000,147246000,3996552000,None,None,None,None,None,11298000,1847000,0.535,0.0311,12367000,12367000,None,0.258,-0.02,71093000,82391000,0.41,2023-03-31,9.83,122702000,468728000.0,215047000,71093000,13257000,15251000,15251000,None,138618000,None,2931000,None,None,758993000,None,None,30224000,None,None,None,0.448,38600000,143954000,71093000,3802736000,3996552000,None,None,None,None,None,None,None,3.17,1.158,3.814,None,None,None,None,None,-1732000,None,0.306,None,60860000,2025-10-28,quarterly,0.39,USD,post-market,None,318569000,0.0118,0.0971,0.128,4.56,73522000,1465409000,665665000,1851986000,16.25,16.3,-4.878,6026320000,85028000,4662217000,5505275000,5941292000,843058000,362293000,521045000,12.3,-20214000,18.12,13.2
2025-12-28,FCF,1.39,468728000.0,12.3,None,0.811,14.83,3170000,None,85028000,85028000,191076000,-588788000,None,None,None,None,None,None,71978000,69682000,None,147246000,147246000,3996552000,None,None,None,None,None,11298000,2762000,0.535,0.0311,11205000,11205000,None,0.258,-0.02,71093000,82391000,0.41,2022-12-31,9.83,122702000,468728000.0,215047000,71093000,13257000,15251000,15251000,None,138618000,None,2931000,None,None,758993000,None,None,35733000,None,None,None,0.448,42733000,143954000,71093000,3802736000,3996552000,None,None,None,None,None,None,None,3.17,1.158,3.814,None,None,None,None,None,15598000,None,0.306,None,60860000,2025-10-28,quarterly,0.39,USD,post-market,None,318569000,0.0118,0.0971,0.128,4.56,73522000,1465409000,665665000,1851986000,16.25,16.3,-4.878,6026320000,85028000,4662217000,5505275000,5941292000,843058000,362293000,521045000,12.3,-20214000,18.12,13.2
2025-12-28,FCF,1.39,468728000.0,12.3,None,0.811,14.83,677000,None,85028000,85028000,16530000,-183869000,-119028000,None,None,None,None,-1635000,71978000,69682000,None,147246000,147246000,3996552000,None,None,None,None,None,11298000,2631000,0.535,0.0311,11206000,11206000,None,0.258,-0.02,71093000,82391000,0.41,2022-09-30,9.83,122702000,468728000.0,215047000,71093000,13257000,15251000,15251000,None,138618000,None,2931000,None,None,758993000,None,None,33968000,None,None,None,0.448,48311000,143954000,71093000,3802736000,3996552000,None,None,None,None,None,None,None,3.17,1.158,3.814,None,None,None,None,None,-5078000,None,0.306,None,60860000,2025-10-28,quarterly,0.39,USD,post-market,None,318569000,0.0118,0.0971,0.128,4.56,73522000,1465409000,665665000,1851986000,16.25,16.3,-4.878,6026320000,85028000,4662217000,5505275000,5941292000,843058000,362293000,521045000,12.3,-20214000,18.12,13.2
2025-12-28,FCF,1.39,468728000.0,12.3,None,0.811,14.83,2941000,None,85028000,85028000,-145535000,-108640000,-225005000,None,None,None,None,702000,71978000,69682000,None,147246000,147246000,3996552000,None,None,None,None,None,11298000,2599000,0.535,0.0311,11330000,11330000,None,0.258,-0.02,71093000,82391000,0.41,2022-06-30,9.83,122702000,468728000.0,215047000,71093000,13257000,15251000,15251000,None,138618000,None,2931000,None,None,758993000,None,None,30754000,None,None,None,0.448,29170000,143954000,71093000,3802736000,3996552000,None,None,None,None,None,None,None,3.17,1.158,3.814,None,None,None,None,None,-9032000,None,0.306,None,60860000,2025-10-28,quarterly,0.39,USD,post-market,None,318569000,0.0118,0.0971,0.128,4.56,73522000,1465409000,665665000,1851986000,16.25,16.3,-4.878,6026320000,85028000,4662217000,5505275000,5941292000,843058000,362293000,521045000,12.3,-20214000,18.12,13.2
2025-12-28,FCF,1.39,468728000.0,12.3,None,0.811,14.83,4419000,None,85028000,85028000,134176000,-35942000,129433000,None,None,None,None,45000,71978000,69682000,None,147246000,147246000,3996552000,None,None,None,None,None,11298000,2560000,0.535,0.0311,10837000,10837000,None,0.258,-0.02,71093000,82391000,0.41,2022-03-31,9.83,122702000,468728000.0,215047000,71093000,13257000,15251000,15251000,None,138618000,None,2931000,None,None,758993000,None,None,27726000,None,None,None,0.448,31199000,143954000,71093000,3802736000,3996552000,None,None,None,None,None,None,None,3.17,1.158,3.814,None,None,None,None,None,-1488000,None,0.306,None,60860000,2025-10-28,quarterly,0.39,USD,post-market,None,318569000,0.0118,0.0971,0.128,4.56,73522000,1465409000,665665000,1851986000,16.25,16.3,-4.878,6026320000,85028000,4662217000,5505275000,5941292000,843058000,362293000,521045000,12.3,-20214000,18.12,13.2
2025-12-28,FCF,1.39,468728000.0,12.3,None,0.811,14.83,4583000,None,85028000,85028000,39368000,-24293000,60698000,None,46000,None,None,1295000,71978000,69682000,None,147246000,147246000,3996552000,None,None,None,None,None,11298000,2658000,0.535,0.0311,10938000,10938000,None,0.258,-0.02,71093000,82391000,0.41,2021-12-31,9.83,122702000,468728000.0,215047000,71093000,13257000,15251000,15251000,None,138618000,None,2931000,None,None,758993000,None,None,34776000,None,None,None,0.448,45623000,143954000,71093000,3802736000,3996552000,None,None,None,None,None,None,None,3.17,1.158,3.814,None,None,None,None,None,-15996000,None,0.306,None,60860000,2025-10-28,quarterly,0.39,USD,post-market,None,318569000,0.0118,0.0971,0.128,4.56,73522000,1465409000,665665000,1851986000,16.25,16.3,-4.878,6026320000,85028000,4662217000,5505275000,5941292000,843058000,362293000,521045000,12.3,-20214000,18.12,13.2
2025-12-28,FCF,1.39,468728000.0,12.3,None,0.811,14.83,2147000,None,85028000,85028000,37899000,-33777000,50221000,None,None,None,None,893000,71978000,69682000,None,147246000,147246000,3996552000,None,None,None,None,None,11298000,2853000,0.535,0.0311,11032000,11032000,None,0.258,-0.02,71093000,82391000,0.41,2021-09-30,9.83,122702000,468728000.0,215047000,71093000,13257000,15251000,15251000,None,138618000,None,2931000,None,None,758993000,None,None,34092000,None,None,None,0.448,46099000,143954000,71093000,3802736000,3996552000,None,None,None,None,None,None,None,3.17,1.158,3.814,None,None,None,None,None,-12651000,None,0.306,None,60860000,2025-10-28,quarterly,0.39,USD,post-market,None,318569000,0.0118,0.0971,0.128,4.56,73522000,1465409000,665665000,1851986000,16.25,16.3,-4.878,6026320000,85028000,4662217000,5505275000,5941292000,843058000,362293000,521045000,12.3,-20214000,18.12,13.2
2025-12-28,FCF,1.39,468728000.0,12.3,None,0.811,14.83,1587000,None,85028000,85028000,-49734000,-192541000,-220181000,None,None,None,None,1798000,71978000,69682000,None,147246000,147246000,3996552000,None,None,None,None,None,11298000,2928000,0.535,0.0311,11063000,11063000,None,0.258,-0.02,71093000,82391000,0.41,2021-06-30,9.83,122702000,468728000.0,215047000,71093000,13257000,15251000,15251000,None,138618000,None,2931000,None,None,758993000,None,None,29619000,None,None,None,0.448,22094000,143954000,71093000,3802736000,3996552000,None,None,None,None,None,None,None,3.17,1.158,3.814,None,None,None,None,None,-1011000,None,0.306,None,60860000,2025-10-28,quarterly,0.39,USD,post-market,None,318569000,0.0118,0.0971,0.128,4.56,73522000,1465409000,665665000,1851986000,16.25,16.3,-4.878,6026320000,85028000,4662217000,5505275000,5941292000,843058000,362293000,521045000,12.3,-20214000,18.12,13.2
2025-12-28,FCF,1.39,468728000.0,12.3,None,0.811,14.83,2322000,None,85028000,85028000,411517000,-314694000,148053000,None,None,None,None,1899000,71978000,69682000,None,147246000,147246000,3996552000,None,None,None,None,None,11298000,3003000,0.535,0.0311,10578000,10578000,None,0.258,-0.02,71093000,82391000,0.41,2021-03-31,9.83,122702000,468728000.0,215047000,71093000,13257000,15251000,15251000,None,138618000,None,2931000,None,None,758993000,None,None,39770000,None,None,None,0.448,51230000,143954000,71093000,3802736000,3996552000,None,None,None,None,None,None,None,3.17,1.158,3.814,None,None,None,None,None,-1643000,None,0.306,None,60860000,2025-10-28,quarterly,0.39,USD,post-market,None,318569000,0.0118,0.0971,0.128,4.56,73522000,1465409000,665665000,1851986000,16.25,16.3,-4.878,6026320000,85028000,4662217000,5505275000,5941292000,843058000,362293000,521045000,12.3,-20214000,18.12,13.2
2025-12-28,FCF,1.39,468728000.0,12.3,None,0.811,14.83,1045000,None,85028000,85028000,-287546000,229155000,-23516000,None,None,None,None,2370000,71978000,69682000,None,147246000,147246000,3996552000,None,None,None,None,None,11298000,2977000,0.535,0.0311,10574000,10574000,None,0.258,-0.02,71093000,82391000,0.41,2020-12-31,9.83,122702000,468728000.0,215047000,71093000,13257000,15251000,15251000,None,138618000,None,2931000,None,None,758993000,None,None,25683000,None,None,None,0.448,34875000,143954000,71093000,3802736000,3996552000,None,None,None,None,None,None,None,3.17,1.158,3.814,None,None,None,None,None,-6532000,None,0.306,None,60860000,2025-10-28,quarterly,0.39,USD,post-market,None,318569000,0.0118,0.0971,0.128,4.56,73522000,1465409000,665665000,1851986000,16.25,16.3,-4.878,6026320000,85028000,4662217000,5505275000,5941292000,843058000,362293000,521045000,12.3,-20214000,18.12,13.2
2025-12-28,FCF,1.39,468728000.0,12.3,None,0.811,14.83,1207000,None,85028000,85028000,-84563000,-12706000,-77636000,None,None,None,None,-2887000,71978000,69682000,None,147246000,147246000,3996552000,None,None,None,None,None,11298000,3127000,0.535,0.0311,10794000,10794000,None,0.258,-0.02,71093000,82391000,0.41,2020-09-30,9.83,122702000,468728000.0,215047000,71093000,13257000,15251000,15251000,None,138618000,None,2931000,None,None,758993000,None,None,19186000,None,None,None,0.448,19633000,143954000,71093000,3802736000,3996552000,None,None,None,None,None,None,None,3.17,1.158,3.814,None,None,None,None,None,-9153000,None,0.306,None,60860000,2025-10-28,quarterly,0.39,USD,post-market,None,318569000,0.0118,0.0971,0.128,4.56,73522000,1465409000,665665000,1851986000,16.25,16.3,-4.878,6026320000,85028000,4662217000,5505275000,5941292000,843058000,362293000,521045000,12.3,-20214000,18.12,13.2
2025-12-28,FCF,1.39,468728000.0,12.3,None,0.811,14.83,1709000,None,85028000,85028000,809870000,-504387000,323558000,None,None,None,None,-9457000,71978000,69682000,None,147246000,147246000,3996552000,None,None,None,None,None,11298000,2623000,0.535,0.0311,10795000,10795000,None,0.258,-0.02,71093000,82391000,0.41,2020-06-30,9.83,122702000,468728000.0,215047000,71093000,13257000,15251000,15251000,None,138618000,None,2931000,None,None,758993000,None,None,23851000,None,None,None,0.448,18075000,143954000,71093000,3802736000,3996552000,None,None,None,None,None,None,None,3.17,1.158,3.814,None,None,None,None,None,222000,None,0.306,None,60860000,2025-10-28,quarterly,0.39,USD,post-market,None,318569000,0.0118,0.0971,0.128,4.56,73522000,1465409000,665665000,1851986000,16.25,16.3,-4.878,6026320000,85028000,4662217000,5505275000,5941292000,843058000,362293000,521045000,12.3,-20214000,18.12,13.2
2025-12-28,FCF,1.39,468728000.0,12.3,None,0.811,14.83,3654000,None,85028000,85028000,174403000,-195200000,12319000,None,None,None,None,-761000,71978000,69682000,None,147246000,147246000,3996552000,None,None,None,None,None,11298000,2926000,0.535,0.0311,10819000,10819000,None,0.258,-0.02,71093000,82391000,0.41,2020-03-31,9.83,122702000,468728000.0,215047000,71093000,13257000,15251000,15251000,None,138618000,None,2931000,None,None,758993000,None,None,4727000,None,None,None,0.448,33116000,143954000,71093000,3802736000,3996552000,None,None,None,None,None,None,None,3.17,1.158,3.814,None,None,None,None,None,-5220000,None,0.306,None,60860000,2025-10-28,quarterly,0.39,USD,post-market,None,318569000,0.0118,0.0971,0.128,4.56,73522000,1465409000,665665000,1851986000,16.25,16.3,-4.878,6026320000,85028000,4662217000,5505275000,5941292000,843058000,362293000,521045000,12.3,-20214000,18.12,13.2
2025-12-28,FCF,1.39,468728000.0,12.3,None,0.811,14.83,3320000,None,85028000,85028000,107771000,-145363000,-6793000,None,None,None,None,533000,71978000,69682000,None,147246000,147246000,3996552000,None,None,None,None,None,11298000,2593000,0.535,0.0311,9832000,9832000,None,0.258,-0.02,71093000,82391000,0.41,2019-12-31,9.83,122702000,468728000.0,215047000,71093000,13257000,15251000,15251000,None,138618000,None,2931000,None,None,758993000,None,None,26820000,None,None,None,0.448,30799000,143954000,71093000,3802736000,3996552000,None,None,None,None,None,None,None,3.17,1.158,3.814,None,None,None,None,None,-59000,None,0.306,None,60860000,2025-10-28,quarterly,0.39,USD,post-market,None,318569000,0.0118,0.0971,0.128,4.56,73522000,1465409000,665665000,1851986000,16.25,16.3,-4.878,6026320000,85028000,4662217000,5505275000,5941292000,843058000,362293000,521045000,12.3,-20214000,18.12,13.2
2025-12-28,FCF,1.39,468728000.0,12.3,None,0.811,14.83,5217000,None,85028000,85028000,-432916000,418565000,32369000,None,None,None,None,1853000,71978000,69682000,None,147246000,147246000,3996552000,None,None,None,None,None,11298000,2690000,0.535,0.0311,9850000,9850000,None,0.258,-0.02,71093000,82391000,0.41,2019-09-30,9.83,122702000,468728000.0,215047000,71093000,13257000,15251000,15251000,None,138618000,None,2931000,None,None,758993000,None,None,26644000,None,None,None,0.448,46720000,143954000,71093000,3802736000,3996552000,None,None,None,None,None,None,None,3.17,1.158,3.814,None,None,None,None,None,-2240000,None,0.306,None,60860000,2025-10-28,quarterly,0.39,USD,post-market,None,318569000,0.0118,0.0971,0.128,4.56,73522000,1465409000,665665000,1851986000,16.25,16.3,-4.878,6026320000,85028000,4662217000,5505275000,5941292000,843058000,362293000,521045000,12.3,-20214000,18.12,13.2
2025-12-28,FCF,1.39,468728000.0,12.3,None,0.811,14.83,4715000,None,85028000,85028000,52697000,-91733000,-27612000,None,None,None,None,383000,71978000,69682000,None,147246000,147246000,3996552000,None,None,None,None,None,11298000,2609000,0.535,0.0311,9850000,9850000,None,0.258,-0.02,71093000,82391000,0.41,2019-06-30,9.83,122702000,468728000.0,215047000,71093000,13257000,15251000,15251000,None,138618000,None,2931000,None,None,758993000,None,None,27280000,None,None,None,0.448,11424000,143954000,71093000,3802736000,3996552000,None,None,None,None,None,None,None,3.17,1.158,3.814,None,None,None,None,None,-2175000,None,0.306,None,60860000,2025-10-28,quarterly,0.39,USD,post-market,None,318569000,0.0118,0.0971,0.128,4.56,73522000,1465409000,665665000,1851986000,16.25,16.3,-4.878,6026320000,85028000,4662217000,5505275000,5941292000,843058000,362293000,521045000,12.3,-20214000,18.12,13.2
2025-12-28,FCF,1.39,468728000.0,12.3,None,0.811,14.83,4128000,None,85028000,85028000,64783000,-58527000,24945000,None,None,None,None,-2346000,71978000,69682000,None,147246000,147246000,3996552000,None,None,None,None,None,11298000,2478000,0.535,0.0311,9862000,9862000,None,0.258,-0.02,71093000,82391000,0.41,2019-03-31,9.83,122702000,468728000.0,215047000,71093000,13257000,15251000,15251000,None,138618000,None,2931000,None,None,758993000,None,None,24589000,None,None,None,0.448,18689000,143954000,71093000,3802736000,3996552000,None,None,None,None,None,None,None,3.17,1.158,3.814,None,None,None,None,None,-1785000,None,0.306,None,60860000,2025-10-28,quarterly,0.39,USD,post-market,None,318569000,0.0118,0.0971,0.128,4.56,73522000,1465409000,665665000,1851986000,16.25,16.3,-4.878,6026320000,85028000,4662217000,5505275000,5941292000,843058000,362293000,521045000,12.3,-20214000,18.12,13.2
2025-12-28,FCF,1.39,468728000.0,12.3,None,0.811,14.83,2737000,None,85028000,85028000,102739000,-141700000,2763000,None,None,None,None,-78000,71978000,69682000,None,147246000,147246000,3996552000,None,None,None,None,None,11298000,2426000,0.535,0.0311,8981000,8981000,None,0.258,-0.02,71093000,82391000,0.41,2018-12-31,9.83,122702000,468728000.0,215047000,71093000,13257000,15251000,15251000,None,138618000,None,2931000,None,None,758993000,None,None,26998000,None,None,None,0.448,41724000,143954000,71093000,3802736000,3996552000,None,None,None,None,None,None,None,3.17,1.158,3.814,None,None,None,None,None,-25053000,None,0.306,None,60860000,2025-10-28,quarterly,0.39,USD,post-market,None,318569000,0.0118,0.0971,0.128,4.56,73522000,1465409000,665665000,1851986000,16.25,16.3,-4.878,6026320000,85028000,4662217000,5505275000,5941292000,843058000,362293000,521045000,12.3,-20214000,18.12,13.2
2025-12-28,FCF,1.39,468728000.0,12.3,None,0.811,14.83,2159000,None,85028000,85028000,14964000,-55695000,-7797000,None,10133000,None,None,-1333000,71978000,69682000,None,147246000,147246000,3996552000,None,None,None,None,None,11298000,2358000,0.535,0.0311,9033000,9033000,None,0.258,-0.02,71093000,82391000,0.41,2018-09-30,9.83,122702000,468728000.0,215047000,71093000,13257000,15251000,15251000,None,138618000,None,2931000,None,None,758993000,None,None,25149000,None,None,None,0.448,32934000,143954000,71093000,3802736000,3996552000,None,None,None,None,None,None,None,3.17,1.158,3.814,None,None,None,None,None,-52000,None,0.306,None,60860000,2025-10-28,quarterly,0.39,USD,post-market,None,318569000,0.0118,0.0971,0.128,4.56,73522000,1465409000,665665000,1851986000,16.25,16.3,-4.878,6026320000,85028000,4662217000,5505275000,5941292000,843058000,362293000,521045000,12.3,-20214000,18.12,13.2
2025-12-28,FCF,1.39,468728000.0,12.3,None,0.811,14.83,2729000,None,85028000,85028000,92162000,-103006000,28359000,None,10253000,None,None,-530000,71978000,69682000,None,147246000,147246000,3996552000,None,None,None,None,None,11298000,882000,0.535,0.0311,9032000,9032000,None,0.258,-0.02,71093000,82391000,0.41,2018-06-30,9.83,122702000,468728000.0,215047000,71093000,13257000,15251000,15251000,None,138618000,None,2931000,None,None,758993000,None,None,32081000,None,None,None,0.448,39203000,143954000,71093000,3802736000,3996552000,None,None,None,None,None,None,None,3.17,1.158,3.814,None,None,None,None,None,-5000,None,0.306,None,60860000,2025-10-28,quarterly,0.39,USD,post-market,None,318569000,0.0118,0.0971,0.128,4.56,73522000,1465409000,665665000,1851986000,16.25,16.3,-4.878,6026320000,85028000,4662217000,5505275000,5941292000,843058000,362293000,521045000,12.3,-20214000,18.12,13.2
2025-12-28,FCF,1.39,468728000.0,12.3,None,0.811,14.83,1974000,None,85028000,85028000,-5725000,-47347000,-31670000,None,7916000,None,None,-620000,71978000,69682000,None,147246000,147246000,3996552000,None,None,None,None,None,11298000,2380000,0.535,0.0311,7803000,7803000,None,0.258,-0.02,71093000,82391000,0.41,2018-03-31,9.83,122702000,468728000.0,215047000,71093000,13257000,15251000,15251000,None,138618000,None,2931000,None,None,758993000,None,None,23270000,None,None,None,0.448,21402000,143954000,71093000,3802736000,3996552000,None,None,None,None,None,None,None,3.17,1.158,3.814,None,None,None,None,None,-1079000,None,0.306,None,60860000,2025-10-28,quarterly,0.39,USD,post-market,None,318569000,0.0118,0.0971,0.128,4.56,73522000,1465409000,665665000,1851986000,16.25,16.3,-4.878,6026320000,85028000,4662217000,5505275000,5941292000,843058000,362293000,521045000,12.3,-20214000,18.12,13.2
2025-12-28,FCF,1.39,468728000.0,12.3,None,0.811,14.83,2056000,None,85028000,85028000,-80941000,35152000,-20736000,None,0,None,None,-726000,71978000,69682000,None,147246000,147246000,3996552000,None,None,None,None,None,11298000,2286000,0.535,0.0311,7796000,7796000,None,0.258,-0.02,71093000,82391000,0.41,2017-12-31,9.83,122702000,468728000.0,215047000,71093000,13257000,15251000,15251000,None,138618000,None,2931000,None,None,758993000,None,None,3981000,None,None,None,0.448,25053000,143954000,71093000,3802736000,3996552000,None,None,None,None,None,None,None,3.17,1.158,3.814,None,None,None,None,None,-271000,None,0.306,None,60860000,2025-10-28,quarterly,0.39,USD,post-market,None,318569000,0.0118,0.0971,0.128,4.56,73522000,1465409000,665665000,1851986000,16.25,16.3,-4.878,6026320000,85028000,4662217000,5505275000,5941292000,843058000,362293000,521045000,12.3,-20214000,18.12,13.2
2025-12-28,FCF,1.39,468728000.0,12.3,None,0.811,14.83,4474000,None,85028000,85028000,-26440000,17046000,12116000,None,0,None,None,-830000,71978000,69682000,None,147246000,147246000,3996552000,None,None,None,None,None,11298000,2297000,0.535,0.0311,7800000,7800000,None,0.258,-0.02,71093000,82391000,0.41,2017-09-30,9.83,122702000,468728000.0,215047000,71093000,13257000,15251000,15251000,None,138618000,None,2931000,None,None,758993000,None,None,21283000,None,None,None,0.448,21510000,143954000,71093000,3802736000,3996552000,None,None,None,None,None,None,None,3.17,1.158,3.814,None,None,None,None,None,-46000,None,0.306,None,60860000,2025-10-28,quarterly,0.39,USD,post-market,None,318569000,0.0118,0.0971,0.128,4.56,73522000,1465409000,665665000,1851986000,16.25,16.3,-4.878,6026320000,85028000,4662217000,5505275000,5941292000,843058000,362293000,521045000,12.3,-20214000,18.12,13.2
2025-12-28,FCF,1.39,468728000.0,12.3,None,0.811,14.83,2955000,None,85028000,85028000,-44189000,22693000,-7192000,None,943000,None,None,580000,71978000,69682000,None,147246000,147246000,3996552000,None,None,None,None,None,11298000,2301000,0.535,0.0311,7798000,7798000,None,0.258,-0.02,71093000,82391000,0.41,2017-06-30,9.83,122702000,468728000.0,215047000,71093000,13257000,15251000,15251000,None,138618000,None,2931000,None,None,758993000,None,None,14013000,None,None,None,0.448,14304000,143954000,71093000,3802736000,3996552000,None,None,None,None,None,None,None,3.17,1.158,3.814,None,None,None,None,None,-39000,None,0.306,None,60860000,2025-10-28,quarterly,0.39,USD,post-market,None,318569000,0.0118,0.0971,0.128,4.56,73522000,1465409000,665665000,1851986000,16.25,16.3,-4.878,6026320000,85028000,4662217000,5505275000,5941292000,843058000,362293000,521045000,12.3,-20214000,18.12,13.2
2025-12-28,FCF,1.39,468728000.0,12.3,None,0.811,14.83,1531000,None,85028000,85028000,107677000,-127688000,7427000,None,2249000,None,None,-338000,71978000,69682000,None,147246000,147246000,3996552000,None,None,None,None,None,11298000,2113000,0.535,0.0311,7119000,7119000,None,0.258,-0.02,71093000,82391000,0.41,2017-03-31,9.83,122702000,468728000.0,215047000,71093000,13257000,15251000,15251000,None,138618000,None,2931000,None,None,758993000,None,None,15888000,None,None,None,0.448,27438000,143954000,71093000,3802736000,3996552000,None,None,None,None,None,None,None,3.17,1.158,3.814,None,None,None,None,None,-1102000,None,0.306,None,60860000,2025-10-28,quarterly,0.39,USD,post-market,None,318569000,0.0118,0.0971,0.128,4.56,73522000,1465409000,665665000,1851986000,16.25,16.3,-4.878,6026320000,85028000,4662217000,5505275000,5941292000,843058000,362293000,521045000,12.3,-20214000,18.12,13.2
2025-12-28,FCF,1.39,468728000.0,12.3,None,0.811,14.83,1550000,None,85028000,85028000,-599968000,604709000,34124000,None,2759000,None,None,-527000,71978000,69682000,None,147246000,147246000,3996552000,None,None,None,None,None,11298000,1882000,0.535,0.0311,6229000,6229000,None,0.258,-0.02,71093000,82391000,0.41,2016-12-31,9.83,122702000,468728000.0,215047000,71093000,13257000,15251000,15251000,None,138618000,None,2931000,None,None,758993000,None,None,17914000,None,None,None,0.448,29383000,143954000,71093000,3802736000,3996552000,None,None,None,None,None,None,None,3.17,1.158,3.814,None,None,None,None,None,864000,None,0.306,None,60860000,2025-10-28,quarterly,0.39,USD,post-market,None,318569000,0.0118,0.0971,0.128,4.56,73522000,1465409000,665665000,1851986000,16.25,16.3,-4.878,6026320000,85028000,4662217000,5505275000,5941292000,843058000,362293000,521045000,12.3,-20214000,18.12,13.2
2025-12-28,FCF,1.39,468728000.0,12.3,None,0.811,14.83,1310000,None,85028000,85028000,-76137000,36654000,-17067000,None,730000,None,None,265000,71978000,69682000,None,147246000,147246000,3996552000,None,None,None,None,None,11298000,1753000,0.535,0.0311,6227000,6227000,None,0.258,-0.02,71093000,82391000,0.41,2016-09-30,9.83,122702000,468728000.0,215047000,71093000,13257000,15251000,15251000,None,138618000,None,2931000,None,None,758993000,None,None,17196000,None,None,None,0.448,22416000,143954000,71093000,3802736000,3996552000,None,None,None,None,None,None,None,3.17,1.158,3.814,None,None,None,None,None,38000,None,0.306,None,60860000,2025-10-28,quarterly,0.39,USD,post-market,None,318569000,0.0118,0.0971,0.128,4.56,73522000,1465409000,665665000,1851986000,16.25,16.3,-4.878,6026320000,85028000,4662217000,5505275000,5941292000,843058000,362293000,521045000,12.3,-20214000,18.12,13.2
2025-12-28,FCF,1.39,468728000.0,12.3,None,0.811,14.83,1950000,None,85028000,85028000,32344000,-24771000,25455000,None,0,None,None,596000,71978000,69682000,None,147246000,147246000,3996552000,None,None,None,None,None,11298000,1741000,0.535,0.0311,6227000,6227000,None,0.258,-0.02,71093000,82391000,0.41,2016-06-30,9.83,122702000,468728000.0,215047000,71093000,13257000,15251000,15251000,None,138618000,None,2931000,None,None,758993000,None,None,12007000,None,None,None,0.448,17882000,143954000,71093000,3802736000,3996552000,None,None,None,None,None,None,None,3.17,1.158,3.814,None,None,None,None,None,-414000,None,0.306,None,60860000,2025-10-28,quarterly,0.39,USD,post-market,None,318569000,0.0118,0.0971,0.128,4.56,73522000,1465409000,665665000,1851986000,16.25,16.3,-4.878,6026320000,85028000,4662217000,5505275000,5941292000,843058000,362293000,521045000,12.3,-20214000,18.12,13.2
2025-12-28,FCF,1.39,468728000.0,12.3,None,0.811,14.83,2251000,None,85028000,85028000,106939000,-122818000,3713000,None,589000,None,None,-911000,71978000,69682000,None,147246000,147246000,3996552000,None,None,None,None,None,11298000,1740000,0.535,0.0311,6224000,6224000,None,0.258,-0.02,71093000,82391000,0.41,2016-03-31,9.83,122702000,468728000.0,215047000,71093000,13257000,15251000,15251000,None,138618000,None,2931000,None,None,758993000,None,None,12473000,None,None,None,0.448,19592000,143954000,71093000,3802736000,3996552000,None,None,None,None,None,None,None,3.17,1.158,3.814,None,None,None,None,None,-488000,None,0.306,None,60860000,2025-10-28,quarterly,0.39,USD,post-market,None,318569000,0.0118,0.0971,0.128,4.56,73522000,1465409000,665665000,1851986000,16.25,16.3,-4.878,6026320000,85028000,4662217000,5505275000,5941292000,843058000,362293000,521045000,12.3,-20214000,18.12,13.2
2025-12-28,FCF,1.39,468728000.0,12.3,None,0.811,14.83,1147000,None,85028000,85028000,89156000,-112834000,-3312000,None,0,None,None,126000,71978000,69682000,None,147246000,147246000,3996552000,None,None,None,None,None,11298000,1890000,0.535,0.0311,6227000,6227000,None,0.258,-0.02,71093000,82391000,0.41,2015-12-31,9.83,122702000,468728000.0,215047000,71093000,13257000,15251000,15251000,None,138618000,None,2931000,None,None,758993000,None,None,10061000,None,None,None,0.448,20366000,143954000,71093000,3802736000,3996552000,None,None,None,None,None,None,None,3.17,1.158,3.814,None,None,None,None,None,25383000,None,0.306,None,60860000,2025-10-28,quarterly,0.39,USD,post-market,None,318569000,0.0118,0.0971,0.128,4.56,73522000,1465409000,665665000,1851986000,16.25,16.3,-4.878,6026320000,85028000,4662217000,5505275000,5941292000,843058000,362293000,521045000,12.3,-20214000,18.12,13.2
2025-12-28,FCF,1.39,468728000.0,12.3,None,0.811,14.83,1219000,None,85028000,85028000,42899000,-67310000,5323000,None,0,None,None,-241000,71978000,69682000,None,147246000,147246000,3996552000,None,None,None,None,None,11298000,1948000,0.535,0.0311,6227000,6227000,None,0.258,-0.02,71093000,82391000,0.41,2015-09-30,9.83,122702000,468728000.0,215047000,71093000,13257000,15251000,15251000,None,138618000,None,2931000,None,None,758993000,None,None,12414000,None,None,None,0.448,29734000,143954000,71093000,3802736000,3996552000,None,None,None,None,None,None,None,3.17,1.158,3.814,None,None,None,None,None,0,None,0.306,None,60860000,2025-10-28,quarterly,0.39,USD,post-market,None,318569000,0.0118,0.0971,0.128,4.56,73522000,1465409000,665665000,1851986000,16.25,16.3,-4.878,6026320000,85028000,4662217000,5505275000,5941292000,843058000,362293000,521045000,12.3,-20214000,18.12,13.2
2025-12-28,FCF,1.39,468728000.0,12.3,None,0.811,14.83,856000,None,85028000,85028000,-15380000,10616000,2156000,None,0,None,None,201000,71978000,69682000,None,147246000,147246000,3996552000,None,None,None,None,None,11298000,1903000,0.535,0.0311,6228000,6228000,None,0.258,-0.02,71093000,82391000,0.41,2015-06-30,9.83,122702000,468728000.0,215047000,71093000,13257000,15251000,15251000,None,138618000,None,2931000,None,None,758993000,None,None,13447000,None,None,None,0.448,6920000,143954000,71093000,3802736000,3996552000,None,None,None,None,None,None,None,3.17,1.158,3.814,None,None,None,None,None,-6962000,None,0.306,None,60860000,2025-10-28,quarterly,0.39,USD,post-market,None,318569000,0.0118,0.0971,0.128,4.56,73522000,1465409000,665665000,1851986000,16.25,16.3,-4.878,6026320000,85028000,4662217000,5505275000,5941292000,843058000,362293000,521045000,12.3,-20214000,18.12,13.2
2025-12-28,FCF,1.39,468728000.0,12.3,None,0.811,14.83,1665000,None,85028000,85028000,-52079000,27095000,-9253000,None,90000,None,None,-127000,71978000,69682000,None,147246000,147246000,3996552000,None,None,None,None,None,11298000,1899000,0.535,0.0311,6407000,6407000,None,0.258,-0.02,71093000,82391000,0.41,2015-03-31,9.83,122702000,468728000.0,215047000,71093000,13257000,15251000,15251000,None,138618000,None,2931000,None,None,758993000,None,None,14221000,None,None,None,0.448,15731000,143954000,71093000,3802736000,3996552000,None,None,None,None,None,None,None,3.17,1.158,3.814,None,None,None,None,None,-18421000,None,0.306,None,60860000,2025-10-28,quarterly,0.39,USD,post-market,None,318569000,0.0118,0.0971,0.128,4.56,73522000,1465409000,665665000,1851986000,16.25,16.3,-4.878,6026320000,85028000,4662217000,5505275000,5941292000,843058000,362293000,521045000,12.3,-20214000,18.12,13.2
2025-12-28,FCF,1.39,468728000.0,12.3,None,0.811,14.83,1199000,None,85028000,85028000,-19497000,-14556000,-9532000,None,0,None,None,881000,71978000,69682000,None,147246000,147246000,3996552000,None,None,None,None,None,11298000,2062000,0.535,0.0311,6420000,6420000,None,0.258,-0.02,71093000,82391000,0.41,2014-12-31,9.83,122702000,468728000.0,215047000,71093000,13257000,15251000,15251000,None,138618000,None,2931000,None,None,758993000,None,None,7729000,None,None,None,0.448,24521000,143954000,71093000,3802736000,3996552000,None,None,None,None,None,None,None,3.17,1.158,3.814,None,None,None,None,None,-28000,None,0.306,None,60860000,2025-10-28,quarterly,0.39,USD,post-market,None,318569000,0.0118,0.0971,0.128,4.56,73522000,1465409000,665665000,1851986000,16.25,16.3,-4.878,6026320000,85028000,4662217000,5505275000,5941292000,843058000,362293000,521045000,12.3,-20214000,18.12,13.2
2025-12-28,FCF,1.39,468728000.0,12.3,None,0.811,14.83,3552000,None,85028000,85028000,56818000,-81638000,-13941000,None,0,None,None,-1007000,71978000,69682000,None,147246000,147246000,3996552000,None,None,None,None,None,11298000,3223000,0.535,0.0311,6549000,6549000,None,0.258,-0.02,71093000,82391000,0.41,2014-09-30,9.83,122702000,468728000.0,215047000,71093000,13257000,15251000,15251000,None,138618000,None,2931000,None,None,758993000,None,None,12496000,None,None,None,0.448,10879000,143954000,71093000,3802736000,3996552000,None,None,None,None,None,None,None,3.17,1.158,3.814,None,None,None,None,None,-17559000,None,0.306,None,60860000,2025-10-28,quarterly,0.39,USD,post-market,None,318569000,0.0118,0.0971,0.128,4.56,73522000,1465409000,665665000,1851986000,16.25,16.3,-4.878,6026320000,85028000,4662217000,5505275000,5941292000,843058000,362293000,521045000,12.3,-20214000,18.12,13.2
2025-12-28,FCF,1.39,468728000.0,12.3,None,0.811,14.83,3989000,None,85028000,85028000,66836000,-86099000,6597000,None,0,None,None,-21000,71978000,69682000,None,147246000,147246000,3996552000,None,None,None,None,None,11298000,4126000,0.535,0.0311,6587000,6587000,None,0.258,-0.02,71093000,82391000,0.41,2014-06-30,9.83,122702000,468728000.0,215047000,71093000,13257000,15251000,15251000,None,138618000,None,2931000,None,None,758993000,None,None,11928000,None,None,None,0.448,25860000,143954000,71093000,3802736000,3996552000,None,None,None,None,None,None,None,3.17,1.158,3.814,None,None,None,None,None,-4661000,None,0.306,None,60860000,2025-10-28,quarterly,0.39,USD,post-market,None,318569000,0.0118,0.0971,0.128,4.56,73522000,1465409000,665665000,1851986000,16.25,16.3,-4.878,6026320000,85028000,4662217000,5505275000,5941292000,843058000,362293000,521045000,12.3,-20214000,18.12,13.2
2025-12-28,FCF,1.39,468728000.0,12.3,None,0.811,14.83,2240000,None,85028000,85028000,-25140000,18238000,13975000,None,0,None,None,689000,71978000,69682000,None,147246000,147246000,3996552000,None,None,None,None,None,11298000,4310000,0.535,0.0311,6618000,6618000,None,0.258,-0.02,71093000,82391000,0.41,2014-03-31,9.83,122702000,468728000.0,215047000,71093000,13257000,15251000,15251000,None,138618000,None,2931000,None,None,758993000,None,None,12300000,None,None,None,0.448,20877000,143954000,71093000,3802736000,3996552000,None,None,None,None,None,None,None,3.17,1.158,3.814,None,None,None,None,None,-8708000,None,0.306,None,60860000,2025-10-28,quarterly,0.39,USD,post-market,None,318569000,0.0118,0.0971,0.128,4.56,73522000,1465409000,665665000,1851986000,16.25,16.3,-4.878,6026320000,85028000,4662217000,5505275000,5941292000,843058000,362293000,521045000,12.3,-20214000,18.12,13.2
2025-12-28,FCF,1.39,468728000.0,12.3,None,0.811,14.83,5059000,None,85028000,85028000,51333000,-85043000,-15817000,None,0,None,None,-886000,71978000,69682000,None,147246000,147246000,3996552000,None,None,None,None,None,11298000,4191000,0.535,0.0311,5714000,5714000,None,0.258,-0.02,71093000,82391000,0.41,2013-12-31,9.83,122702000,468728000.0,215047000,71093000,13257000,15251000,15251000,None,138618000,None,2931000,None,None,758993000,None,None,9259000,None,None,None,0.448,17893000,143954000,71093000,3802736000,3996552000,None,None,None,None,None,None,None,3.17,1.158,3.814,None,None,None,None,None,-3886000,None,0.306,None,60860000,2025-10-28,quarterly,0.39,USD,post-market,None,318569000,0.0118,0.0971,0.128,4.56,73522000,1465409000,665665000,1851986000,16.25,16.3,-4.878,6026320000,85028000,4662217000,5505275000,5941292000,843058000,362293000,521045000,12.3,-20214000,18.12,13.2
2025-12-28,FCF,1.39,468728000.0,12.3,None,0.811,14.83,1470000,None,85028000,85028000,-16448000,3573000,11274000,None,0,None,None,1201000,71978000,69682000,None,147246000,147246000,3996552000,None,None,None,None,None,11298000,2163000,0.535,0.0311,5788000,5788000,None,0.258,-0.02,71093000,82391000,0.41,2013-09-30,9.83,122702000,468728000.0,215047000,71093000,13257000,15251000,15251000,None,138618000,None,2931000,None,None,758993000,None,None,15854000,None,None,None,0.448,24149000,143954000,71093000,3802736000,3996552000,None,None,None,None,None,None,None,3.17,1.158,3.814,None,None,None,None,None,-5084000,None,0.306,None,60860000,2025-10-28,quarterly,0.39,USD,post-market,None,318569000,0.0118,0.0971,0.128,4.56,73522000,1465409000,665665000,1851986000,16.25,16.3,-4.878,6026320000,85028000,4662217000,5505275000,5941292000,843058000,362293000,521045000,12.3,-20214000,18.12,13.2
2025-12-28,FCF,1.39,468728000.0,12.3,None,0.811,14.83,942000,None,85028000,85028000,64264000,-68924000,26211000,None,0,None,None,864000,71978000,69682000,None,147246000,147246000,3996552000,None,None,None,None,None,11298000,2339000,0.535,0.0311,5866000,5866000,None,0.258,-0.02,71093000,82391000,0.41,2013-06-30,9.83,122702000,468728000.0,215047000,71093000,13257000,15251000,15251000,None,138618000,None,2931000,None,None,758993000,None,None,5816000,None,None,None,0.448,30871000,143954000,71093000,3802736000,3996552000,None,None,None,None,None,None,None,3.17,1.158,3.814,None,None,None,None,None,-20865000,None,0.306,None,60860000,2025-10-28,quarterly,0.39,USD,post-market,None,318569000,0.0118,0.0971,0.128,4.56,73522000,1465409000,665665000,1851986000,16.25,16.3,-4.878,6026320000,85028000,4662217000,5505275000,5941292000,843058000,362293000,521045000,12.3,-20214000,18.12,13.2
2025-12-28,FCF,1.39,468728000.0,12.3,None,0.811,14.83,2164000,None,85028000,85028000,96854000,-156886000,-47211000,None,0,None,None,-258000,71978000,69682000,None,147246000,147246000,3996552000,None,None,None,None,None,11298000,2397000,0.535,0.0311,4976000,4976000,None,0.258,-0.02,71093000,82391000,0.41,2013-03-31,9.83,122702000,468728000.0,215047000,71093000,13257000,15251000,15251000,None,138618000,None,2931000,None,None,758993000,None,None,10553000,None,None,None,0.448,12821000,143954000,71093000,3802736000,3996552000,None,None,None,None,None,None,None,3.17,1.158,3.814,None,None,None,None,None,-3604000,None,0.306,None,60860000,2025-10-28,quarterly,0.39,USD,post-market,None,318569000,0.0118,0.0971,0.128,4.56,73522000,1465409000,665665000,1851986000,16.25,16.3,-4.878,6026320000,85028000,4662217000,5505275000,5941292000,843058000,362293000,521045000,12.3,-20214000,18.12,13.2
2025-12-28,FCF,1.39,468728000.0,12.3,None,0.811,14.83,3714000,None,85028000,85028000,25928000,-36138000,13918000,None,0,None,None,1263000,71978000,69682000,None,147246000,147246000,3996552000,None,None,None,None,None,11298000,2176000,0.535,0.0311,5126000,5126000,None,0.258,-0.02,71093000,82391000,0.41,2012-12-31,9.83,122702000,468728000.0,215047000,71093000,13257000,15251000,15251000,None,138618000,None,2931000,None,None,758993000,None,None,8735000,None,None,None,0.448,24128000,143954000,71093000,3802736000,3996552000,None,None,None,None,None,None,None,3.17,1.158,3.814,None,None,None,None,None,-27130000,None,0.306,None,60860000,2025-10-28,quarterly,0.39,USD,post-market,None,318569000,0.0118,0.0971,0.128,4.56,73522000,1465409000,665665000,1851986000,16.25,16.3,-4.878,6026320000,85028000,4662217000,5505275000,5941292000,843058000,362293000,521045000,12.3,-20214000,18.12,13.2
2025-12-28,FCF,1.39,468728000.0,12.3,None,0.811,14.83,2446000,None,85028000,85028000,7578000,-22006000,2566000,None,0,None,None,395000,71978000,69682000,None,147246000,147246000,3996552000,None,None,None,None,None,11298000,1936000,0.535,0.0311,5231000,5231000,None,0.258,-0.02,71093000,82391000,0.41,2012-09-30,9.83,122702000,468728000.0,215047000,71093000,13257000,15251000,15251000,None,138618000,None,2931000,None,None,758993000,None,None,9847000,None,None,None,0.448,16994000,143954000,71093000,3802736000,3996552000,None,None,None,None,None,None,None,3.17,1.158,3.814,None,None,None,None,None,-7300000,None,0.306,None,60860000,2025-10-28,quarterly,0.39,USD,post-market,None,318569000,0.0118,0.0971,0.128,4.56,73522000,1465409000,665665000,1851986000,16.25,16.3,-4.878,6026320000,85028000,4662217000,5505275000,5941292000,843058000,362293000,521045000,12.3,-20214000,18.12,13.2
2025-12-28,FCF,1.39,468728000.0,12.3,None,0.811,14.83,1218000,None,85028000,85028000,-39033000,26092000,4946000,None,0,None,None,679000,71978000,69682000,None,147246000,147246000,3996552000,None,None,None,None,None,11298000,2280000,0.535,0.0311,5255000,5255000,None,0.258,-0.02,71093000,82391000,0.41,2012-06-30,9.83,122702000,468728000.0,215047000,71093000,13257000,15251000,15251000,None,138618000,None,2931000,None,None,758993000,None,None,12321000,None,None,None,0.448,17887000,143954000,71093000,3802736000,3996552000,None,None,None,None,None,None,None,3.17,1.158,3.814,None,None,None,None,None,-1812000,None,0.306,None,60860000,2025-10-28,quarterly,0.39,USD,post-market,None,318569000,0.0118,0.0971,0.128,4.56,73522000,1465409000,665665000,1851986000,16.25,16.3,-4.878,6026320000,85028000,4662217000,5505275000,5941292000,843058000,362293000,521045000,12.3,-20214000,18.12,13.2
2025-12-28,FCF,1.39,468728000.0,12.3,None,0.811,14.83,2804000,None,85028000,85028000,122689000,-139330000,3074000,None,0,None,None,352000,71978000,69682000,None,147246000,147246000,3996552000,None,None,None,None,None,11298000,1520000,0.535,0.0311,3147000,3147000,None,0.258,-0.02,71093000,82391000,0.41,2012-03-31,9.83,122702000,468728000.0,215047000,71093000,13257000,15251000,15251000,None,138618000,None,2931000,None,None,758993000,None,None,11051000,None,None,None,0.448,19715000,143954000,71093000,3802736000,3996552000,None,None,None,None,None,None,None,3.17,1.158,3.814,None,None,None,None,None,85363000,None,0.306,None,60860000,2025-10-28,quarterly,0.39,USD,post-market,None,318569000,0.0118,0.0971,0.128,4.56,73522000,1465409000,665665000,1851986000,16.25,16.3,-4.878,6026320000,85028000,4662217000,5505275000,5941292000,843058000,362293000,521045000,12.3,-20214000,18.12,13.2
2025-12-28,FCF,1.39,468728000.0,12.3,None,0.811,14.83,1778000,None,85028000,85028000,185154000,-221698000,None,None,604000,None,None,None,71978000,69682000,None,147246000,147246000,3996552000,None,None,None,None,None,11298000,1968000,0.535,0.0311,3140000,3140000,None,0.258,-0.02,71093000,82391000,0.41,2011-12-31,9.83,122702000,468728000.0,215047000,71093000,13257000,15251000,15251000,None,138618000,None,2931000,None,None,758993000,None,None,-5717000,None,None,None,0.448,25176000,143954000,71093000,3802736000,3996552000,None,None,None,None,None,None,None,3.17,1.158,3.814,None,None,None,None,None,166292000,None,0.306,None,60860000,2025-10-28,quarterly,0.39,USD,post-market,None,318569000,0.0118,0.0971,0.128,4.56,73522000,1465409000,665665000,1851986000,16.25,16.3,-4.878,6026320000,85028000,4662217000,5505275000,5941292000,843058000,362293000,521045000,12.3,-20214000,18.12,13.2
2025-12-28,FCF,1.39,468728000.0,12.3,None,0.811,14.83,2312000,None,85028000,85028000,-42682000,-17751000,None,None,0,None,None,None,71978000,69682000,None,147246000,147246000,3996552000,None,None,None,None,None,11298000,2231000,0.535,0.0311,3140000,3140000,None,0.258,-0.02,71093000,82391000,0.41,2011-09-30,9.83,122702000,468728000.0,215047000,71093000,13257000,15251000,15251000,None,138618000,None,2931000,None,None,758993000,None,None,8326000,None,None,None,0.448,19772000,143954000,71093000,3802736000,3996552000,None,None,None,None,None,None,None,3.17,1.158,3.814,None,None,None,None,None,144000,None,0.306,None,60860000,2025-10-28,quarterly,0.39,USD,post-market,None,318569000,0.0118,0.0971,0.128,4.56,73522000,1465409000,665665000,1851986000,16.25,16.3,-4.878,6026320000,85028000,4662217000,5505275000,5941292000,843058000,362293000,521045000,12.3,-20214000,18.12,13.2
2025-12-28,FCF,1.39,468728000.0,12.3,None,0.811,14.83,2760000,None,85028000,85028000,-90344000,67723000,None,None,0,None,None,None,71978000,69682000,None,147246000,147246000,3996552000,None,None,None,None,None,11298000,2420000,0.535,0.0311,3140000,3140000,None,0.258,-0.02,71093000,82391000,0.41,2011-06-30,9.83,122702000,468728000.0,215047000,71093000,13257000,15251000,15251000,None,138618000,None,2931000,None,None,758993000,None,None,7419000,None,None,None,0.448,19809000,143954000,71093000,3802736000,3996552000,None,None,None,None,None,None,None,3.17,1.158,3.814,None,None,None,None,None,-93809000,None,0.306,None,60860000,2025-10-28,quarterly,0.39,USD,post-market,None,318569000,0.0118,0.0971,0.128,4.56,73522000,1465409000,665665000,1851986000,16.25,16.3,-4.878,6026320000,85028000,4662217000,5505275000,5941292000,843058000,362293000,521045000,12.3,-20214000,18.12,13.2
2025-12-28,FCF,1.39,468728000.0,12.3,None,0.811,14.83,1470000,None,85028000,85028000,-47670000,91769000,None,None,1587000,None,None,None,71978000,69682000,None,147246000,147246000,3996552000,None,None,None,None,None,11298000,2407000,0.535,0.0311,3138000,3138000,None,0.258,-0.02,71093000,82391000,0.41,2011-03-31,9.83,122702000,468728000.0,215047000,71093000,13257000,15251000,15251000,None,138618000,None,2931000,None,None,758993000,None,None,5246000,None,None,None,0.448,19362000,143954000,71093000,3802736000,3996552000,None,None,None,None,None,None,None,3.17,1.158,3.814,None,None,None,None,None,-657000,None,0.306,None,60860000,2025-10-28,quarterly,0.39,USD,post-market,None,318569000,0.0118,0.0971,0.128,4.56,73522000,1465409000,665665000,1851986000,16.25,16.3,-4.878,6026320000,85028000,4662217000,5505275000,5941292000,843058000,362293000,521045000,12.3,-20214000,18.12,13.2
2025-12-28,FCF,1.39,468728000.0,12.3,None,0.811,14.83,812000,None,85028000,85028000,-105170000,11581000,None,None,None,None,None,None,71978000,69682000,None,147246000,147246000,3996552000,None,None,None,None,None,11298000,2565000,0.535,0.0311,1045000,1045000,None,0.258,-0.02,71093000,82391000,0.41,2010-12-31,9.83,122702000,468728000.0,215047000,71093000,13257000,15251000,15251000,None,138618000,None,2931000,None,None,758993000,None,None,11945000,None,None,None,0.448,28028000,143954000,71093000,3802736000,3996552000,None,None,None,None,None,None,None,3.17,1.158,3.814,None,None,None,None,None,-1000,None,0.306,None,60860000,2025-10-28,quarterly,0.39,USD,post-market,None,318569000,0.0118,0.0971,0.128,4.56,73522000,1465409000,665665000,1851986000,16.25,16.3,-4.878,6026320000,85028000,4662217000,5505275000,5941292000,843058000,362293000,521045000,12.3,-20214000,18.12,13.2
2025-12-28,FCF,1.39,468728000.0,12.3,None,0.811,14.83,1166000,None,85028000,85028000,-158773000,183286000,None,None,0,None,None,None,71978000,69682000,None,147246000,147246000,3996552000,None,None,None,None,None,11298000,2563000,0.535,0.0311,859000,859000,None,0.258,-0.02,71093000,82391000,0.41,2010-09-30,9.83,122702000,468728000.0,215047000,71093000,13257000,15251000,15251000,None,138618000,None,2931000,None,None,758993000,None,None,10659000,None,None,None,0.448,22548000,143954000,71093000,3802736000,3996552000,None,None,None,None,None,None,None,3.17,1.158,3.814,None,None,None,None,None,-27998000,None,0.306,None,60860000,2025-10-28,quarterly,0.39,USD,post-market,None,318569000,0.0118,0.0971,0.128,4.56,73522000,1465409000,665665000,1851986000,16.25,16.3,-4.878,6026320000,85028000,4662217000,5505275000,5941292000,843058000,362293000,521045000,12.3,-20214000,18.12,13.2
2025-12-28,FCF,1.39,468728000.0,12.3,None,0.811,14.83,1048000,None,85028000,85028000,-314411000,233895000,None,None,0,None,None,None,71978000,69682000,None,147246000,147246000,3996552000,None,None,None,None,None,11298000,2815000,0.535,0.0311,858000,858000,None,0.258,-0.02,71093000,82391000,0.41,2010-06-30,9.83,122702000,468728000.0,215047000,71093000,13257000,15251000,15251000,None,138618000,None,2931000,None,None,758993000,None,None,13542000,None,None,None,0.448,32665000,143954000,71093000,3802736000,3996552000,None,None,None,None,None,None,None,3.17,1.158,3.814,None,None,None,None,None,157761000,None,0.306,None,60860000,2025-10-28,quarterly,0.39,USD,post-market,None,318569000,0.0118,0.0971,0.128,4.56,73522000,1465409000,665665000,1851986000,16.25,16.3,-4.878,6026320000,85028000,4662217000,5505275000,5941292000,843058000,362293000,521045000,12.3,-20214000,18.12,13.2
2025-12-28,FCF,1.39,468728000.0,12.3,None,0.811,14.83,1860000,None,85028000,85028000,-94849000,113870000,None,None,None,None,None,None,71978000,69682000,None,147246000,147246000,3996552000,None,None,None,None,None,11298000,2764000,0.535,0.0311,2544000,2544000,None,0.258,-0.02,71093000,82391000,0.41,2010-03-31,9.83,122702000,468728000.0,215047000,71093000,13257000,15251000,15251000,None,138618000,None,2931000,None,None,758993000,None,None,-13168000,None,None,None,0.448,27629000,143954000,71093000,3802736000,3996552000,None,None,None,None,None,None,None,3.17,1.158,3.814,None,None,None,None,None,11522000,None,0.306,None,60860000,2025-10-28,quarterly,0.39,USD,post-market,None,318569000,0.0118,0.0971,0.128,4.56,73522000,1465409000,665665000,1851986000,16.25,16.3,-4.878,6026320000,85028000,4662217000,5505275000,5941292000,843058000,362293000,521045000,12.3,-20214000,18.12,13.2
2025-12-28,FCF,1.39,468728000.0,12.3,None,0.811,14.83,803000,None,85028000,85028000,-57949000,70630000,None,None,None,None,None,None,71978000,69682000,None,147246000,147246000,3996552000,None,None,None,None,None,11298000,2315000,0.535,0.0311,2536000,2536000,None,0.258,-0.02,71093000,82391000,0.41,2009-12-31,9.83,122702000,468728000.0,215047000,71093000,13257000,15251000,15251000,None,138618000,None,2931000,None,None,758993000,None,None,2729000,None,None,None,0.448,-3143000,143954000,71093000,3802736000,3996552000,None,None,None,None,None,None,None,3.17,1.158,3.814,None,None,None,None,None,None,None,0.306,None,60860000,2025-10-28,quarterly,0.39,USD,post-market,None,318569000,0.0118,0.0971,0.128,4.56,73522000,1465409000,665665000,1851986000,16.25,16.3,-4.878,6026320000,85028000,4662217000,5505275000,5941292000,843058000,362293000,521045000,12.3,-20214000,18.12,13.2
2025-12-28,FCF,1.39,468728000.0,12.3,None,0.811,14.83,1865000,None,85028000,85028000,53739000,-75403000,None,None,None,None,None,None,71978000,69682000,None,147246000,147246000,3996552000,None,None,None,None,None,11298000,2493000,0.535,0.0311,2537000,2537000,None,0.258,-0.02,71093000,82391000,0.41,2009-09-30,9.83,122702000,468728000.0,215047000,71093000,13257000,15251000,15251000,None,138618000,None,2931000,None,None,758993000,None,None,-5861000,None,None,None,0.448,16383000,143954000,71093000,3802736000,3996552000,None,None,None,None,None,None,None,3.17,1.158,3.814,None,None,None,None,None,91603000,None,0.306,None,60860000,2025-10-28,quarterly,0.39,USD,post-market,None,318569000,0.0118,0.0971,0.128,4.56,73522000,1465409000,665665000,1851986000,16.25,16.3,-4.878,6026320000,85028000,4662217000,5505275000,5941292000,843058000,362293000,521045000,12.3,-20214000,18.12,13.2
2025-12-28,FCF,1.39,468728000.0,12.3,None,0.811,14.83,1179000,None,85028000,85028000,42163000,-79926000,None,None,None,None,None,None,71978000,69682000,None,147246000,147246000,3996552000,None,None,None,None,None,11298000,1922000,0.535,0.0311,10206000,10206000,None,0.258,-0.02,71093000,82391000,0.41,2009-06-30,9.83,122702000,468728000.0,215047000,71093000,13257000,15251000,15251000,None,138618000,None,2931000,None,None,758993000,None,None,-18619000,None,None,None,0.448,29419000,143954000,71093000,3802736000,3996552000,None,None,None,None,None,None,None,3.17,1.158,3.814,None,None,None,None,None,None,None,0.306,None,60860000,2025-10-28,quarterly,0.39,USD,post-market,None,318569000,0.0118,0.0971,0.128,4.56,73522000,1465409000,665665000,1851986000,16.25,16.3,-4.878,6026320000,85028000,4662217000,5505275000,5941292000,843058000,362293000,521045000,12.3,-20214000,18.12,13.2
2025-12-28,FCF,1.39,468728000.0,12.3,None,0.811,14.83,2808000,None,85028000,85028000,-3254000,-6236000,None,None,None,None,None,None,71978000,69682000,None,147246000,147246000,3996552000,None,None,None,None,None,11298000,3076000,0.535,0.0311,14398000,14398000,None,0.258,-0.02,71093000,82391000,0.41,2009-03-31,9.83,122702000,468728000.0,215047000,71093000,13257000,15251000,15251000,None,138618000,None,2931000,None,None,758993000,None,None,1687000,None,None,None,0.448,14575000,143954000,71093000,3802736000,3996552000,None,None,None,None,None,None,None,3.17,1.158,3.814,None,None,None,None,None,11250000,None,0.306,None,60860000,2025-10-28,quarterly,0.39,USD,post-market,None,318569000,0.0118,0.0971,0.128,4.56,73522000,1465409000,665665000,1851986000,16.25,16.3,-4.878,6026320000,85028000,4662217000,5505275000,5941292000,843058000,362293000,521045000,12.3,-20214000,18.12,13.2
2025-12-28,FCF,1.39,468728000.0,12.3,None,0.811,14.83,9963000,None,85028000,85028000,179245000,-211231000,None,None,None,None,None,None,71978000,69682000,None,147246000,147246000,3996552000,None,None,None,None,None,11298000,2392000,0.535,0.0311,12384000,12384000,None,0.258,-0.02,71093000,82391000,0.41,2008-12-31,9.83,122702000,468728000.0,215047000,71093000,13257000,15251000,15251000,None,138618000,None,2931000,None,None,758993000,None,None,8889000,None,None,None,0.448,26936000,143954000,71093000,3802736000,3996552000,None,None,None,None,None,None,None,3.17,1.158,3.814,None,None,None,None,None,354965000,None,0.306,None,60860000,2025-10-28,quarterly,0.39,USD,post-market,None,318569000,0.0118,0.0971,0.128,4.56,73522000,1465409000,665665000,1851986000,16.25,16.3,-4.878,6026320000,85028000,4662217000,5505275000,5941292000,843058000,362293000,521045000,12.3,-20214000,18.12,13.2
2025-12-28,FCF,1.39,468728000.0,12.3,None,0.811,14.83,2804000,None,85028000,85028000,-36978000,15592000,None,None,None,None,None,None,71978000,69682000,None,147246000,147246000,3996552000,None,None,None,None,None,11298000,4480000,0.535,0.0311,12331000,12331000,None,0.258,-0.02,71093000,82391000,0.41,2008-09-30,9.83,122702000,468728000.0,215047000,71093000,13257000,15251000,15251000,None,138618000,None,2931000,None,None,758993000,None,None,10164000,None,None,None,0.448,12853000,143954000,71093000,3802736000,3996552000,None,None,None,None,None,None,None,3.17,1.158,3.814,None,None,None,None,None,None,None,0.306,None,60860000,2025-10-28,quarterly,0.39,USD,post-market,None,318569000,0.0118,0.0971,0.128,4.56,73522000,1465409000,665665000,1851986000,16.25,16.3,-4.878,6026320000,85028000,4662217000,5505275000,5941292000,843058000,362293000,521045000,12.3,-20214000,18.12,13.2
2025-12-28,FCF,1.39,468728000.0,12.3,None,0.811,14.83,2851000,None,85028000,85028000,150814000,-165710000,None,None,None,None,None,None,71978000,69682000,None,147246000,147246000,3996552000,None,None,None,None,None,11298000,2088000,0.535,0.0311,12114000,12114000,None,0.258,-0.02,71093000,82391000,0.41,2008-06-30,9.83,122702000,468728000.0,215047000,71093000,13257000,15251000,15251000,None,138618000,None,2931000,None,None,758993000,None,None,12913000,None,None,None,0.448,24202000,143954000,71093000,3802736000,3996552000,None,None,None,None,None,None,None,3.17,1.158,3.814,None,None,None,None,None,None,None,0.306,None,60860000,2025-10-28,quarterly,0.39,USD,post-market,None,318569000,0.0118,0.0971,0.128,4.56,73522000,1465409000,665665000,1851986000,16.25,16.3,-4.878,6026320000,85028000,4662217000,5505275000,5941292000,843058000,362293000,521045000,12.3,-20214000,18.12,13.2
2025-12-28,FCF,1.39,468728000.0,12.3,None,0.811,14.83,2084000,None,85028000,85028000,236275000,-232841000,None,None,None,None,None,None,71978000,69682000,None,147246000,147246000,3996552000,None,None,None,None,None,11298000,1438000,0.535,0.0311,12546000,12546000,None,0.258,-0.02,71093000,82391000,0.41,2008-03-31,9.83,122702000,468728000.0,215047000,71093000,13257000,15251000,15251000,None,138618000,None,2931000,None,None,758993000,None,None,11121000,None,None,None,0.448,-11671000,143954000,71093000,3802736000,3996552000,None,None,None,None,None,None,None,3.17,1.158,3.814,None,None,None,None,None,-210000,None,0.306,None,60860000,2025-10-28,quarterly,0.39,USD,post-market,None,318569000,0.0118,0.0971,0.128,4.56,73522000,1465409000,665665000,1851986000,16.25,16.3,-4.878,6026320000,85028000,4662217000,5505275000,5941292000,843058000,362293000,521045000,12.3,-20214000,18.12,13.2
2025-12-28,FCF,1.39,468728000.0,12.3,None,0.811,14.83,1992000,None,85028000,85028000,125051000,-143725000,None,None,None,None,None,None,71978000,69682000,None,147246000,147246000,3996552000,None,None,None,None,None,11298000,-979000,0.535,0.0311,11867000,11867000,None,0.258,-0.02,71093000,82391000,0.41,2007-12-31,9.83,122702000,468728000.0,215047000,71093000,13257000,15251000,15251000,None,138618000,None,2931000,None,None,758993000,None,None,11648000,None,None,None,0.448,32966000,143954000,71093000,3802736000,3996552000,None,None,None,None,None,None,None,3.17,1.158,3.814,None,None,None,None,None,143065000,None,0.306,None,60860000,2025-10-28,quarterly,0.39,USD,post-market,None,318569000,0.0118,0.0971,0.128,4.56,73522000,1465409000,665665000,1851986000,16.25,16.3,-4.878,6026320000,85028000,4662217000,5505275000,5941292000,843058000,362293000,521045000,12.3,-20214000,18.12,13.2
2025-12-28,FCF,1.39,468728000.0,12.3,None,0.811,14.83,2097000,None,85028000,85028000,-34289000,16650000,None,None,None,None,None,None,71978000,69682000,None,147246000,147246000,3996552000,None,None,None,None,None,11298000,3875000,0.535,0.0311,12544000,12544000,None,0.258,-0.02,71093000,82391000,0.41,2007-09-30,9.83,122702000,468728000.0,215047000,71093000,13257000,15251000,15251000,None,138618000,None,2931000,None,None,758993000,None,None,12219000,None,None,None,0.448,11731000,143954000,71093000,3802736000,3996552000,None,None,None,None,None,None,None,3.17,1.158,3.814,None,None,None,None,None,None,None,0.306,None,60860000,2025-10-28,quarterly,0.39,USD,post-market,None,318569000,0.0118,0.0971,0.128,4.56,73522000,1465409000,665665000,1851986000,16.25,16.3,-4.878,6026320000,85028000,4662217000,5505275000,5941292000,843058000,362293000,521045000,12.3,-20214000,18.12,13.2
2025-12-28,FCF,1.39,468728000.0,12.3,None,0.811,14.83,1706000,None,85028000,85028000,-125203000,118997000,None,None,None,None,None,None,71978000,69682000,None,147246000,147246000,3996552000,None,None,None,None,None,11298000,1179000,0.535,0.0311,12351000,12351000,None,0.258,-0.02,71093000,82391000,0.41,2007-06-30,9.83,122702000,468728000.0,215047000,71093000,13257000,15251000,15251000,None,138618000,None,2931000,None,None,758993000,None,None,11488000,None,None,None,0.448,14151000,143954000,71093000,3802736000,3996552000,None,None,None,None,None,None,None,3.17,1.158,3.814,None,None,None,None,None,None,None,0.306,None,60860000,2025-10-28,quarterly,0.39,USD,post-market,None,318569000,0.0118,0.0971,0.128,4.56,73522000,1465409000,665665000,1851986000,16.25,16.3,-4.878,6026320000,85028000,4662217000,5505275000,5941292000,843058000,362293000,521045000,12.3,-20214000,18.12,13.2
2025-12-28,FCF,1.39,468728000.0,12.3,None,0.811,14.83,4015000,None,85028000,85028000,-186172000,163899000,None,None,None,None,None,None,71978000,69682000,None,147246000,147246000,3996552000,None,None,None,None,None,11298000,1119000,0.535,0.0311,12792000,12792000,None,0.258,-0.02,71093000,82391000,0.41,2007-03-31,9.83,122702000,468728000.0,215047000,71093000,13257000,15251000,15251000,None,138618000,None,2931000,None,None,758993000,None,None,10895000,None,None,None,0.448,10898000,143954000,71093000,3802736000,3996552000,None,None,None,None,None,None,None,3.17,1.158,3.814,None,None,None,None,None,-161172000,None,0.306,None,60860000,2025-10-28,quarterly,0.39,USD,post-market,None,318569000,0.0118,0.0971,0.128,4.56,73522000,1465409000,665665000,1851986000,16.25,16.3,-4.878,6026320000,85028000,4662217000,5505275000,5941292000,843058000,362293000,521045000,12.3,-20214000,18.12,13.2
2025-12-28,FCF,1.39,468728000.0,12.3,None,0.811,14.83,7872000,None,85028000,85028000,-62232000,46376000,None,None,1276000,None,None,None,71978000,69682000,None,147246000,147246000,3996552000,None,None,None,None,None,11298000,-1709000,0.535,0.0311,12550000,12550000,None,0.258,-0.02,71093000,82391000,0.41,2006-12-31,9.83,122702000,468728000.0,215047000,71093000,13257000,15251000,15251000,None,138618000,None,2931000,None,None,758993000,None,None,12398000,None,None,None,0.448,15839000,143954000,71093000,3802736000,3996552000,None,None,None,None,None,None,None,3.17,1.158,3.814,None,None,None,None,None,32083000,None,0.306,None,60860000,2025-10-28,quarterly,0.39,USD,post-market,None,318569000,0.0118,0.0971,0.128,4.56,73522000,1465409000,665665000,1851986000,16.25,16.3,-4.878,6026320000,85028000,4662217000,5505275000,5941292000,843058000,362293000,521045000,12.3,-20214000,18.12,13.2
2025-12-28,FCF,1.39,468728000.0,12.3,None,0.811,14.83,1589000,None,85028000,85028000,-190716000,177520000,None,None,1276000,None,None,None,71978000,69682000,None,147246000,147246000,3996552000,None,None,None,None,None,11298000,902000,0.535,0.0311,12008000,12008000,None,0.258,-0.02,71093000,82391000,0.41,2006-09-30,9.83,122702000,468728000.0,215047000,71093000,13257000,15251000,15251000,None,138618000,None,2931000,None,None,758993000,None,None,15392000,None,None,None,0.448,17596000,143954000,71093000,3802736000,3996552000,None,None,None,None,None,None,None,3.17,1.158,3.814,None,None,None,None,None,None,None,0.306,None,60860000,2025-10-28,quarterly,0.39,USD,post-market,None,318569000,0.0118,0.0971,0.128,4.56,73522000,1465409000,665665000,1851986000,16.25,16.3,-4.878,6026320000,85028000,4662217000,5505275000,5941292000,843058000,362293000,521045000,12.3,-20214000,18.12,13.2
2025-12-28,FCF,1.39,468728000.0,12.3,None,0.811,14.83,3676000,None,85028000,85028000,-24325000,12005000,None,None,None,None,None,None,71978000,69682000,None,147246000,147246000,3996552000,None,None,None,None,None,11298000,1821000,0.535,0.0311,11985000,11985000,None,0.258,-0.02,71093000,82391000,0.41,2006-06-30,9.83,122702000,468728000.0,215047000,71093000,13257000,15251000,15251000,None,138618000,None,2931000,None,None,758993000,None,None,12226000,None,None,None,0.448,17381000,143954000,71093000,3802736000,3996552000,None,None,None,None,None,None,None,3.17,1.158,3.814,None,None,None,None,None,None,None,0.306,None,60860000,2025-10-28,quarterly,0.39,USD,post-market,None,318569000,0.0118,0.0971,0.128,4.56,73522000,1465409000,665665000,1851986000,16.25,16.3,-4.878,6026320000,85028000,4662217000,5505275000,5941292000,843058000,362293000,521045000,12.3,-20214000,18.12,13.2
2025-12-28,FCF,1.39,468728000.0,12.3,None,0.811,14.83,3330000,None,85028000,85028000,-80539000,71230000,None,None,723000,None,None,None,71978000,69682000,None,147246000,147246000,3996552000,None,None,None,None,None,11298000,2093000,0.535,0.0311,11964000,11964000,None,0.258,-0.02,71093000,82391000,0.41,2006-03-31,9.83,122702000,468728000.0,215047000,71093000,13257000,15251000,15251000,None,138618000,None,2931000,None,None,758993000,None,None,12938000,None,None,None,0.448,8374000,143954000,71093000,3802736000,3996552000,None,None,None,None,None,None,None,3.17,1.158,3.814,None,None,None,None,None,None,None,0.306,None,60860000,2025-10-28,quarterly,0.39,USD,post-market,None,318569000,0.0118,0.0971,0.128,4.56,73522000,1465409000,665665000,1851986000,16.25,16.3,-4.878,6026320000,85028000,4662217000,5505275000,5941292000,843058000,362293000,521045000,12.3,-20214000,18.12,13.2
2025-12-28,FCF,1.39,468728000.0,12.3,None,0.811,14.83,2618000,None,85028000,85028000,-141082000,115232000,None,None,1036000,None,None,None,71978000,69682000,None,147246000,147246000,3996552000,None,None,None,None,None,11298000,2860000,0.535,0.0311,11587000,11587000,None,0.258,-0.02,71093000,82391000,0.41,2005-12-31,9.83,122702000,468728000.0,215047000,71093000,13257000,15251000,15251000,None,138618000,None,2931000,None,None,758993000,None,None,11783000,None,None,None,0.448,21841000,143954000,71093000,3802736000,3996552000,None,None,None,None,None,None,None,3.17,1.158,3.814,None,None,None,None,None,82457000,None,0.306,None,60860000,2025-10-28,quarterly,0.39,USD,post-market,None,318569000,0.0118,0.0971,0.128,4.56,73522000,1465409000,665665000,1851986000,16.25,16.3,-4.878,6026320000,85028000,4662217000,5505275000,5941292000,843058000,362293000,521045000,12.3,-20214000,18.12,13.2
2025-12-28,FCF,1.39,468728000.0,12.3,None,0.811,14.83,3406000,None,85028000,85028000,-23381000,5486000,None,None,568000,None,None,None,71978000,69682000,None,147246000,147246000,3996552000,None,None,None,None,None,11298000,2630000,0.535,0.0311,11542000,11542000,None,0.258,-0.02,71093000,82391000,0.41,2005-09-30,9.83,122702000,468728000.0,215047000,71093000,13257000,15251000,15251000,None,138618000,None,2931000,None,None,758993000,None,None,12996000,None,None,None,0.448,25162000,143954000,71093000,3802736000,3996552000,None,None,None,None,None,None,None,3.17,1.158,3.814,None,None,None,None,None,None,None,0.306,None,60860000,2025-10-28,quarterly,0.39,USD,post-market,None,318569000,0.0118,0.0971,0.128,4.56,73522000,1465409000,665665000,1851986000,16.25,16.3,-4.878,6026320000,85028000,4662217000,5505275000,5941292000,843058000,362293000,521045000,12.3,-20214000,18.12,13.2
2025-12-28,FCF,1.39,468728000.0,12.3,None,0.811,14.83,15546000,None,85028000,85028000,-21324000,-121723000,None,None,None,None,None,None,71978000,69682000,None,147246000,147246000,3996552000,None,None,None,None,None,11298000,5688000,0.535,0.0311,52602000,52602000,None,0.258,-0.02,71093000,82391000,0.41,2024-12-31,9.83,122702000,468728000.0,215047000,71093000,13257000,15251000,15251000,None,138618000,None,2931000,None,None,758993000,None,None,142572000,None,None,None,0.448,129463000,143954000,71093000,3802736000,3996552000,None,None,None,None,None,None,None,3.17,1.158,3.814,None,None,None,None,None,-12630000,None,0.306,None,60860000,2025-10-28,annual,0.39,USD,post-market,None,318569000,0.0118,0.0971,0.128,4.56,73522000,1465409000,665665000,1851986000,16.25,16.3,-4.878,6026320000,85028000,4662217000,5505275000,5941292000,843058000,362293000,521045000,12.3,-20214000,18.12,13.2
2025-12-28,FCF,1.39,468728000.0,12.3,None,0.811,14.83,22034000,None,85028000,85028000,416263000,-574273000,None,None,None,None,None,None,71978000,69682000,None,147246000,147246000,3996552000,None,None,None,None,None,11298000,4104000,0.535,0.0311,50814000,50814000,None,0.258,-0.02,71093000,82391000,0.41,2023-12-31,9.83,122702000,468728000.0,215047000,71093000,13257000,15251000,15251000,None,138618000,None,2931000,None,None,758993000,None,None,157063000,None,None,None,0.448,150759000,143954000,71093000,3802736000,3996552000,None,None,None,None,None,None,None,3.17,1.158,3.814,None,None,None,None,None,-14965000,None,0.306,None,60860000,2025-10-28,annual,0.39,USD,post-market,None,318569000,0.0118,0.0971,0.128,4.56,73522000,1465409000,665665000,1851986000,16.25,16.3,-4.878,6026320000,85028000,4662217000,5505275000,5941292000,843058000,362293000,521045000,12.3,-20214000,18.12,13.2
2025-12-28,FCF,1.39,468728000.0,12.3,None,0.811,14.83,11207000,None,85028000,85028000,196247000,-588788000,None,None,None,None,None,None,71978000,69682000,None,147246000,147246000,3996552000,None,None,None,None,None,11298000,10552000,0.535,0.0311,44578000,44578000,None,0.258,-0.02,71093000,82391000,0.41,2022-12-31,9.83,122702000,468728000.0,215047000,71093000,13257000,15251000,15251000,None,138618000,None,2931000,None,None,758993000,None,None,128181000,None,None,None,0.448,151413000,143954000,71093000,3802736000,3996552000,None,None,None,None,None,None,None,3.17,1.158,3.814,None,None,None,None,None,-15598000,None,0.306,None,60860000,2025-10-28,annual,0.39,USD,post-market,None,318569000,0.0118,0.0971,0.128,4.56,73522000,1465409000,665665000,1851986000,16.25,16.3,-4.878,6026320000,85028000,4662217000,5505275000,5941292000,843058000,362293000,521045000,12.3,-20214000,18.12,13.2
2025-12-28,FCF,1.39,468728000.0,12.3,None,0.811,14.83,10639000,None,85028000,85028000,439050000,-565305000,38791000,None,None,None,None,5885000,71978000,69682000,None,147246000,147246000,3996552000,None,None,None,None,None,11298000,11442000,0.535,0.0311,43611000,43611000,None,0.258,-0.02,71093000,82391000,0.41,2021-12-31,9.83,122702000,468728000.0,215047000,71093000,13257000,15251000,15251000,None,138618000,None,2931000,None,None,758993000,None,None,138257000,None,None,None,0.448,165046000,143954000,71093000,3802736000,3996552000,None,None,None,None,None,None,None,3.17,1.158,3.814,None,None,None,None,None,-31301000,None,0.306,None,60860000,2025-10-28,annual,0.39,USD,post-market,None,318569000,0.0118,0.0971,0.128,4.56,73522000,1465409000,665665000,1851986000,16.25,16.3,-4.878,6026320000,85028000,4662217000,5505275000,5941292000,843058000,362293000,521045000,12.3,-20214000,18.12,13.2
2025-12-28,FCF,1.39,468728000.0,12.3,None,0.811,14.83,7615000,None,85028000,85028000,612164000,-483138000,234725000,None,None,None,None,-10735000,71978000,69682000,None,147246000,147246000,3996552000,None,None,None,None,None,11298000,11653000,0.535,0.0311,42982000,42982000,None,0.258,-0.02,71093000,82391000,0.41,2020-12-31,9.83,122702000,468728000.0,215047000,71093000,13257000,15251000,15251000,None,138618000,None,2931000,None,None,758993000,None,None,73447000,None,None,None,0.448,105699000,143954000,71093000,3802736000,3996552000,None,None,None,None,None,None,None,3.17,1.158,3.814,None,None,None,None,None,-20905000,None,0.306,None,60860000,2025-10-28,annual,0.39,USD,post-market,None,318569000,0.0118,0.0971,0.128,4.56,73522000,1465409000,665665000,1851986000,16.25,16.3,-4.878,6026320000,85028000,4662217000,5505275000,5941292000,843058000,362293000,521045000,12.3,-20214000,18.12,13.2
2025-12-28,FCF,1.39,468728000.0,12.3,None,0.811,14.83,17380000,None,85028000,85028000,-207665000,122942000,22909000,None,None,None,None,423000,71978000,69682000,None,147246000,147246000,3996552000,None,None,None,None,None,11298000,10370000,0.535,0.0311,39394000,39394000,None,0.258,-0.02,71093000,82391000,0.41,2019-12-31,9.83,122702000,468728000.0,215047000,71093000,13257000,15251000,15251000,None,138618000,None,2931000,None,None,758993000,None,None,105333000,None,None,None,0.448,107632000,143954000,71093000,3802736000,3996552000,None,None,None,None,None,None,None,3.17,1.158,3.814,None,None,None,None,None,-6259000,None,0.306,None,60860000,2025-10-28,annual,0.39,USD,post-market,None,318569000,0.0118,0.0971,0.128,4.56,73522000,1465409000,665665000,1851986000,16.25,16.3,-4.878,6026320000,85028000,4662217000,5505275000,5941292000,843058000,362293000,521045000,12.3,-20214000,18.12,13.2
2025-12-28,FCF,1.39,468728000.0,12.3,None,0.811,14.83,9599000,None,85028000,85028000,204140000,-347748000,-8345000,None,None,None,None,-2561000,71978000,69682000,None,147246000,147246000,3996552000,None,None,None,None,None,11298000,8046000,0.535,0.0311,34849000,34849000,None,0.258,-0.02,71093000,82391000,0.41,2018-12-31,9.83,122702000,468728000.0,215047000,71093000,13257000,15251000,15251000,None,138618000,None,2931000,None,None,758993000,None,None,107498000,None,None,None,0.448,135263000,143954000,71093000,3802736000,3996552000,None,None,None,None,None,None,None,3.17,1.158,3.814,None,None,None,None,None,-26189000,None,0.306,None,60860000,2025-10-28,annual,0.39,USD,post-market,None,318569000,0.0118,0.0971,0.128,4.56,73522000,1465409000,665665000,1851986000,16.25,16.3,-4.878,6026320000,85028000,4662217000,5505275000,5941292000,843058000,362293000,521045000,12.3,-20214000,18.12,13.2
2025-12-28,FCF,1.39,468728000.0,12.3,None,0.811,14.83,11591000,None,85028000,85028000,-43893000,-52797000,-8385000,None,0,None,None,-1314000,71978000,69682000,None,147246000,147246000,3996552000,None,None,None,None,None,11298000,8997000,0.535,0.0311,30513000,30513000,None,0.258,-0.02,71093000,82391000,0.41,2017-12-31,9.83,122702000,468728000.0,215047000,71093000,13257000,15251000,15251000,None,138618000,None,2931000,None,None,758993000,None,None,55165000,None,None,None,0.448,88305000,143954000,71093000,3802736000,3996552000,None,None,None,None,None,None,None,3.17,1.158,3.814,None,None,None,None,None,-1458000,None,0.306,None,60860000,2025-10-28,annual,0.39,USD,post-market,None,318569000,0.0118,0.0971,0.128,4.56,73522000,1465409000,665665000,1851986000,16.25,16.3,-4.878,6026320000,85028000,4662217000,5505275000,5941292000,843058000,362293000,521045000,12.3,-20214000,18.12,13.2
2025-12-28,FCF,1.39,468728000.0,12.3,None,0.811,14.83,7491000,None,85028000,85028000,-536822000,493774000,46225000,None,2759000,None,None,-577000,71978000,69682000,None,147246000,147246000,3996552000,None,None,None,None,None,11298000,7116000,0.535,0.0311,24907000,24907000,None,0.258,-0.02,71093000,82391000,0.41,2016-12-31,9.83,122702000,468728000.0,215047000,71093000,13257000,15251000,15251000,None,138618000,None,2931000,None,None,758993000,None,None,59590000,None,None,None,0.448,89273000,143954000,71093000,3802736000,3996552000,None,None,None,None,None,None,None,3.17,1.158,3.814,None,None,None,None,None,-864000,None,0.306,None,60860000,2025-10-28,annual,0.39,USD,post-market,None,318569000,0.0118,0.0971,0.128,4.56,73522000,1465409000,665665000,1851986000,16.25,16.3,-4.878,6026320000,85028000,4662217000,5505275000,5941292000,843058000,362293000,521045000,12.3,-20214000,18.12,13.2
2025-12-28,FCF,1.39,468728000.0,12.3,None,0.811,14.83,4887000,None,85028000,85028000,64596000,-142433000,-5086000,None,0,None,None,-41000,71978000,69682000,None,147246000,147246000,3996552000,None,None,None,None,None,11298000,7640000,0.535,0.0311,25089000,25089000,None,0.258,-0.02,71093000,82391000,0.41,2015-12-31,9.83,122702000,468728000.0,215047000,71093000,13257000,15251000,15251000,None,138618000,None,2931000,None,None,758993000,None,None,50143000,None,None,None,0.448,72751000,143954000,71093000,3802736000,3996552000,None,None,None,None,None,None,None,3.17,1.158,3.814,None,None,None,None,None,-25383000,None,0.306,None,60860000,2025-10-28,annual,0.39,USD,post-market,None,318569000,0.0118,0.0971,0.128,4.56,73522000,1465409000,665665000,1851986000,16.25,16.3,-4.878,6026320000,85028000,4662217000,5505275000,5941292000,843058000,362293000,521045000,12.3,-20214000,18.12,13.2
2025-12-28,FCF,1.39,468728000.0,12.3,None,0.811,14.83,10980000,None,85028000,85028000,79017000,-164055000,-2901000,None,0,None,None,542000,71978000,69682000,None,147246000,147246000,3996552000,None,None,None,None,None,11298000,13721000,0.535,0.0311,26174000,26174000,None,0.258,-0.02,71093000,82391000,0.41,2014-12-31,9.83,122702000,468728000.0,215047000,71093000,13257000,15251000,15251000,None,138618000,None,2931000,None,None,758993000,None,None,44453000,None,None,None,0.448,82137000,143954000,71093000,3802736000,3996552000,None,None,None,None,None,None,None,3.17,1.158,3.814,None,None,None,None,None,-30956000,None,0.306,None,60860000,2025-10-28,annual,0.39,USD,post-market,None,318569000,0.0118,0.0971,0.128,4.56,73522000,1465409000,665665000,1851986000,16.25,16.3,-4.878,6026320000,85028000,4662217000,5505275000,5941292000,843058000,362293000,521045000,12.3,-20214000,18.12,13.2
2025-12-28,FCF,1.39,468728000.0,12.3,None,0.811,14.83,9635000,None,85028000,85028000,196003000,-307280000,-25543000,None,0,None,None,921000,71978000,69682000,None,147246000,147246000,3996552000,None,None,None,None,None,11298000,11090000,0.535,0.0311,22344000,22344000,None,0.258,-0.02,71093000,82391000,0.41,2013-12-31,9.83,122702000,468728000.0,215047000,71093000,13257000,15251000,15251000,None,138618000,None,2931000,None,None,758993000,None,None,41482000,None,None,None,0.448,85734000,143954000,71093000,3802736000,3996552000,None,None,None,None,None,None,None,3.17,1.158,3.814,None,None,None,None,None,-33439000,None,0.306,None,60860000,2025-10-28,annual,0.39,USD,post-market,None,318569000,0.0118,0.0971,0.128,4.56,73522000,1465409000,665665000,1851986000,16.25,16.3,-4.878,6026320000,85028000,4662217000,5505275000,5941292000,843058000,362293000,521045000,12.3,-20214000,18.12,13.2
2025-12-28,FCF,1.39,468728000.0,12.3,None,0.811,14.83,10182000,None,85028000,85028000,117162000,-171382000,24504000,None,0,None,None,2689000,71978000,69682000,None,147246000,147246000,3996552000,None,None,None,None,None,11298000,7912000,0.535,0.0311,18759000,18759000,None,0.258,-0.02,71093000,82391000,0.41,2012-12-31,9.83,122702000,468728000.0,215047000,71093000,13257000,15251000,15251000,None,138618000,None,2931000,None,None,758993000,None,None,41954000,None,None,None,0.448,78724000,143954000,71093000,3802736000,3996552000,None,None,None,None,None,None,None,3.17,1.158,3.814,None,None,None,None,None,-36242000,None,0.306,None,60860000,2025-10-28,annual,0.39,USD,post-market,None,318569000,0.0118,0.0971,0.128,4.56,73522000,1465409000,665665000,1851986000,16.25,16.3,-4.878,6026320000,85028000,4662217000,5505275000,5941292000,843058000,362293000,521045000,12.3,-20214000,18.12,13.2
2025-12-28,FCF,1.39,468728000.0,12.3,None,0.811,14.83,8320000,None,85028000,85028000,4458000,-79957000,8620000,None,0,None,None,1276000,71978000,69682000,None,147246000,147246000,3996552000,None,None,None,None,None,11298000,9026000,0.535,0.0311,12558000,12558000,None,0.258,-0.02,71093000,82391000,0.41,2011-12-31,9.83,122702000,468728000.0,215047000,71093000,13257000,15251000,15251000,None,138618000,None,2931000,None,None,758993000,None,None,15274000,None,None,None,0.448,84119000,143954000,71093000,3802736000,3996552000,None,None,None,None,None,None,None,3.17,1.158,3.814,None,None,None,None,None,-9000,None,0.306,None,60860000,2025-10-28,annual,0.39,USD,post-market,None,318569000,0.0118,0.0971,0.128,4.56,73522000,1465409000,665665000,1851986000,16.25,16.3,-4.878,6026320000,85028000,4662217000,5505275000,5941292000,843058000,362293000,521045000,12.3,-20214000,18.12,13.2
2025-12-28,FCF,1.39,468728000.0,12.3,None,0.811,14.83,4886000,None,85028000,85028000,-673203000,542632000,None,None,None,None,None,None,71978000,69682000,None,147246000,147246000,3996552000,None,None,None,None,None,11298000,10707000,0.535,0.0311,5306000,5306000,None,0.258,-0.02,71093000,82391000,0.41,2010-12-31,9.83,122702000,468728000.0,215047000,71093000,13257000,15251000,15251000,None,138618000,None,2931000,None,None,758993000,None,None,22978000,None,None,None,0.448,110870000,143954000,71093000,3802736000,3996552000,None,None,None,None,None,None,None,3.17,1.158,3.814,None,None,None,None,None,-9000,None,0.306,None,60860000,2025-10-28,annual,0.39,USD,post-market,None,318569000,0.0118,0.0971,0.128,4.56,73522000,1465409000,665665000,1851986000,16.25,16.3,-4.878,6026320000,85028000,4662217000,5505275000,5941292000,843058000,362293000,521045000,12.3,-20214000,18.12,13.2
2025-12-28,FCF,1.39,468728000.0,12.3,None,0.811,14.83,6655000,None,85028000,85028000,34699000,-90940000,None,None,None,None,None,None,71978000,69682000,None,147246000,147246000,3996552000,None,None,None,None,None,11298000,9806000,0.535,0.0311,29677000,29677000,None,0.258,-0.02,71093000,82391000,0.41,2009-12-31,9.83,122702000,468728000.0,215047000,71093000,13257000,15251000,15251000,None,138618000,None,2931000,None,None,758993000,None,None,-20064000,None,None,None,0.448,57234000,143954000,71093000,3802736000,3996552000,None,None,None,None,None,None,None,3.17,1.158,3.814,None,None,None,None,None,-18000,None,0.306,None,60860000,2025-10-28,annual,0.39,USD,post-market,None,318569000,0.0118,0.0971,0.128,4.56,73522000,1465409000,665665000,1851986000,16.25,16.3,-4.878,6026320000,85028000,4662217000,5505275000,5941292000,843058000,362293000,521045000,12.3,-20214000,18.12,13.2
2025-12-28,FCF,1.39,468728000.0,12.3,None,0.811,14.83,12094000,None,85028000,85028000,529356000,-610652000,None,None,None,None,None,None,71978000,69682000,None,147246000,147246000,3996552000,None,None,None,None,None,11298000,10398000,0.535,0.0311,49375000,49375000,None,0.258,-0.02,71093000,82391000,0.41,2008-12-31,9.83,122702000,468728000.0,215047000,71093000,13257000,15251000,15251000,None,138618000,None,2931000,None,None,758993000,None,None,43087000,None,None,None,0.448,68782000,143954000,71093000,3802736000,3996552000,None,None,None,None,None,None,None,3.17,1.158,3.814,None,None,None,None,None,755573000,None,0.306,None,60860000,2025-10-28,annual,0.39,USD,post-market,None,318569000,0.0118,0.0971,0.128,4.56,73522000,1465409000,665665000,1851986000,16.25,16.3,-4.878,6026320000,85028000,4662217000,5505275000,5941292000,843058000,362293000,521045000,12.3,-20214000,18.12,13.2
2025-12-28,FCF,1.39,468728000.0,12.3,None,0.811,14.83,9810000,None,85028000,85028000,-220613000,156524000,None,None,None,None,None,None,71978000,69682000,None,147246000,147246000,3996552000,None,None,None,None,None,11298000,5194000,0.535,0.0311,49554000,49554000,None,0.258,-0.02,71093000,82391000,0.41,2007-12-31,9.83,122702000,468728000.0,215047000,71093000,13257000,15251000,15251000,None,138618000,None,2931000,None,None,758993000,None,None,46250000,None,None,None,0.448,69746000,143954000,71093000,3802736000,3996552000,None,None,None,None,None,None,None,3.17,1.158,3.814,None,None,None,None,None,-9971000,None,0.306,None,60860000,2025-10-28,annual,0.39,USD,post-market,None,318569000,0.0118,0.0971,0.128,4.56,73522000,1465409000,665665000,1851986000,16.25,16.3,-4.878,6026320000,85028000,4662217000,5505275000,5941292000,843058000,362293000,521045000,12.3,-20214000,18.12,13.2
2025-12-28,FCF,1.39,468728000.0,12.3,None,0.811,14.83,13289000,None,85028000,85028000,-363379000,307626000,None,None,1276000,None,None,None,71978000,69682000,None,147246000,147246000,3996552000,None,None,None,None,None,11298000,8583000,0.535,0.0311,48507000,48507000,None,0.258,-0.02,71093000,82391000,0.41,2006-12-31,9.83,122702000,468728000.0,215047000,71093000,13257000,15251000,15251000,None,138618000,None,2931000,None,None,758993000,None,None,52954000,None,None,None,0.448,64757000,143954000,71093000,3802736000,3996552000,None,None,None,None,None,None,None,3.17,1.158,3.814,None,None,None,None,None,None,None,0.306,None,60860000,2025-10-28,annual,0.39,USD,post-market,None,318569000,0.0118,0.0971,0.128,4.56,73522000,1465409000,665665000,1851986000,16.25,16.3,-4.878,6026320000,85028000,4662217000,5505275000,5941292000,843058000,362293000,521045000,12.3,-20214000,18.12,13.2
2025-12-28,FCF,1.39,468728000.0,12.3,None,0.811,14.83,14371000,None,85028000,85028000,-197041000,126466000,None,None,1036000,None,None,None,71978000,69682000,None,147246000,147246000,3996552000,None,None,None,None,None,11298000,11298000,0.535,0.0311,46193000,46193000,None,0.258,-0.02,71093000,82391000,0.41,2005-12-31,9.83,122702000,468728000.0,215047000,71093000,13257000,15251000,15251000,None,138618000,None,2931000,None,None,758993000,None,None,57836000,None,None,None,0.448,76700000,143954000,71093000,3802736000,3996552000,None,None,None,None,None,None,None,3.17,1.158,3.814,None,None,None,None,None,34244000,None,0.306,None,60860000,2025-10-28,annual,0.39,USD,post-market,None,318569000,0.0118,0.0971,0.128,4.56,73522000,1465409000,665665000,1851986000,16.25,16.3,-4.878,6026320000,85028000,4662217000,5505275000,5941292000,843058000,362293000,521045000,12.3,-20214000,18.12,13.2
