date,symbol,eps,revenue_ttm,pe_ratio,accumulateddepreciationamortizationppe,beta,book_value,capitalexpenditures,capitalleaseobligations,cashandcashequivalentsatcarryingvalue,cashandshortterminvestments,cashflowfromfinancing,cashflowfrominvestment,changeincashandcashequivalents,changeinexchangerate,changeininventory,changeinoperatingassets,changeinoperatingliabilities,changeinreceivables,commonstock,commonstocksharesoutstanding,comprehensiveincomenetoftax,costofgoodsandservicessold,costofrevenue,currentaccountspayable,currentdebt,currentlongtermdebt,currentnetreceivables,deferredrevenue,depreciation,depreciationandamortization,depreciationdepletionandamortization,dividendpayout,dividendpayoutcommonstock,dividendpayoutpreferredstock,earnings_growth_yoy,earnings_surprise,ebit,ebitda,estimated_eps,fiscaldateending,forward_pe,goodwill,gross_profit_ttm,grossprofit,incomebeforetax,incometaxexpense,intangibleassets,intangibleassetsexcludinggoodwill,interestanddebtexpense,interestexpense,interestincome,inventory,investmentincomenet,investments,longtermdebt,longtermdebtnoncurrent,longterminvestments,netincome,netincomefromcontinuingoperations,netinterestincome,noninterestincome,operating_margin_ttm,operatingcashflow,operatingexpenses,operatingincome,othercurrentassets,othercurrentliabilities,othernoncurrentassets,othernoncurrentliabilities,othernonoperatingincome,paymentsforoperatingactivities,paymentsforrepurchaseofcommonstock,paymentsforrepurchaseofequity,paymentsforrepurchaseofpreferredstock,peg_ratio,price_to_book,price_to_sales_ttm,proceedsfromissuanceofcommonstock,proceedsfromissuanceoflongtermdebtandcapitalsecuritiesnet,proceedsfromissuanceofpreferredstock,proceedsfromoperatingactivities,proceedsfromrepaymentsofshorttermdebt,proceedsfromrepurchaseofequity,proceedsfromsaleoftreasurystock,profit_margin,profitloss,propertyplantequipment,report_date,report_type,reported_eps,reportedcurrency,reporttime,researchanddevelopment,retainedearnings,return_on_assets_ttm,return_on_equity_ttm,revenue_growth_yoy,revenue_per_share_ttm,sellinggeneralandadministrative,shortlongtermdebttotal,shorttermdebt,shortterminvestments,sma_200,sma_50,surprise_pct,totalassets,totalcurrentassets,totalcurrentliabilities,totalliabilities,totalnoncurrentassets,totalnoncurrentliabilities,totalrevenue,totalshareholderequity,trailing_pe,treasurystock,week_52_high,week_52_low
1996-03-31,FICO,,,,,,,,,,,,,,,,,,,,,,,,,,,,,,,,,,,,0.02,,,0.08,,,,,,,,,,,,,,,,,,,,,,,,,,,,,,,,,,,,,,,,,,,,,,,,,1996-04-17,,0.1,,pre-market,,,,,,,,,,,,,25.0,,,,,,,,,,,,
1996-06-30,FICO,,,,,,,,,,,,,,,,,,,,,,,,,,,,,,,,,,,,0.01,,,0.09,,,,,,,,,,,,,,,,,,,,,,,,,,,,,,,,,,,,,,,,,,,,,,,,,1996-07-17,,0.1,,pre-market,,,,,,,,,,,,,11.1111,,,,,,,,,,,,
1996-09-30,FICO,,,,,,,,,,,,,,,,,,,,,,,,,,,,,,,,,,,,0.01,,,0.1,,,,,,,,,,,,,,,,,,,,,,,,,,,,,,,,,,,,,,,,,,,,,,,,,1996-10-23,,0.11,,pre-market,,,,,,,,,,,,,10.0,,,,,,,,,,,,
1996-12-31,FICO,,,,,,,,,,,,,,,,,,,,,,,,,,,,,,,,,,,,-0.01,,,0.11,,,,,,,,,,,,,,,,,,,,,,,,,,,,,,,,,,,,,,,,,,,,,,,,,1997-01-22,,0.1,,pre-market,,,,,,,,,,,,,-9.0909,,,,,,,,,,,,
1997-03-31,FICO,,,,,,,,,,,,,,,,,,,,,,,,,,,,,,,,,,,,0.01,,,0.11,,,,,,,,,,,,,,,,,,,,,,,,,,,,,,,,,,,,,,,,,,,,,,,,,1997-04-23,,0.12,,pre-market,,,,,,,,,,,,,9.0909,,,,,,,,,,,,
1997-06-30,FICO,,,,,,,,,,,,,,,,,,,,,,,,,,,,,,,,,,,,-0.02,,,0.11,,,,,,,,,,,,,,,,,,,,,,,,,,,,,,,,,,,,,,,,,,,,,,,,,1997-07-23,,0.09,,pre-market,,,,,,,,,,,,,-18.1818,,,,,,,,,,,,
1997-09-30,FICO,,,,,,,,,,,,,,,,,,,,,,,,,,,,,,,,,,,,0.0,,,0.13,,,,,,,,,,,,,,,,,,,,,,,,,,,,,,,,,,,,,,,,,,,,,,,,,1997-10-29,,0.13,,pre-market,,,,,,,,,,,,,0.0,,,,,,,,,,,,
1997-12-31,FICO,,,,,,,,,,,,,,,,,,,,,,,,,,,,,,,,,,,,-0.02,,,0.1,,,,,,,,,,,,,,,,,,,,,,,,,,,,,,,,,,,,,,,,,,,,,,,,,1998-01-22,,0.08,,pre-market,,,,,,,,,,,,,-20.0,,,,,,,,,,,,
1998-03-31,FICO,,,,,,,,,,,,,,,,,,,,,,,,,,,,,,,,,,,,0.01,,,0.1,,,,,,,,,,,,,,,,,,,,,,,,,,,,,,,,,,,,,,,,,,,,,,,,,1998-04-23,,0.11,,pre-market,,,,,,,,,,,,,10.0,,,,,,,,,,,,
1998-06-30,FICO,,,,,,,,,,,,,,,,,,,,,,,,,,,,,,,,,,,,0.01,,,0.12,,,,,,,,,,,,,,,,,,,,,,,,,,,,,,,,,,,,,,,,,,,,,,,,,1998-07-23,,0.13,,pre-market,,,,,,,,,,,,,8.3333,,,,,,,,,,,,
1998-09-30,FICO,,,,,,,,,,,,,,,,,,,,,,,,,,,,,,,,,,,,0.03,,,0.14,,,,,,,,,,,,,,,,,,,,,,,,,,,,,,,,,,,,,,,,,,,,,,,,,1998-10-29,,0.17,,pre-market,,,,,,,,,,,,,21.4286,,,,,,,,,,,,
1998-12-31,FICO,,,,,,,,,,,,,,,,,,,,,,,,,,,,,,,,,,,,0.02,,,0.13,,,,,,,,,,,,,,,,,,,,,,,,,,,,,,,,,,,,,,,,,,,,,,,,,1999-01-21,,0.15,,pre-market,,,,,,,,,,,,,15.3846,,,,,,,,,,,,
1999-03-31,FICO,,,,,,,,,,,,,,,,,,,,,,,,,,,,,,,,,,,,0.01,,,0.15,,,,,,,,,,,,,,,,,,,,,,,,,,,,,,,,,,,,,,,,,,,,,,,,,1999-04-22,,0.16,,pre-market,,,,,,,,,,,,,6.6667,,,,,,,,,,,,
1999-06-30,FICO,,,,,,,,,,,,,,,,,,,,,,,,,,,,,,,,,,,,0.0,,,0.15,,,,,,,,,,,,,,,,,,,,,,,,,,,,,,,,,,,,,,,,,,,,,,,,,1999-07-22,,0.15,,pre-market,,,,,,,,,,,,,0.0,,,,,,,,,,,,
1999-09-30,FICO,,,,,,,,,,,,,,,,,,,,,,,,,,,,,,,,,,,,0.06,,,0.16,,,,,,,,,,,,,,,,,,,,,,,,,,,,,,,,,,,,,,,,,,,,,,,,,1999-10-28,,0.22,,pre-market,,,,,,,,,,,,,37.5,,,,,,,,,,,,
1999-12-31,FICO,,,,,,,,,,,,,,,,,,,,,,,,,,,,,,,,,,,,0.01,,,0.15,,,,,,,,,,,,,,,,,,,,,,,,,,,,,,,,,,,,,,,,,,,,,,,,,2000-01-20,,0.16,,pre-market,,,,,,,,,,,,,6.6667,,,,,,,,,,,,
2000-03-31,FICO,,,,,,,,,,,,,,,,,,,,,,,,,,,,,,,,,,,,0.02,,,0.14,,,,,,,,,,,,,,,,,,,,,,,,,,,,,,,,,,,,,,,,,,,,,,,,,2000-04-25,,0.16,,pre-market,,,,,,,,,,,,,14.2857,,,,,,,,,,,,
2000-06-30,FICO,,,,,,,,,,,,,,,,,,,,,,,,,,,,,,,,,,,,0.0,,,0.16,,,,,,,,,,,,,,,,,,,,,,,,,,,,,,,,,,,,,,,,,,,,,,,,,2000-07-20,,0.16,,pre-market,,,,,,,,,,,,,0.0,,,,,,,,,,,,
2000-09-30,FICO,,,,,,,,,,,,,,,,,,,,,,,,,,,,,,,,,,,,0.02,,,0.15,,,,,,,,,,,,,,,,,,,,,,,,,,,,,,,,,,,,,,,,,,,,,,,,,2000-10-30,,0.17,,pre-market,,,,,,,,,,,,,13.3333,,,,,,,,,,,,
2000-12-31,FICO,,,,,,,,,,,,,,,,,,,,,,,,,,,,,,,,,,,,0.01,,,0.17,,,,,,,,,,,,,,,,,,,,,,,,,,,,,,,,,,,,,,,,,,,,,,,,,2001-01-25,,0.18,,pre-market,,,,,,,,,,,,,5.8824,,,,,,,,,,,,
2001-03-31,FICO,,,,,,,,,,,,,,,,,,,,,,,,,,,,,,,,,,,,0.02,,,0.19,,,,,,,,,,,,,,,,,,,,,,,,,,,,,,,,,,,,,,,,,,,,,,,,,2001-04-26,,0.21,,pre-market,,,,,,,,,,,,,10.5263,,,,,,,,,,,,
2001-06-30,FICO,,,,,,,,,,,,,,,,,,,,,,,,,,,,,,,,,,,,0.02,,,0.22,,,,,,,,,,,,,,,,,,,,,,,,,,,,,,,,,,,,,,,,,,,,,,,,,2001-07-26,,0.24,,pre-market,,,,,,,,,,,,,9.0909,,,,,,,,,,,,
2001-09-30,FICO,,,,,,,,,,,,,,,,,,,,,,,,,,,,,,,,,,,,0.02,,,0.25,,,,,,,,,,,,,,,,,,,,,,,,,,,,,,,,,,,,,,,,,,,,,,,,,2001-10-25,,0.27,,pre-market,,,,,,,,,,,,,8.0,,,,,,,,,,,,
2001-12-31,FICO,,,,,,,,,,,,,,,,,,,,,,,,,,,,,,,,,,,,0.01,,,0.24,,,,,,,,,,,,,,,,,,,,,,,,,,,,,,,,,,,,,,,,,,,,,,,,,2002-01-29,,0.25,,pre-market,,,,,,,,,,,,,4.1667,,,,,,,,,,,,
2002-03-31,FICO,,,,,,,,,,,,,,,,,,,,,,,,,,,,,,,,,,,,0.0,,,0.26,,,,,,,,,,,,,,,,,,,,,,,,,,,,,,,,,,,,,,,,,,,,,,,,,2002-04-23,,0.26,,pre-market,,,,,,,,,,,,,0.0,,,,,,,,,,,,
2002-06-30,FICO,,,,,,,,,,,,,,,,,,,,,,,,,,,,,,,,,,,,0.0,,,0.28,,,,,,,,,,,,,,,,,,,,,,,,,,,,,,,,,,,,,,,,,,,,,,,,,2002-07-18,,0.28,,pre-market,,,,,,,,,,,,,0.0,,,,,,,,,,,,
2002-09-30,FICO,,,,,,,,,,,,,,,,,,,,,,,,,,,,,,,,,,,,0.04,,,0.29,,,,,,,,,,,,,,,,,,,,,,,,,,,,,,,,,,,,,,,,,,,,,,,,,2002-10-30,,0.33,,pre-market,,,,,,,,,,,,,13.7931,,,,,,,,,,,,
2002-12-31,FICO,,,,,,,,,,,,,,,,,,,,,,,,,,,,,,,,,,,,0.01,,,0.24,,,,,,,,,,,,,,,,,,,,,,,,,,,,,,,,,,,,,,,,,,,,,,,,,2003-01-22,,0.25,,pre-market,,,,,,,,,,,,,4.1667,,,,,,,,,,,,
2003-03-31,FICO,,,,,,,,,,,,,,,,,,,,,,,,,,,,,,,,,,,,0.04,,,0.31,,,,,,,,,,,,,,,,,,,,,,,,,,,,,,,,,,,,,,,,,,,,,,,,,2003-04-23,,0.35,,pre-market,,,,,,,,,,,,,12.9032,,,,,,,,,,,,
2003-06-30,FICO,,,,,,,,,,,,,,,,,,,,,,,,,,,,,,,,,,,,0.02,,,0.38,,,,,,,,,,,,,,,,,,,,,,,,,,,,,,,,,,,,,,,,,,,,,,,,,2003-07-23,,0.4,,pre-market,,,,,,,,,,,,,5.2632,,,,,,,,,,,,
2003-09-30,FICO,,,,,,,,,,,,,,,,,,,,,,,,,,,,,,,,,,,,0.0,,,0.43,,,,,,,,,,,,,,,,,,,,,,,,,,,,,,,,,,,,,,,,,,,,,,,,,2003-11-03,,0.43,,pre-market,,,,,,,,,,,,,0.0,,,,,,,,,,,,
2003-12-31,FICO,,,,,,,,,,,,,,,,,,,,,,,,,,,,,,,,,,,,0.01,,,0.38,,,,,,,,,,,,,,,,,,,,,,,,,,,,,,,,,,,,,,,,,,,,,,,,,2004-01-26,,0.39,,pre-market,,,,,,,,,,,,,2.6316,,,,,,,,,,,,
2004-03-31,FICO,,,,,,,,,,,,,,,,,,,,,,,,,,,,,,,,,,,,0.0,,,0.42,,,,,,,,,,,,,,,,,,,,,,,,,,,,,,,,,,,,,,,,,,,,,,,,,2004-04-29,,0.42,,pre-market,,,,,,,,,,,,,0.0,,,,,,,,,,,,
2004-06-30,FICO,,,,,,,,,,,,,,,,,,,,,,,,,,,,,,,,,,,,0.05,,,0.34,,,,,,,,,,,,,,,,,,,,,,,,,,,,,,,,,,,,,,,,,,,,,,,,,2004-07-28,,0.39,,pre-market,,,,,,,,,,,,,14.7059,,,,,,,,,,,,
2004-09-30,FICO,,,,,,,,,,,,,,,,,,,,,,,,,,,,,,,,,,,,0.0,,,0.2,,,,,,,,,,,,,,,,,,,,,,,,,,,,,,,,,,,,,,,,,,,,,,,,,2004-11-10,,0.2,,pre-market,,,,,,,,,,,,,0.0,,,,,,,,,,,,
2004-12-31,FICO,,,,,,,,,,,,,,,,,,,,,,,,,,,,,,,,,,,,0.0,,,0.36,,,,,,,,,,,,,,,,,,,,,,,,,,,,,,,,,,,,,,,,,,,,,,,,,2005-01-26,,0.36,,pre-market,,,,,,,,,,,,,0.0,,,,,,,,,,,,
2005-03-31,FICO,,,,,,,,,,,,,,,,,,,,,,,,,,,,,,,,,,,,0.06,,,0.39,,,,,,,,,,,,,,,,,,,,,,,,,,,,,,,,,,,,,,,,,,,,,,,,,2005-04-27,,0.45,,pre-market,,,,,,,,,,,,,15.3846,,,,,,,,,,,,
2005-06-30,FICO,,,,,,,,,,,,,,,,,,,,,,,,,,,,,,,,,,,,0.09,,,0.44,,,,,,,,,,,,,,,,,,,,,,,,,,,,,,,,,,,,,,,,,,,,,,,,,2005-07-27,,0.53,,pre-market,,,,,,,,,,,,,20.4545,,,,,,,,,,,,
2005-09-30,FICO,,,,,,,,,,,,,,,,,,,,,,,,,,,,,,,,,,,,0.04,,,0.49,,,,,,,,,,,,,,,,,,,,,,,,,,,,,,,,,,,,,,,,,,,,,,,,,2005-11-02,,0.53,,pre-market,,,,,,,,,,,,,8.1633,,,,,,,,,,,,
2005-12-31,FICO,,,,,,,,,,,,,,,,,,,,,,,,,,,,,,,,,,,,0.02,,,0.5,,,,,,,,,,,,,,,,,,,,,,,,,,,,,,,,,,,,,,,,,,,,,,,,,2006-01-25,,0.52,,pre-market,,,,,,,,,,,,,4.0,,,,,,,,,,,,
2006-03-31,FICO,,,,,,,,,,,,,,,,,,,,,,,,,,,,,,,,,,,,-0.02,,,0.52,,,,,,,,,,,,,,,,,,,,,,,,,,,,,,,,,,,,,,,,,,,,,,,,,2006-04-26,,0.5,,pre-market,,,,,,,,,,,,,-3.8462,,,,,,,,,,,,
2006-06-30,FICO,,,,,,,,,,,,,,,,,,,,,,,,,,,,,,,,,,,,0.01,,,0.54,,,,,,,,,,,,,,,,,,,,,,,,,,,,,,,,,,,,,,,,,,,,,,,,,2006-07-26,,0.55,,pre-market,,,,,,,,,,,,,1.8519,,,,,,,,,,,,
2006-09-30,FICO,,,,,,,,,,,,,,,,,,,,,,,,,,,,,,,,,,,,0.03,,,0.57,,,,,,,,,,,,,,,,,,,,,,,,,,,,,,,,,,,,,,,,,,,,,,,,,2006-11-01,,0.6,,pre-market,,,,,,,,,,,,,5.2632,,,,,,,,,,,,
2006-12-31,FICO,,,,,,,,,,,,,,,,,,,,,,,,,,,,,,,,,,,,-0.1,,,0.58,,,,,,,,,,,,,,,,,,,,,,,,,,,,,,,,,,,,,,,,,,,,,,,,,2007-01-24,,0.48,,pre-market,,,,,,,,,,,,,-17.2414,,,,,,,,,,,,
2007-03-31,FICO,,,,,,,,,,,,,,,,,,,,,,,,,,,,,,,,,,,,-0.09,,,0.46,,,,,,,,,,,,,,,,,,,,,,,,,,,,,,,,,,,,,,,,,,,,,,,,,2007-04-25,,0.37,,pre-market,,,,,,,,,,,,,-19.5652,,,,,,,,,,,,
2007-06-30,FICO,,,,,,,,,,,,,,,,,,,,,,,,,,,,,,,,,,,,0.06,,,0.36,,,,,,,,,,,,,,,,,,,,,,,,,,,,,,,,,,,,,,,,,,,,,,,,,2007-07-25,,0.42,,pre-market,,,,,,,,,,,,,16.6667,,,,,,,,,,,,
2007-09-30,FICO,,,,,,,,,,,,,,,,,,,,,,,,,,,,,,,,,,,,0.07,,,0.41,,,,,,,,,,,,,,,,,,,,,,,,,,,,,,,,,,,,,,,,,,,,,,,,,2007-10-30,,0.48,,pre-market,,,,,,,,,,,,,17.0732,,,,,,,,,,,,
2007-12-31,FICO,,,,,,,,,,,,,,,,,,,,,,,,,,,,,,,,,,,,0.0,,,0.39,,,,,,,,,,,,,,,,,,,,,,,,,,,,,,,,,,,,,,,,,,,,,,,,,2008-01-22,,0.39,,pre-market,,,,,,,,,,,,,0.0,,,,,,,,,,,,
2008-03-31,FICO,,,,,,,,,,,,,,,,,,,,,,,,,,,,,,,,,,,,0.01,,,0.43,,,,,,,,,,,,,,,,,,,,,,,,,,,,,,,,,,,,,,,,,,,,,,,,,2008-04-28,,0.44,,pre-market,,,,,,,,,,,,,2.3256,,,,,,,,,,,,
2008-06-30,FICO,,,,,,,,,,,,,,,,,,,,,,,,,,,,,,,,,,,,0.03,,,0.38,,,,,,,,,,,,,,,,,,,,,,,,,,,,,,,,,,,,,,,,,,,,,,,,,2008-07-23,,0.41,,pre-market,,,,,,,,,,,,,7.8947,,,,,,,,,,,,
2008-09-30,FICO,,,,,,,,,,,,,,,,,,,,,,,,,,,,,,,,,,,,0.06,,,0.36,,,,,,,,,,,,,,,,,,,,,,,,,,,,,,,,,,,,,,,,,,,,,,,,,2008-11-05,,0.42,,pre-market,,,,,,,,,,,,,16.6667,,,,,,,,,,,,
2008-12-31,FICO,,,,,,,,,,,,,,,,,,,,,,,,,,,,,,,,,,,,-0.07,,,0.32,,,,,,,,,,,,,,,,,,,,,,,,,,,,,,,,,,,,,,,,,,,,,,,,,2009-01-28,,0.25,,pre-market,,,,,,,,,,,,,-21.875,,,,,,,,,,,,
2009-03-31,FICO,,,,,,,,,,,,,,,,,,,,,,,,,,,,,,,,,,,,0.06,,,0.31,,,,,,,,,,,,,,,,,,,,,,,,,,,,,,,,,,,,,,,,,,,,,,,,,2009-04-22,,0.37,,pre-market,,,,,,,,,,,,,19.3548,,,,,,,,,,,,
2009-06-30,FICO,,,,,,,,,,,,,,,,,,,,,,,,,,,,,,,,,,,,0.01,,,0.36,,,,,,,,,,,,,,,,,,,,,,,,,,,,,,,,,,,,,,,,,,,,,,,,,2009-07-22,,0.37,,pre-market,,,,,,,,,,,,,2.7778,,,,,,,,,,,,
2009-09-30,FICO,,,,,,,,,,,,,,,,,,,,,,,,,,,,,,,,,,,,-0.06,,,0.41,,,,,,,,,,,,,,,,,,,,,,,,,,,,,,,,,,,,,,,,,,,,,,,,,2009-11-04,,0.35,,pre-market,,,,,,,,,,,,,-14.6341,,,,,,,,,,,,
2009-12-31,FICO,,,,,,,,,,,,,,,,,,,,,,,,,,,,,,,,,,,,0.02,,,0.35,,,,,,,,,,,,,,,,,,,,,,,,,,,,,,,,,,,,,,,,,,,,,,,,,2010-01-27,,0.37,,pre-market,,,,,,,,,,,,,5.7143,,,,,,,,,,,,
2010-03-31,FICO,,,,,,,,,,,,,,,,,,,,,,,,,,,,,,,,,,,,-0.09,,,0.37,,,,,,,,,,,,,,,,,,,,,,,,,,,,,,,,,,,,,,,,,,,,,,,,,2010-04-28,,0.28,,pre-market,,,,,,,,,,,,,-24.3243,,,,,,,,,,,,
2010-06-30,FICO,,,,,,,,,,,,,,,,,,,,,,,,,,,,,,,,,,,,0.03,,,0.37,,,,,,,,,,,,,,,,,,,,,,,,,,,,,,,,,,,,,,,,,,,,,,,,,2010-07-28,,0.4,,pre-market,,,,,,,,,,,,,8.1081,,,,,,,,,,,,
2010-09-30,FICO,,,,,,,,,,,,,,,,,,,,,,,,,,,,,,,,,,,,0.0,,,0.41,,,,,,,,,,,,,,,,,,,,,,,,,,,,,,,,,,,,,,,,,,,,,,,,,2010-11-03,,0.41,,pre-market,,,,,,,,,,,,,0.0,,,,,,,,,,,,
2010-12-31,FICO,,,,,,,,,,,,,,,,,,,,,,,,,,,,,,,,,,,,0.01,,,0.41,,,,,,,,,,,,,,,,,,,,,,,,,,,,,,,,,,,,,,,,,,,,,,,,,2011-01-26,,0.42,,pre-market,,,,,,,,,,,,,2.439,,,,,,,,,,,,
2011-03-31,FICO,,,,,,,,,,,,,,,,,,,,,,,,,,,,,,,,,,,,-0.04,,,0.43,,,,,,,,,,,,,,,,,,,,,,,,,,,,,,,,,,,,,,,,,,,,,,,,,2011-05-04,,0.39,,pre-market,,,,,,,,,,,,,-9.3023,,,,,,,,,,,,
2011-06-30,FICO,,,,,,,,,,,,,,,,,,,,,,,,,,,,,,,,,,,,0.04,,,0.54,,,,,,,,,,,,,,,,,,,,,,,,,,,,,,,,,,,,,,,,,,,,,,,,,2011-08-03,,0.58,,pre-market,,,,,,,,,,,,,7.4074,,,,,,,,,,,,
2011-09-30,FICO,,,,,,,,,,,,,,,,,,,,,,,,,,,,,,,,,,,,0.03,,,0.61,,,,,,,,,,,,,,,,,,,,,,,,,,,,,,,,,,,,,,,,,,,,,,,,,2011-11-02,,0.64,,pre-market,,,,,,,,,,,,,4.918,,,,,,,,,,,,
2011-12-31,FICO,,,,,,,,,,,,,,,,,,,,,,,,,,,,,,,,,,,,0.19,,,0.62,,,,,,,,,,,,,,,,,,,,,,,,,,,,,,,,,,,,,,,,,,,,,,,,,2012-01-26,,0.81,,pre-market,,,,,,,,,,,,,30.6452,,,,,,,,,,,,
2012-03-31,FICO,,,,,,,,,,,,,,,,,,,,,,,,,,,,,,,,,,,,0.0,,,0.55,,,,,,,,,,,,,,,,,,,,,,,,,,,,,,,,,,,,,,,,,,,,,,,,,2012-04-25,,0.55,,pre-market,,,,,,,,,,,,,0.0,,,,,,,,,,,,
2012-06-30,FICO,,,,,,,,,,,,,,,,,,,,,,,,,,,,,,,,,,,,0.0,,,0.59,,,,,,,,,,,,,,,,,,,,,,,,,,,,,,,,,,,,,,,,,,,,,,,,,2012-07-25,,0.59,,pre-market,,,,,,,,,,,,,0.0,,,,,,,,,,,,
2012-09-30,FICO,,,,,,,,,,,,,,,,,,,,,,,,,,,,,,,,,,,,0.07,,,0.62,,,,,,,,,,,,,,,,,,,,,,,,,,,,,,,,,,,,,,,,,,,,,,,,,2012-11-01,,0.69,,pre-market,,,,,,,,,,,,,11.2903,,,,,,,,,,,,
2012-12-31,FICO,,,,,,,,,,,,,,,,,,,,,,,,,,,,,,,,,,,,0.04,,,0.73,,,,,,,,,,,,,,,,,,,,,,,,,,,,,,,,,,,,,,,,,,,,,,,,,2013-01-30,,0.77,,pre-market,,,,,,,,,,,,,5.4795,,,,,,,,,,,,
2013-03-31,FICO,,,,,,,,,,,,,,,,,,,,,,,,,,,,,,,,,,,,-0.16,,,0.67,,,,,,,,,,,,,,,,,,,,,,,,,,,,,,,,,,,,,,,,,,,,,,,,,2013-04-24,,0.51,,pre-market,,,,,,,,,,,,,-23.8806,,,,,,,,,,,,
2013-06-30,FICO,,,,,,,,,,,,,,,,,,,,,,,,,,,,,,,,,,,,-0.05,,,0.66,,,,,,,,,,,,,,,,,,,,,,,,,,,,,,,,,,,,,,,,,,,,,,,,,2013-07-30,,0.61,,pre-market,,,,,,,,,,,,,-7.5758,,,,,,,,,,,,
2013-09-30,FICO,,,,,,,,,,,,,,,,,,,,,,,,,,,,,,,,,,,,-0.02,,,0.81,,,,,,,,,,,,,,,,,,,,,,,,,,,,,,,,,,,,,,,,,,,,,,,,,2013-10-30,,0.79,,pre-market,,,,,,,,,,,,,-2.4691,,,,,,,,,,,,
2013-12-31,FICO,,,,,,,,,,,,,,,,,,,,,,,,,,,,,,,,,,,,-0.17,,,0.64,,,,,,,,,,,,,,,,,,,,,,,,,,,,,,,,,,,,,,,,,,,,,,,,,2014-01-22,,0.47,,pre-market,,,,,,,,,,,,,-26.5625,,,,,,,,,,,,
2014-03-31,FICO,,,,,,,,,,,,,,,,,,,,,,,,,,,,,,,,,,,,-0.02,,,0.61,,,,,,,,,,,,,,,,,,,,,,,,,,,,,,,,,,,,,,,,,,,,,,,,,2014-04-24,,0.59,,pre-market,,,,,,,,,,,,,-3.2787,,,,,,,,,,,,
2014-06-30,FICO,,,,,,,,,,,,,,,,,,,,,,,,,,,,,,,,,,,,-0.1,,,0.68,,,,,,,,,,,,,,,,,,,,,,,,,,,,,,,,,,,,,,,,,,,,,,,,,2014-07-24,,0.58,,pre-market,,,,,,,,,,,,,-14.7059,,,,,,,,,,,,
2014-09-30,FICO,,,,,,,,,,,,,,,,,,,,,,,,,,,,,,,,,,,,0.13,,,0.91,,,,,,,,,,,,,,,,,,,,,,,,,,,,,,,,,,,,,,,,,,,,,,,,,2014-11-06,,1.04,,post-market,,,,,,,,,,,,,14.2857,,,,,,,,,,,,
2014-12-31,FICO,,,,,,,,,,,,,,,,,,,,,,,,,,,,,,,,,,,,-0.19,,,0.62,,,,,,,,,,,,,,,,,,,,,,,,,,,,,,,,,,,,,,,,,,,,,,,,,2015-01-29,,0.43,,post-market,,,,,,,,,,,,,-30.6452,,,,,,,,,,,,
2015-03-31,FICO,,,,,,,,,,,,,,,,,,,,,,,,,,,,,,,,,,,,0.02,,,0.56,,,,,,,,,,,,,,,,,,,,,,,,,,,,,,,,,,,,,,,,,,,,,,,,,2015-04-23,,0.58,,post-market,,,,,,,,,,,,,3.5714,,,,,,,,,,,,
2015-06-30,FICO,,,,,,,,,,,,,,,,,,,,,,,,,,,,,,,,,,,,-0.1,,,0.72,,,,,,,,,,,,,,,,,,,,,,,,,,,,,,,,,,,,,,,,,,,,,,,,,2015-07-29,,0.62,,post-market,,,,,,,,,,,,,-13.8889,,,,,,,,,,,,
2015-09-30,FICO,,,,,,,,,,,,,,,,,,,,,,,,,,,,,,,,,,,,-0.29,,,1.15,,,,,,,,,,,,,,,,,,,,,,,,,,,,,,,,,,,,,,,,,,,,,,,,,2015-11-05,,0.86,,post-market,,,,,,,,,,,,,-25.2174,,,,,,,,,,,,
2015-12-31,FICO,,,,,,,,,,,,,,,,,,,,,,,,,,,,,,,,,,,,0.14,,,0.45,,,,,,,,,,,,,,,,,,,,,,,,,,,,,,,,,,,,,,,,,,,,,,,,,2016-01-28,,0.59,,post-market,,,,,,,,,,,,,31.1111,,,,,,,,,,,,
2016-03-31,FICO,,,,,,,,,,,,,,,,,,,,,,,,,,,,,,,,,,,,0.01,,,0.71,,,,,,,,,,,,,,,,,,,,,,,,,,,,,,,,,,,,,,,,,,,,,,,,,2016-05-04,,0.72,,post-market,,,,,,,,,,,,,1.4085,,,,,,,,,,,,
2016-06-30,FICO,,,,,,,,,,,,,,,,,,,,,,,,,,,,,,,,,,,,0.36,,,0.72,,,,,,,,,,,,,,,,,,,,,,,,,,,,,,,,,,,,,,,,,,,,,,,,,2016-07-28,,1.08,,post-market,,,,,,,,,,,,,50.0,,,,,,,,,,,,
2016-09-30,FICO,,,,,,,,,,,,,,,,,,,,,,,,,,,,,,,,,,,,0.14,,,0.75,,,,,,,,,,,,,,,,,,,,,,,,,,,,,,,,,,,,,,,,,,,,,,,,,2016-11-07,,0.89,,post-market,,,,,,,,,,,,,18.6667,,,,,,,,,,,,
2016-12-31,FICO,,,,,,,,,,,,,,,,,,,,,,,,,,,,,,,,,,,,-0.14,,,0.64,,,,,,,,,,,,,,,,,,,,,,,,,,,,,,,,,,,,,,,,,,,,,,,,,2017-01-31,,0.5,,post-market,,,,,,,,,,,,,-21.875,,,,,,,,,,,,
2017-03-31,FICO,,,,,,,,,,,,,,,,,,,,,,,,,,,,,,,,,,,,-0.05,,,1.1,,,,,,,,,,,,,,,,,,,,,,,,,,,,,,,,,,,,,,,,,,,,,,,,,2017-04-27,,1.05,,post-market,,,,,,,,,,,,,-4.5455,,,,,,,,,,,,
2017-06-30,FICO,,,,,,,,,,,,,,,,,,,,,,,,,,,,,,,,,,,,-0.22,,,1.38,,,,,,,,,,,,,,,,,,,,,,,,,,,,,,,,,,,,,,,,,,,,,,,,,2017-07-31,,1.16,,post-market,,,,,,,,,,,,,-15.942,,,,,,,,,,,,
2017-09-30,FICO,,,,,,,,,,,,,,,,,,,,,,,,,,,,,,,,,,,,-0.04,,,1.69,,,,,,,,,,,,,,,,,,,,,,,,,,,,,,,,,,,,,,,,,,,,,,,,,2017-11-01,,1.65,,post-market,,,,,,,,,,,,,-2.3669,,,,,,,,,,,,
2017-12-31,FICO,,,,,,,,,,,,,,,,,,,,,,,,,,,,,,,,,,,,0.21,,,1.09,,,,,,,,,,,,,,,,,,,,,,,,,,,,,,,,,,,,,,,,,,,,,,,,,2018-01-25,,1.3,,post-market,,,,,,,,,,,,,19.2661,,,,,,,,,,,,
2018-03-31,FICO,,,,,,,,,,,,,,,,,,,,,,,,,,,,,,,,,,,,0.17,,,1.37,,,,,,,,,,,,,,,,,,,,,,,,,,,,,,,,,,,,,,,,,,,,,,,,,2018-04-26,,1.54,,post-market,,,,,,,,,,,,,12.4088,,,,,,,,,,,,
2018-06-30,FICO,,,,,,,,,,,,,,,,,,,,,,,,,,,,,,,,,,,,-0.12,,,1.63,,,,,,,,,,,,,,,,,,,,,,,,,,,,,,,,,,,,,,,,,,,,,,,,,2018-07-26,,1.51,,post-market,,,,,,,,,,,,,-7.362,,,,,,,,,,,,
2018-09-30,FICO,,,,,,,,,,,,,,,,,,,,,,,,,,,,,,,,,,,,-0.13,,,2.02,,,,,,,,,,,,,,,,,,,,,,,,,,,,,,,,,,,,,,,,,,,,,,,,,2018-11-01,,1.89,,post-market,,,,,,,,,,,,,-6.4356,,,,,,,,,,,,
2018-12-31,FICO,,,,,,,,,,,,,,,,,,,,,,,,,,,,,,,,,,,,0.03,,,1.42,,,,,,,,,,,,,,,,,,,,,,,,,,,,,,,,,,,,,,,,,,,,,,,,,2019-01-30,,1.45,,post-market,,,,,,,,,,,,,2.1127,,,,,,,,,,,,
2019-03-31,FICO,,,,,,,,,,,,,,,,,,,,,,,,,,,,,,,,,,,,-0.07,,,1.63,,,,,,,,,,,,,,,,,,,,,,,,,,,,,,,,,,,,,,,,,,,,,,,,,2019-04-30,,1.56,,post-market,,,,,,,,,,,,,-4.2945,,,,,,,,,,,,
2019-06-30,FICO,,,,,,,,,,,,,,,,,,,,,,,,,,,,,,,,,,,,0.62,,,1.88,,,,,,,,,,,,,,,,,,,,,,,,,,,,,,,,,,,,,,,,,,,,,,,,,2019-07-31,,2.5,,post-market,,,,,,,,,,,,,32.9787,,,,,,,,,,,,
2019-09-30,FICO,,,,,,,,,,,,,,,,,,,,,,,,,,,,,,,,,,,,0.33,,,1.68,,,,,,,,,,,,,,,,,,,,,,,,,,,,,,,,,,,,,,,,,,,,,,,,,2019-11-04,,2.01,,post-market,,,,,,,,,,,,,19.6429,,,,,,,,,,,,
2019-12-31,FICO,,,,,,,,,,,,,,,,,,,,,,,,,,,,,,,,,,,,-0.06,,,1.86,,,,,,,,,,,,,,,,,,,,,,,,,,,,,,,,,,,,,,,,,,,,,,,,,2020-01-30,,1.8,,post-market,,,,,,,,,,,,,-3.2258,,,,,,,,,,,,
2020-03-31,FICO,,,,,,,,,,,,,,,,,,,,,,,,,,,,,,,,,,,,0.38,,,1.76,,,,,,,,,,,,,,,,,,,,,,,,,,,,,,,,,,,,,,,,,,,,,,,,,2020-04-29,,2.14,,post-market,,,,,,,,,,,,,21.5909,,,,,,,,,,,,
2020-06-30,FICO,,,,,,,,,,,,,,,,,,,,,,,,,,,,,,,,,,,,0.42,,,2.16,,,,,,,,,,,,,,,,,,,,,,,,,,,,,,,,,,,,,,,,,,,,,,,,,2020-07-29,,2.58,,post-market,,,,,,,,,,,,,19.4444,,,,,,,,,,,,
2020-09-30,FICO,,,,,,,,,,,,,,,,,,,,,,,,,,,,,,,,,,,,0.93,,,2.32,,,,,,,,,,,,,,,,,,,,,,,,,,,,,,,,,,,,,,,,,,,,,,,,,2020-11-10,,3.25,,post-market,,,,,,,,,,,,,40.0862,,,,,,,,,,,,
2020-12-31,FICO,,,,,,,,,,,,,,,,,,,,,,,,,,,,,,,,,,,,0.47,,,2.27,,,,,,,,,,,,,,,,,,,,,,,,,,,,,,,,,,,,,,,,,,,,,,,,,2021-01-28,,2.74,,post-market,,,,,,,,,,,,,20.7048,,,,,,,,,,,,
2021-03-31,FICO,,,,,,,,,,,,,,,,,,,,,,,,,,,,,,,,,,,,0.46,,,2.6,,,,,,,,,,,,,,,,,,,,,,,,,,,,,,,,,,,,,,,,,,,,,,,,,2021-05-05,,3.06,,post-market,,,,,,,,,,,,,17.6923,,,,,,,,,,,,
2021-06-30,FICO,,,,,,,,,,,,,,,,,,,,,,,,,,,,,,,,,,,,0.62,,,2.76,,,,,,,,,,,,,,,,,,,,,,,,,,,,,,,,,,,,,,,,,,,,,,,,,2021-08-03,,3.38,,post-market,,,,,,,,,,,,,22.4638,,,,,,,,,,,,
2021-09-30,FICO,,,,,,,,,,,,,,,,,,,,,,,,,,,,,,,,,,,,0.79,,,3.13,,,,,,,,,,,,,,,,,,,,,,,,,,,,,,,,,,,,,,,,,,,,,,,,,2021-11-10,,3.92,,post-market,,,,,,,,,,,,,25.2396,,,,,,,,,,,,
2021-12-31,FICO,,,,,,,,,,,,,,,,,,,,,,,,,,,,,,,,,,,,0.34,,,3.36,,,,,,,,,,,,,,,,,,,,,,,,,,,,,,,,,,,,,,,,,,,,,,,,,2022-01-27,,3.7,,post-market,,,,,,,,,,,,,10.119,,,,,,,,,,,,
2022-03-31,FICO,,,,,,,,,,,,,,,,,,,,,,,,,,,,,,,,,,,,0.95,,,3.73,,,,,,,,,,,,,,,,,,,,,,,,,,,,,,,,,,,,,,,,,,,,,,,,,2022-04-27,,4.68,,post-market,,,,,,,,,,,,,25.4692,,,,,,,,,,,,
2022-06-30,FICO,,,,,,,,,,,,,,,,,,,,,,,,,,,,,,,,,,,,0.49,,,3.98,,,,,,,,,,,,,,,,,,,,,,,,,,,,,,,,,,,,,,,,,,,,,,,,,2022-08-03,,4.47,,post-market,,,,,,,,,,,,,12.3116,,,,,,,,,,,,
2022-09-30,FICO,,,,,,,,,,,,,,,,,,,,,,,,,,,,,,,,,,,,0.28,,,4.12,,,,,,,,,,,,,,,,,,,,,,,,,,,,,,,,,,,,,,,,,,,,,,,,,2022-11-09,,4.4,,post-market,,,,,,,,,,,,,6.7961,,,,,,,,,,,,
2022-12-31,FICO,,,,,,,,,,,,,,,,,,,,,,,,,,,,,,,,,,,,0.08,,,4.18,,,,,,,,,,,,,,,,,,,,,,,,,,,,,,,,,,,,,,,,,,,,,,,,,2023-01-26,,4.26,,post-market,,,,,,,,,,,,,1.9139,,,,,,,,,,,,
2023-03-31,FICO,,,,,,,,,,,,,,,,,,,,,,,,,,,,,,,,,,,,-0.26,,,5.04,,,,,,,,,,,,,,,,,,,,,,,,,,,,,,,,,,,,,,,,,,,,,,,,,2023-04-27,,4.78,,post-market,,,,,,,,,,,,,-5.1587,,,,,,,,,,,,
2023-06-30,FICO,,,,,,,,,,,,,,,,,,,,,,,,,,,,,,,,,,,,0.41,,,5.25,,,,,,,,,,,,,,,,,,,,,,,,,,,,,,,,,,,,,,,,,,,,,,,,,2023-08-02,,5.66,,post-market,,,,,,,,,,,,,7.8095,,,,,,,,,,,,
2023-09-30,FICO,,,,,,,,,,,,,,,,,,,,,,,,,,,,,,,,,,,,-0.2,,,5.21,,,,,,,,,,,,,,,,,,,,,,,,,,,,,,,,,,,,,,,,,,,,,,,,,2023-11-08,,5.01,,post-market,,,,,,,,,,,,,-3.8388,,,,,,,,,,,,
2023-12-31,FICO,,,,,,,,,,,,,,,,,,,,,,,,,,,,,,,,,,,,-0.25,,,5.06,,,,,,,,,,,,,,,,,,,,,,,,,,,,,,,,,,,,,,,,,,,,,,,,,2024-01-25,,4.81,,post-market,,,,,,,,,,,,,-4.9407,,,,,,,,,,,,
2024-03-31,FICO,,,,,,,,,,,,,,,,,,,,,,,,,,,,,,,,,,,,0.33,,,5.81,,,,,,,,,,,,,,,,,,,,,,,,,,,,,,,,,,,,,,,,,,,,,,,,,2024-04-25,,6.14,,post-market,,,,,,,,,,,,,5.6799,,,,,,,,,,,,
2024-06-30,FICO,,,,,,,,,,,,,,,,,,,,,,,,,,,,,,,,,,,,-0.07,,,6.32,,,,,,,,,,,,,,,,,,,,,,,,,,,,,,,,,,,,,,,,,,,,,,,,,2024-07-31,,6.25,,post-market,,,,,,,,,,,,,-1.1076,,,,,,,,,,,,
2024-09-30,FICO,,,,,,,,,,,,,,,,,,,,,,,,,,,,,,,,,,,,0.15,,,6.39,,,,,,,,,,,,,,,,,,,,,,,,,,,,,,,,,,,,,,,,,,,,,,,,,2024-11-06,,6.54,,post-market,,,,,,,,,,,,,2.3474,,,,,,,,,,,,
2024-12-31,FICO,,,,,,,,,,,,,,,,,,,,,,,,,,,,,,,,,,,,-0.29,,,6.08,,,,,,,,,,,,,,,,,,,,,,,,,,,,,,,,,,,,,,,,,,,,,,,,,2025-02-04,,5.79,,post-market,,,,,,,,,,,,,-4.7697,,,,,,,,,,,,
2025-03-31,FICO,,,,,,,,,,,,,,,,,,,,,,,,,,,,,,,,,,,,0.37,,,7.44,,,,,,,,,,,,,,,,,,,,,,,,,,,,,,,,,,,,,,,,,,,,,,,,,2025-04-29,,7.81,,post-market,,,,,,,,,,,,,4.9731,,,,,,,,,,,,
2025-06-30,FICO,,,,,,,,,,,,,,,,,,,,,,,,,,,,,,,,,,,,0.87,,,7.7,,,,,,,,,,,,,,,,,,,,,,,,,,,,,,,,,,,,,,,,,,,,,,,,,2025-07-30,,8.57,,post-market,,,,,,,,,,,,,11.2987,,,,,,,,,,,,
2025-09-30,FICO,,,,,,,,,,,,,,,,,,,,,,,,,,,,,,,,,,,,0.43,,,7.31,,,,,,,,,,,,,,,,,,,,,,,,,,,,,,,,,,,,,,,,,,,,,,,,,2025-11-05,,7.74,,post-market,,,,,,,,,,,,,5.8824,,,,,,,,,,,,
2025-12-28,FICO,26.47,1990869000.0,66.23,,1.289,-73.46,,,,,,,,,,,,,,,,,,,,,,,,,,,,,0.179,0.43,,,7.31,,40.32,,1637147000.0,,,,,,,,,,,,,,,,,,,0.481,,,,,,,,,,,,,1.557,82.33,21.14,,,,,,,,0.328,,,2025-11-05,,7.74,,post-market,,,0.326,0.356,0.136,82.14,,,,,1708.45,1719.22,5.8824,,,,,,,,,66.23,,2217.6,1300.0
2025-12-28,FICO,26.47,1990869000.0,66.23,,1.289,-73.46,,,,,,,,,,,,,,,None,91176000,91176000,,,,,,None,4021000,,,,,0.179,0.43,242341000,246362000,7.31,2025-09-30,40.32,,1637147000.0,424575000,202459000,47445000,,,None,39882000,None,,None,,,,,155014000,155014000,-39882000,None,0.481,,187419000,237156000,,,,,None,,,,,1.557,82.33,21.14,,,,,,,,0.328,,,2025-11-05,quarterly,7.74,USD,post-market,50953000,,0.326,0.356,0.136,82.14,125544000,,,,1708.45,1719.22,5.8824,,,,,,,515751000,,66.23,,2217.6,1300.0
2025-12-28,FICO,26.47,1990869000.0,66.23,,1.289,-73.46,,,,,,,,,,,,,,,None,87571000,87571000,,,,,,None,3981000,,,,,0.179,0.43,269890000,273871000,7.31,2025-06-30,40.32,,1637147000.0,448844000,236991000,55202000,,,None,32899000,None,,None,,,,,181789000,181789000,-32899000,None,0.481,,186326000,262518000,,,,,None,,,,,1.557,82.33,21.14,,,,,,,,0.328,,,2025-11-05,quarterly,7.74,USD,post-market,47212000,,0.326,0.356,0.136,82.14,139114000,,,,1708.45,1719.22,5.8824,,,,,,,536415000,,66.23,,2217.6,1300.0
2025-12-28,FICO,26.47,1990869000.0,66.23,,1.289,-73.46,,,,,,,,,,,,,,,None,87630000,87630000,,,,,,None,3415000,,,,,0.179,0.43,244394000,247809000,7.31,2025-03-31,40.32,,1637147000.0,411105000,213016000,50401000,,,None,31378000,None,,None,,,,,162615000,162615000,-31378000,None,0.481,,165457000,245648000,,,,,None,,,,,1.557,82.33,21.14,,,,,,,,0.328,,,2025-11-05,quarterly,7.74,USD,post-market,45037000,,0.326,0.356,0.136,82.14,120420000,,,,1708.45,1719.22,5.8824,,,,,,,498735000,,66.23,,2217.6,1300.0
2025-12-28,FICO,26.47,1990869000.0,66.23,,1.289,-73.46,,,,,,,,,,,,,,,None,87345000,87345000,,,,,,None,3535000,,,,,0.179,0.43,179617000,183152000,7.31,2024-12-31,40.32,,1637147000.0,352623000,150129000,-2399000,,,None,29488000,None,,None,,,,,152528000,152528000,-29488000,None,0.481,,173095000,179528000,,,,,None,,,,,1.557,82.33,21.14,,,,,,,,0.328,,,2025-11-05,quarterly,7.74,USD,post-market,45145000,,0.326,0.356,0.136,82.14,127950000,,,,1708.45,1719.22,5.8824,,,,,,,439968000,,66.23,,2217.6,1300.0
2025-12-28,FICO,26.47,1990869000.0,66.23,,1.289,-73.46,,,,,,,,,,,,,,,None,89574000,89574000,,,,,,None,3815000,,,,,0.179,0.43,199898000,203713000,7.31,2024-09-30,40.32,,1637147000.0,364235000,171383000,35692000,,,None,28515000,None,,None,,,,,135691000,135691000,-28515000,None,0.481,,167057000,197178000,,,,,None,,,,,1.557,82.33,21.14,,,,,,,,0.328,,,2025-11-05,quarterly,7.74,USD,post-market,44208000,,0.326,0.356,0.136,82.14,122757000,,,,1708.45,1719.22,5.8824,,,,,,,453809000,,66.23,,2217.6,1300.0
2025-12-28,FICO,26.47,1990869000.0,66.23,,1.289,-73.46,,,,,,,,,,,,,,,None,88500000,88500000,,,,,,None,3834000,,,,,0.179,0.43,194186000,198020000,7.31,2024-06-30,40.32,,1637147000.0,359349000,167318000,41062000,,,None,26868000,None,,None,,,,,126256000,126256000,-26868000,None,0.481,,169373000,190251000,,,,,None,,,,,1.557,82.33,21.14,,,,,,,,0.328,,,2025-11-05,quarterly,7.74,USD,post-market,44217000,,0.326,0.356,0.136,82.14,124881000,,,,1708.45,1719.22,5.8824,,,,,,,447849000,,66.23,,2217.6,1300.0
2025-12-28,FICO,26.47,1990869000.0,66.23,,1.289,-73.46,,,,,,,,,,,,,,,None,87221000,87221000,,,,,,None,3354000,,,,,0.179,0.43,198827000,202181000,7.31,2024-03-31,40.32,,1637147000.0,346588000,172734000,42935000,,,None,26093000,None,,None,,,,,129799000,129799000,-26093000,None,0.481,,152022000,194841000,,,,,None,,,,,1.557,82.33,21.14,,,,,,,,0.328,,,2025-11-05,quarterly,7.74,USD,post-market,40880000,,0.326,0.356,0.136,82.14,110867000,,,,1708.45,1719.22,5.8824,,,,,,,433809000,,66.23,,2217.6,1300.0
2025-12-28,FICO,26.47,1990869000.0,66.23,,1.289,-73.46,,,,,,,,,,,,,,,None,83461000,83461000,,,,,,None,2824000,,,,,0.179,0.43,154752000,157576000,7.31,2023-12-31,40.32,,1637147000.0,298598000,130590000,9525000,,,None,24162000,None,,None,,,,,121065000,121065000,-24162000,None,0.481,,147239000,151359000,,,,,None,,,,,1.557,82.33,21.14,,,,,,,,0.328,,,2025-11-05,quarterly,7.74,USD,post-market,42635000,,0.326,0.356,0.136,82.14,104329000,,,,1708.45,1719.22,5.8824,,,,,,,382059000,,66.23,,2217.6,1300.0
2025-12-28,FICO,26.47,1990869000.0,66.23,,1.289,-73.46,,,,,,,,,,,,,,,None,82832000,82832000,,,,,,None,2996000,,,,,0.179,0.43,164769000,167765000,7.31,2023-09-30,40.32,,1637147000.0,306901000,140465000,39041000,,,None,24304000,None,,None,,,,,101424000,101424000,-24304000,None,0.481,,141202000,165699000,,,,,None,,,,,1.557,82.33,21.14,,,,,,,,0.328,,,2025-11-05,quarterly,7.74,USD,post-market,41596000,,0.326,0.356,0.136,82.14,89531000,,,,1708.45,1719.22,5.8824,,,,,,,389733000,,66.23,,2217.6,1300.0
2025-12-28,FICO,26.47,1990869000.0,66.23,,1.289,-73.46,,,,,,,,,,,,,,,None,71846000,71846000,,,,,,None,3348000,,,,,0.179,0.43,182332000,185680000,7.31,2023-06-30,40.32,,1637147000.0,326842000,157787000,29029000,,,None,24545000,None,,None,,,,,128758000,128758000,-24545000,None,0.481,,149811000,177031000,,,,,5301000,,,,,1.557,82.33,21.14,,,,,,,,0.328,,,2025-11-05,quarterly,7.74,USD,post-market,41455000,,0.326,0.356,0.136,82.14,108081000,,,,1708.45,1719.22,5.8824,,,,,,,398688000,,66.23,,2217.6,1300.0
2025-12-28,FICO,26.47,1990869000.0,66.23,,1.289,-73.46,,,,,,,,,,,,,,,None,79806000,79806000,,,,,,None,4014000,,,,,0.179,0.43,161366000,165380000,7.31,2023-03-31,40.32,,1637147000.0,300460000,137469000,35919000,,,None,23897000,None,,None,,,,,101550000,101550000,-23897000,None,0.481,,140699000,159761000,,,,,1605000,,,,,1.557,82.33,21.14,,,,,,,,0.328,,,2025-11-05,quarterly,7.74,USD,post-market,40266000,,0.326,0.356,0.136,82.14,100158000,,,,1708.45,1719.22,5.8824,,,,,,,380266000,,66.23,,2217.6,1300.0
2025-12-28,FICO,26.47,1990869000.0,66.23,,1.289,-73.46,,,,,,,,,,,,,,,None,76569000,76569000,,,,,,None,4280000,,,,,0.179,0.43,140703000,144983000,7.31,2022-12-31,40.32,,1637147000.0,268301000,117903000,20260000,,,None,22800000,None,,None,,,,,97643000,97643000,-22800000,None,0.481,,127962000,140339000,,,,,364000,,,,,1.557,82.33,21.14,,,,,,,,0.328,,,2025-11-05,quarterly,7.74,USD,post-market,36633000,,0.326,0.356,0.136,82.14,92995000,,,,1708.45,1719.22,5.8824,,,,,,,344870000,,66.23,,2217.6,1300.0
2025-12-28,FICO,26.47,1990869000.0,66.23,,1.289,-73.46,,,,,,,,,,,,,,,None,82486000,82486000,,,,,,None,4646000,,,,,0.179,0.43,133950000,138596000,7.31,2022-09-30,40.32,,1637147000.0,266262000,113110000,22411000,,,None,20840000,None,,None,,,,,90699000,90699000,-20840000,None,0.481,,132106000,134156000,,,,,-206000,,,,,1.557,82.33,21.14,,,,,,,,0.328,,,2025-11-05,quarterly,7.74,USD,post-market,35511000,,0.326,0.356,0.136,82.14,88053000,,,,1708.45,1719.22,5.8824,,,,,,,348748000,,66.23,,2217.6,1300.0
2025-12-28,FICO,26.47,1990869000.0,66.23,,1.289,-73.46,,,,,,,,,,,,,,,None,78691000,78691000,,,,,,None,5163000,,,,,0.179,0.43,139615000,144778000,7.31,2022-06-30,40.32,,1637147000.0,270275000,120894000,27394000,,,None,18721000,None,,None,,,,,93500000,93500000,-18721000,None,0.481,,129660000,140615000,,,,,-1000000,,,,,1.557,82.33,21.14,,,,,,,,0.328,,,2025-11-05,quarterly,7.74,USD,post-market,35880000,,0.326,0.356,0.136,82.14,93248000,,,,1708.45,1719.22,5.8824,,,,,,,348966000,,66.23,,2217.6,1300.0
2025-12-28,FICO,26.47,1990869000.0,66.23,,1.289,-73.46,,,,,,,,,,,,,,,None,71794000,71794000,,,,,,None,5429000,,,,,0.179,0.43,149696000,155125000,7.31,2022-03-31,40.32,,1637147000.0,285401000,132485000,28102000,,,None,17211000,None,,None,,,,,104383000,104383000,-17211000,None,0.481,,133344000,152057000,,,,,-2361000,,,,,1.557,82.33,21.14,,,,,,,,0.328,,,2025-11-05,quarterly,7.74,USD,post-market,36387000,,0.326,0.356,0.136,82.14,96414000,,,,1708.45,1719.22,5.8824,,,,,,,357195000,,66.23,,2217.6,1300.0
2025-12-28,FICO,26.47,1990869000.0,66.23,,1.289,-73.46,,,,,,,,,,,,,,,None,69203000,69203000,,,,,,None,5227000,,,,,0.179,0.43,117015000,122242000,7.31,2021-12-31,40.32,,1637147000.0,253158000,104820000,19861000,,,None,12195000,None,,None,,,,,84959000,84959000,-12195000,None,0.481,,137572000,115586000,,,,,1429000,,,,,1.557,82.33,21.14,,,,,,,,0.328,,,2025-11-05,quarterly,7.74,USD,post-market,38980000,,0.326,0.356,0.136,82.14,98048000,,,,1708.45,1719.22,5.8824,,,,,,,322361000,,66.23,,2217.6,1300.0
2025-12-28,FICO,26.47,1990869000.0,66.23,,1.289,-73.46,,,,,,,,,,,,,,,None,72361000,72361000,,,,,,None,5526000,,,,,0.179,0.43,115956000,121482000,7.31,2021-09-30,40.32,,1637147000.0,262216000,105466000,19746000,,,None,10490000,None,,None,,,,,85720000,85720000,-10490000,None,0.481,,147031000,115185000,,,,,771000,,,,,1.557,82.33,21.14,,,,,,,,0.328,,,2025-11-05,quarterly,7.74,USD,post-market,41142000,,0.326,0.356,0.136,82.14,93911000,,,,1708.45,1719.22,5.8824,,,,,,,334577000,,66.23,,2217.6,1300.0
2025-12-28,FICO,26.47,1990869000.0,66.23,,1.289,-73.46,,,,,,,,,,,,,,,None,82240000,82240000,,,,,,None,6365000,,,,,0.179,0.43,197910000,204275000,7.31,2021-06-30,40.32,,1637147000.0,255944000,187892000,36694000,,,None,10018000,None,,None,,,,,151198000,151198000,-10018000,None,0.481,,61560000,194384000,,,,,3526000,,,,,1.557,82.33,21.14,,,,,,,,0.328,,,2025-11-05,quarterly,7.74,USD,post-market,45826000,,0.326,0.356,0.136,82.14,107729000,,,,1708.45,1719.22,5.8824,,,,,,,338184000,,66.23,,2217.6,1300.0
2025-12-28,FICO,26.47,1990869000.0,66.23,,1.289,-73.46,,,,,,,,,,,,,,,None,88333000,88333000,,,,,,None,6675000,,,,,0.179,0.43,101767000,108442000,7.31,2021-03-31,40.32,,1637147000.0,243028000,91824000,23150000,,,None,9943000,None,,None,,,,,68674000,68674000,-9943000,None,0.481,,141829000,101199000,,,,,568000,,,,,1.557,82.33,21.14,,,,,,,,0.328,,,2025-11-05,quarterly,7.74,USD,post-market,43612000,,0.326,0.356,0.136,82.14,97272000,,,,1708.45,1719.22,5.8824,,,,,,,331361000,,66.23,,2217.6,1300.0
2025-12-28,FICO,26.47,1990869000.0,66.23,,1.289,-73.46,,,,,,,,,,,,,,,None,89528000,89528000,,,,,,None,7026000,,,,,0.179,0.43,97601000,104627000,7.31,2020-12-31,40.32,,1637147000.0,222886000,87960000,1468000,,,None,9641000,None,,None,,,,,86492000,86492000,-9641000,None,0.481,,128165000,94721000,,,,,2880000,,,,,1.557,82.33,21.14,,,,,,,,0.328,,,2025-11-05,quarterly,7.74,USD,post-market,40651000,,0.326,0.356,0.136,82.14,93911000,,,,1708.45,1719.22,5.8824,,,,,,,312414000,,66.23,,2217.6,1300.0
2025-12-28,FICO,26.47,1990869000.0,66.23,,1.289,-73.46,,,,,,,,,,,,,,,None,93676000,93676000,,,,,,None,6818000,,,,,0.179,0.43,86365000,93183000,7.31,2020-09-30,40.32,,1637147000.0,280680000,76433000,17307000,,,None,9932000,None,,None,,,,,59126000,59126000,-9932000,None,0.481,,195190000,85490000,,,,,875000,,,,,1.557,82.33,21.14,,,,,,,,0.328,,,2025-11-05,quarterly,7.74,USD,post-market,46706000,,0.326,0.356,0.136,82.14,96912000,,,,1708.45,1719.22,5.8824,,,,,,,374356000,,66.23,,2217.6,1300.0
2025-12-28,FICO,26.47,1990869000.0,66.23,,1.289,-73.46,,,,,,,,,,,,,,,None,88569000,88569000,,,,,,None,8014000,,,,,0.179,0.43,87431000,95445000,7.31,2020-06-30,40.32,,1637147000.0,225162000,76208000,12132000,,,None,11223000,None,,None,,,,,64076000,64076000,-11223000,None,0.481,,142291000,82871000,,,,,4560000,,,,,1.557,82.33,21.14,,,,,,,,0.328,,,2025-11-05,quarterly,7.74,USD,post-market,41411000,,0.326,0.356,0.136,82.14,99832000,,,,1708.45,1719.22,5.8824,,,,,,,313731000,,66.23,,2217.6,1300.0
2025-12-28,FICO,26.47,1990869000.0,66.23,,1.289,-73.46,,,,,,,,,,,,,,,None,88139000,88139000,,,,,,None,7679000,,,,,0.179,0.43,73718000,81397000,7.31,2020-03-31,40.32,,1637147000.0,219832000,62464000,4176000,,,None,11254000,11254000,,None,,,,,58288000,58288000,-11254000,None,0.481,,144106000,75726000,,,,,-2008000,,,,,1.557,82.33,21.14,,,,,,,,0.328,,,2025-11-05,quarterly,7.74,USD,post-market,39439000,,0.326,0.356,0.136,82.14,103465000,,,,1708.45,1719.22,5.8824,,,,,,,307971000,,66.23,,2217.6,1300.0
2025-12-28,FICO,26.47,1990869000.0,66.23,,1.289,-73.46,,,,,,,,,,,,,,,None,90758000,90758000,,,,,,None,7856000,,,,,0.179,0.43,51663000,59519000,7.31,2019-12-31,40.32,,1637147000.0,207746000,41895000,-13026000,,,None,9768000,8623000,,None,,,,,54921000,54921000,-9768000,None,0.481,,155864000,51882000,,,,,-219000,,,,,1.557,82.33,21.14,,,,,,,,0.328,,,2025-11-05,quarterly,7.74,USD,post-market,38943000,,0.326,0.356,0.136,82.14,112021000,,,,1708.45,1719.22,5.8824,,,,,,,298504000,,66.23,,2217.6,1300.0
2025-12-28,FICO,26.47,1990869000.0,66.23,,1.289,-73.46,,,,,,,,,,,,,,,None,87996000,87996000,,,,,,None,7878000,,,,,0.179,0.43,70845000,78723000,7.31,2019-09-30,40.32,,1637147000.0,217348000,60888000,6304000,,,None,9957000,9957000,,None,,,,,54584000,54584000,-9957000,None,0.481,,147061000,70287000,,,,,558000,,,,,1.557,82.33,21.14,,,,,,,,0.328,,,2025-11-05,quarterly,7.74,USD,post-market,39396000,,0.326,0.356,0.136,82.14,102392000,,,,1708.45,1719.22,5.8824,,,,,,,305344000,,66.23,,2217.6,1300.0
2025-12-28,FICO,26.47,1990869000.0,66.23,,1.289,-73.46,,,,,,,,,,,,,,,None,87215000,87215000,,,,,,None,7948000,,,,,0.179,0.43,88165000,96113000,7.31,2019-06-30,40.32,,1637147000.0,227034000,78054000,13902000,,,None,10111000,11039000,,None,,,,,64152000,64152000,-10111000,None,0.481,,141326000,85708000,,,,,2457000,,,,,1.557,82.33,21.14,,,,,,,,0.328,,,2025-11-05,quarterly,7.74,USD,post-market,36972000,,0.326,0.356,0.136,82.14,102906000,,,,1708.45,1719.22,5.8824,,,,,,,314249000,,66.23,,2217.6,1300.0
2025-12-28,FICO,26.47,1990869000.0,66.23,,1.289,-73.46,,,,,,,,,,,,,,,None,85568000,85568000,,,,,,None,7819000,,,,,0.179,0.43,49982000,57801000,7.31,2019-03-31,40.32,,1637147000.0,192666000,39974000,6593000,,,None,10008000,None,,None,,,,,33381000,33381000,-10008000,None,0.481,,144117000,48549000,,,,,1433000,,,,,1.557,82.33,21.14,,,,,,,,0.328,,,2025-11-05,quarterly,7.74,USD,post-market,37684000,,0.326,0.356,0.136,82.14,104930000,,,,1708.45,1719.22,5.8824,,,,,,,278234000,,66.23,,2217.6,1300.0
2025-12-28,FICO,26.47,1990869000.0,66.23,,1.289,-73.46,,,,,,,,,,,,,,,None,76066000,76066000,,,,,,None,7967000,,,,,0.179,0.43,46832000,54799000,7.31,2018-12-31,40.32,,1637147000.0,186190000,37156000,-2851000,,,None,9676000,None,,None,,,,,40007000,40007000,None,None,0.481,,137186000,49004000,,,,,-2172000,,,,,1.557,82.33,21.14,,,,,,,,0.328,,,2025-11-05,quarterly,7.74,USD,post-market,35426000,,0.326,0.356,0.136,82.14,100258000,,,,1708.45,1719.22,5.8824,,,,,,,262256000,,66.23,,2217.6,1300.0
2025-12-28,FICO,26.47,1990869000.0,66.23,,1.289,-73.46,,,,,,,,,,,,,,,None,79431000,79431000,,,,,,None,7853000,,,,,0.179,0.43,81022000,88875000,7.31,2018-09-30,40.32,,1637147000.0,200360000,71510000,21030000,,,None,9512000,None,,None,,,,,50480000,50480000,None,None,0.481,,130282000,70078000,,,,,10944000,,,,,1.557,82.33,21.14,,,,,,,,0.328,,,2025-11-05,quarterly,7.74,USD,post-market,34407000,,0.326,0.356,0.136,82.14,88954001,,,,1708.45,1719.22,5.8824,,,,,,,279791000,,66.23,,2217.6,1300.0
2025-12-28,FICO,26.47,1990869000.0,66.23,,1.289,-73.46,,,,,,,,,,,,,,,None,78390000,78390000,,,,,,None,7234000,,,,,0.179,0.43,46125000,53359000,7.31,2018-06-30,40.32,,1637147000.0,181115000,41741000,9380000,,,None,8223000,None,,None,,,,,32361000,32361000,None,None,0.481,,131445000,44537000,,,,,1588000,,,,,1.557,82.33,21.14,,,,,,,,0.328,,,2025-11-05,quarterly,7.74,USD,post-market,32483000,,0.326,0.356,0.136,82.14,98685000,,,,1708.45,1719.22,5.8824,,,,,,,259505000,,66.23,,2217.6,1300.0
2025-12-28,FICO,26.47,1990869000.0,66.23,,1.289,-73.46,,,,,,,,,,,,,,,None,78519000,78519000,,,,,,None,7364000,,,,,0.179,0.43,46278000,53642000,7.31,2018-03-31,40.32,,1637147000.0,179339000,40802000,8527000,,,None,7116000,None,,None,,,,,32275000,32275000,None,None,0.481,,130328000,46439000,,,,,-161000,,,,,1.557,82.33,21.14,,,,,,,,0.328,,,2025-11-05,quarterly,7.74,USD,post-market,32519000,,0.326,0.356,0.136,82.14,97057000,,,,1708.45,1719.22,5.8824,,,,,,,257858000,,66.23,,2217.6,1300.0
2025-12-28,FICO,26.47,1990869000.0,66.23,,1.289,-73.46,,,,,,,,,,,,,,,None,74359000,74359000,,,,,,None,7731000,,,,,0.179,0.43,37338000,45069000,7.31,2017-12-31,40.32,,1637147000.0,160962000,33957000,6658000,,,None,6460000,None,,None,,,,,27299000,27299000,None,None,0.481,,121104000,36825000,,,,,513000,,,,,1.557,82.33,21.14,,,,,,,,0.328,,,2025-11-05,quarterly,7.74,USD,post-market,28974000,,0.326,0.356,0.136,82.14,90296000,,,,1708.45,1719.22,5.8824,,,,,,,235321000,,66.23,,2217.6,1300.0
2025-12-28,FICO,26.47,1990869000.0,66.23,,1.289,-73.46,,,,,,,,,,,,,,,None,75202000,75202000,,,,,,None,8787000,,,,,0.179,0.43,60589000,69376000,7.31,2017-09-30,40.32,,1637147000.0,178003000,54202000,14158000,,,None,6387000,None,,None,,,,,40044000,40044000,None,None,0.481,,117200000,60803000,,,,,-214000,,,,,1.557,82.33,21.14,,,,,,,,0.328,,,2025-11-05,quarterly,7.74,USD,post-market,30226000,,0.326,0.356,0.136,82.14,81162000,,,,1708.45,1719.22,5.8824,,,,,,,253205000,,66.23,,2217.6,1300.0
2025-12-28,FICO,26.47,1990869000.0,66.23,,1.289,-73.46,,,,,,,,,,,,,,,None,69793000,69793000,,,,,,None,9191000,,,,,0.179,0.43,41984000,51175000,7.31,2017-06-30,40.32,,1637147000.0,161193000,35331000,10104000,,,None,6653000,None,,None,,,,,25227000,25227000,None,None,0.481,,119764000,41429000,,,,,555000,,,,,1.557,82.33,21.14,,,,,,,,0.328,,,2025-11-05,quarterly,7.74,USD,post-market,27839000,,0.326,0.356,0.136,82.14,84089000,,,,1708.45,1719.22,5.8824,,,,,,,230986000,,66.23,,2217.6,1300.0
2025-12-28,FICO,26.47,1990869000.0,66.23,,1.289,-73.46,,,,,,,,,,,,,,,None,72131000,72131000,,,,,,None,9178000,,,,,0.179,0.43,39714000,48892000,7.31,2017-03-31,40.32,,1637147000.0,156247000,33136000,8052000,,,None,6578000,None,,None,,,,,25084000,25084000,None,None,0.481,,116206000,40041000,,,,,-327000,,,,,1.557,82.33,21.14,,,,,,,,0.328,,,2025-11-05,quarterly,7.74,USD,post-market,26663000,,0.326,0.356,0.136,82.14,86231000,,,,1708.45,1719.22,5.8824,,,,,,,228378000,,66.23,,2217.6,1300.0
2025-12-28,FICO,26.47,1990869000.0,66.23,,1.289,-73.46,,,,,,,,,,,,,,,None,69997000,69997000,,,,,,None,9058000,,,,,0.179,0.43,34827000,43885000,7.31,2016-12-31,40.32,,1637147000.0,149603000,28655000,-9246000,,,None,6172000,None,,None,,,,,37901000,37901000,None,None,0.481,,114676000,34927000,,,,,-100000,,,,,1.557,82.33,21.14,,,,,,,,0.328,,,2025-11-05,quarterly,7.74,USD,post-market,26142000,,0.326,0.356,0.136,82.14,85214000,,,,1708.45,1719.22,5.8824,,,,,,,219600000,,66.23,,2217.6,1300.0
2025-12-28,FICO,26.47,1990869000.0,66.23,,1.289,-73.46,,,,,,,,,,,,,,,None,74298000,74298000,,,,,,None,8506000,,,,,0.179,0.43,44672000,53178000,7.31,2016-09-30,40.32,,1637147000.0,161526000,38359000,6255000,,,None,6313000,None,,None,,,,,32104000,32104000,None,None,0.481,,116611000,44915000,,,,,-243000,,,,,1.557,82.33,21.14,,,,,,,,0.328,,,2025-11-05,quarterly,7.74,USD,post-market,27773000,,0.326,0.356,0.136,82.14,81829000,,,,1708.45,1719.22,5.8824,,,,,,,235824000,,66.23,,2217.6,1300.0
2025-12-28,FICO,26.47,1990869000.0,66.23,,1.289,-73.46,,,,,,,,,,,,,,,None,66384000,66384000,,,,,,None,7959000,,,,,0.179,0.43,57071000,65030000,7.31,2016-06-30,40.32,,1637147000.0,172394000,50290000,15303000,,,None,6781000,None,,None,,,,,34987000,34987000,None,None,0.481,,117075000,55319000,,,,,1752000,,,,,1.557,82.33,21.14,,,,,,,,0.328,,,2025-11-05,quarterly,7.74,USD,post-market,26417000,,0.326,0.356,0.136,82.14,87172000,,,,1708.45,1719.22,5.8824,,,,,,,238778000,,66.23,,2217.6,1300.0
2025-12-28,FICO,26.47,1990869000.0,66.23,,1.289,-73.46,,,,,,,,,,,,,,,None,62298000,62298000,,,,,,None,7727000,,,,,0.179,0.43,38959000,46686000,7.31,2016-03-31,40.32,,1637147000.0,144380000,32144000,9028000,,,None,6815000,None,,None,,,,,23116000,23116000,None,None,0.481,,105856000,38524000,,,,,435000,,,,,1.557,82.33,21.14,,,,,,,,0.328,,,2025-11-05,quarterly,7.74,USD,post-market,24848000,,0.326,0.356,0.136,82.14,77501000,,,,1708.45,1719.22,5.8824,,,,,,,206678000,,66.23,,2217.6,1300.0
2025-12-28,FICO,26.47,1990869000.0,66.23,,1.289,-73.46,,,,,,,,,,,,,,,None,62193000,62193000,,,,,,None,7441000,,,,,0.179,0.43,30500000,37941000,7.31,2015-12-31,40.32,,1637147000.0,137883000,23776000,4535000,,,None,6724000,None,,None,,,,,19241000,19241000,None,None,0.481,,107049000,30834000,,,,,-334000,,,,,1.557,82.33,21.14,,,,,,,,0.328,,,2025-11-05,quarterly,7.74,USD,post-market,24631000,,0.326,0.356,0.136,82.14,78838000,,,,1708.45,1719.22,5.8824,,,,,,,200076000,,66.23,,2217.6,1300.0
2025-12-28,FICO,26.47,1990869000.0,66.23,,1.289,-73.46,,,,,,,,,,,,,,,None,67042000,67042000,,,,,,None,7796000,,,,,0.179,0.43,41284000,49080000,7.31,2015-09-30,40.32,,1637147000.0,165714000,34417000,1098000,,,None,6867000,None,,None,,,,,33319000,33319000,None,None,0.481,,124542000,41172000,,,,,112000,,,,,1.557,82.33,21.14,,,,,,,,0.328,,,2025-11-05,quarterly,7.74,USD,post-market,26236000,,0.326,0.356,0.136,82.14,78693000,,,,1708.45,1719.22,5.8824,,,,,,,232756000,,66.23,,2217.6,1300.0
2025-12-28,FICO,26.47,1990869000.0,66.23,,1.289,-73.46,,,,,,,,,,,,,,,None,66202000,66202000,,,,,,None,9046000,,,,,0.179,0.43,37824000,46870000,7.31,2015-06-30,40.32,,1637147000.0,143164000,30464000,10558000,,,None,7360000,None,,None,,,,,19906000,19906000,None,None,0.481,,106110000,37054000,,,,,770000,,,,,1.557,82.33,21.14,,,,,,,,0.328,,,2025-11-05,quarterly,7.74,USD,post-market,25610000,,0.326,0.356,0.136,82.14,74645000,,,,1708.45,1719.22,5.8824,,,,,,,209366000,,66.23,,2217.6,1300.0
2025-12-28,FICO,26.47,1990869000.0,66.23,,1.289,-73.46,,,,,,,,,,,,,,,None,70991000,70991000,,,,,,None,8940000,,,,,0.179,0.43,33751000,42691000,7.31,2015-03-31,40.32,,1637147000.0,136118000,26033000,7163000,,,None,7718000,None,,None,,,,,18870000,18870000,None,None,0.481,,101719000,34399000,,,,,-648000,,,,,1.557,82.33,21.14,,,,,,,,0.328,,,2025-11-05,quarterly,7.74,USD,post-market,24341000,,0.326,0.356,0.136,82.14,73863000,,,,1708.45,1719.22,5.8824,,,,,,,207109000,,66.23,,2217.6,1300.0
2025-12-28,FICO,26.47,1990869000.0,66.23,,1.289,-73.46,,,,,,,,,,,,,,,None,66300000,66300000,,,,,,None,8107000,,,,,0.179,0.43,25529000,33636000,7.31,2014-12-31,40.32,,1637147000.0,123250000,18324000,3917000,,,None,7205000,None,,None,,,,,14407000,14407000,None,None,0.481,,98370000,24880000,,,,,649000,,,,,1.557,82.33,21.14,,,,,,,,0.328,,,2025-11-05,quarterly,7.74,USD,post-market,22637000,,0.326,0.356,0.136,82.14,72801000,,,,1708.45,1719.22,5.8824,,,,,,,189550000,,66.23,,2217.6,1300.0
2025-12-28,FICO,26.47,1990869000.0,66.23,,1.289,-73.46,,,,,,,,,,,,,,,None,71027000,71027000,,,,,,None,8436000,,,,,0.179,0.43,51605000,60041000,7.31,2014-09-30,40.32,,1637147000.0,150543000,44360000,7757000,,,None,7245000,None,,None,,,,,36603000,36603000,None,None,0.481,,99103000,51440000,,,,,165000,,,,,1.557,82.33,21.14,,,,,,,,0.328,,,2025-11-05,quarterly,7.74,USD,post-market,22413000,,0.326,0.356,0.136,82.14,73713000,,,,1708.45,1719.22,5.8824,,,,,,,221570000,,66.23,,2217.6,1300.0
2025-12-28,FICO,26.47,1990869000.0,66.23,,1.289,-73.46,,,,,,,,,,,,,,,None,62752000,62752000,,,,,,None,8184000,,,,,0.179,0.43,37352000,45536000,7.31,2014-06-30,40.32,,1637147000.0,134858000,30301000,9753000,,,None,7064000,None,,None,,,,,20548000,20548000,None,None,0.481,,98437000,36421000,,,,,944000,,,,,1.557,82.33,21.14,,,,,,,,0.328,,,2025-11-05,quarterly,7.74,USD,post-market,23240000,,0.326,0.356,0.136,82.14,71557000,,,,1708.45,1719.22,5.8824,,,,,,,197610000,,66.23,,2217.6,1300.0
2025-12-28,FICO,26.47,1990869000.0,66.23,,1.289,-73.46,,,,,,,,,,,,,,,None,58183000,58183000,,,,,,None,7845000,,,,,0.179,0.43,38386000,46231000,7.31,2014-03-31,40.32,,1637147000.0,127279000,31287000,10536000,,,None,7109000,None,,None,,,,,20751000,20751000,None,None,0.481,,88542000,38737000,,,,,-341000,,,,,1.557,82.33,21.14,,,,,,,,0.328,,,2025-11-05,quarterly,7.74,USD,post-market,19690000,,0.326,0.356,0.136,82.14,65944000,,,,1708.45,1719.22,5.8824,,,,,,,185462000,,66.23,,2217.6,1300.0
2025-12-28,FICO,26.47,1990869000.0,66.23,,1.289,-73.46,,,,,,,,,,,,,,,None,57319000,57319000,,,,,,None,8167000,,,,,0.179,0.43,34309000,42476000,7.31,2013-12-31,40.32,,1637147000.0,127024000,27183000,10206000,,,None,7132000,None,,None,,,,,16977000,16977000,None,None,0.481,,91754000,35270000,,,,,-955000,,,,,1.557,82.33,21.14,,,,,,,,0.328,,,2025-11-05,quarterly,7.74,USD,post-market,18092000,,0.326,0.356,0.136,82.14,66989000,,,,1708.45,1719.22,5.8824,,,,,,,184343000,,66.23,,2217.6,1300.0
2025-12-28,FICO,26.47,1990869000.0,66.23,,1.289,-73.46,,,,,,,,,,,,,,,None,56809000,56809000,,,,,,None,8054000,,,,,0.179,0.43,50047000,58101000,7.31,2013-09-30,40.32,,1637147000.0,133518000,42933000,14376000,,,None,7114000,None,,None,,,,,28557000,28557000,None,None,0.481,,83333000,50185000,,,,,-138000,,,,,1.557,82.33,21.14,,,,,,,,0.328,,,2025-11-05,quarterly,7.74,USD,post-market,17824000,,0.326,0.356,0.136,82.14,62427000,,,,1708.45,1719.22,5.8824,,,,,,,190327000,,66.23,,2217.6,1300.0
2025-12-28,FICO,26.47,1990869000.0,66.23,,1.289,-73.46,,,,,,,,,,,,,,,None,57655000,57655000,,,,,,None,8727000,,,,,0.179,0.43,36053000,44780000,7.31,2013-06-30,40.32,,1637147000.0,126117000,28621000,8999000,,,None,7432000,None,,None,,,,,19622000,19622000,None,None,0.481,,90909000,35208000,,,,,845000,,,,,1.557,82.33,21.14,,,,,,,,0.328,,,2025-11-05,quarterly,7.74,USD,post-market,18570000,,0.326,0.356,0.136,82.14,68665000,,,,1708.45,1719.22,5.8824,,,,,,,183772000,,66.23,,2217.6,1300.0
2025-12-28,FICO,26.47,1990869000.0,66.23,,1.289,-73.46,,,,,,,,,,,,,,,None,58856000,58856000,,,,,,None,8460000,,,,,0.179,0.43,33242000,41702000,7.31,2013-03-31,40.32,,1637147000.0,120469000,25387000,6892000,,,None,7855000,None,,None,,,,,18495000,18495000,None,None,0.481,,87263000,33206000,,,,,36000,,,,,1.557,82.33,21.14,,,,,,,,0.328,,,2025-11-05,quarterly,7.74,USD,post-market,16021000,,0.326,0.356,0.136,82.14,67638000,,,,1708.45,1719.22,5.8824,,,,,,,179325000,,66.23,,2217.6,1300.0
2025-12-28,FICO,26.47,1990869000.0,66.23,,1.289,-73.46,,,,,,,,,,,,,,,None,56148000,56148000,,,,,,None,7973000,,,,,0.179,0.43,42923000,50896000,7.31,2012-12-31,40.32,,1637147000.0,133872000,35043000,11622000,,,None,7880000,None,,None,,,,,23421000,23421000,None,None,0.481,,90878000,42994000,,,,,-71000,,,,,1.557,82.33,21.14,,,,,,,,0.328,,,2025-11-05,quarterly,7.74,USD,post-market,14552000,,0.326,0.356,0.136,82.14,69665000,,,,1708.45,1719.22,5.8824,,,,,,,190020000,,66.23,,2217.6,1300.0
2025-12-28,FICO,26.47,1990869000.0,66.23,,1.289,-73.46,,,,,,,,,,,,,,,None,55327000,55327000,,,,,,None,6994000,,,,,0.179,0.43,40536000,47530000,7.31,2012-09-30,40.32,,1637147000.0,130748000,32680000,11434000,,,None,7856000,None,,None,,,,,21246000,21246000,None,None,0.481,,89826000,40922000,,,,,-386000,,,,,1.557,82.33,21.14,,,,,,,,0.328,,,2025-11-05,quarterly,7.74,USD,post-market,17602000,,0.326,0.356,0.136,82.14,65040000,,,,1708.45,1719.22,5.8824,,,,,,,186075000,,66.23,,2217.6,1300.0
2025-12-28,FICO,26.47,1990869000.0,66.23,,1.289,-73.46,,,,,,,,,,,,,,,None,47832000,47832000,,,,,,None,4506000,,,,,0.179,0.43,38161000,42667000,7.31,2012-06-30,40.32,,1637147000.0,112646000,30254000,9505000,,,None,7907000,None,,None,,,,,20749000,20749000,None,None,0.481,,75478000,37168000,,,,,993000,,,,,1.557,82.33,21.14,,,,,,,,0.328,,,2025-11-05,quarterly,7.74,USD,post-market,14890000,,0.326,0.356,0.136,82.14,59123000,,,,1708.45,1719.22,5.8824,,,,,,,160478000,,66.23,,2217.6,1300.0
2025-12-28,FICO,26.47,1990869000.0,66.23,,1.289,-73.46,,,,,,,,,,,,,,,None,48814000,48814000,,,,,,None,4521000,,,,,0.179,0.43,37668000,42189000,7.31,2012-03-31,40.32,,1637147000.0,110707000,29684000,9672000,,,None,7984000,None,,None,,,,,20012000,20012000,None,None,0.481,,72511000,38196000,,,,,-528000,,,,,1.557,82.33,21.14,,,,,,,,0.328,,,2025-11-05,quarterly,7.74,USD,post-market,13986000,,0.326,0.356,0.136,82.14,57035000,,,,1708.45,1719.22,5.8824,,,,,,,159521000,,66.23,,2217.6,1300.0
2025-12-28,FICO,26.47,1990869000.0,66.23,,1.289,-73.46,,,,,,,,,,,,,,,None,45974000,45974000,,,,,,None,5528000,,,,,0.179,0.43,51612000,57140000,7.31,2011-12-31,40.32,,1637147000.0,124375000,43625000,13628000,,,None,7987000,None,,None,,,,,29997000,29997000,None,None,0.481,,72303000,52072000,,,,,-460000,,,,,1.557,82.33,21.14,,,,,,,,0.328,,,2025-11-05,quarterly,7.74,USD,post-market,13049000,,0.326,0.356,0.136,82.14,57324000,,,,1708.45,1719.22,5.8824,,,,,,,170349000,,66.23,,2217.6,1300.0
2025-12-28,FICO,26.47,1990869000.0,66.23,,1.289,-73.46,,,,,,,,,,,,,,,None,48763000,48763000,,,,,,None,5574000,,,,,0.179,0.43,41024000,46598000,7.31,2011-09-30,40.32,,1637147000.0,111486000,33061000,8442000,,,None,7963000,None,,None,,,,,24619000,24619000,None,None,0.481,,70383000,41103000,,,,,-79000,,,,,1.557,82.33,21.14,,,,,,,,0.328,,,2025-11-05,quarterly,7.74,USD,post-market,13556000,,0.326,0.356,0.136,82.14,54890000,,,,1708.45,1719.22,5.8824,,,,,,,160249000,,66.23,,2217.6,1300.0
2025-12-28,FICO,26.47,1990869000.0,66.23,,1.289,-73.46,,,,,,,,,,,,,,,None,43398000,43398000,,,,,,None,5853000,,,,,0.179,0.43,39960000,45813000,7.31,2011-06-30,40.32,,1637147000.0,107281000,31937000,8748000,,,None,8023000,None,,None,,,,,23189000,23189000,None,None,0.481,,69875000,37406000,,,,,2554000,,,,,1.557,82.33,21.14,,,,,,,,0.328,,,2025-11-05,quarterly,7.74,USD,post-market,14290000,,0.326,0.356,0.136,82.14,53643000,,,,1708.45,1719.22,5.8824,,,,,,,150679000,,66.23,,2217.6,1300.0
2025-12-28,FICO,26.47,1990869000.0,66.23,,1.289,-73.46,,,,,,,,,,,,,,,None,48506000,48506000,,,,,,None,6315000,,,,,0.179,0.43,19171000,25486000,7.31,2011-03-31,40.32,,1637147000.0,104318000,11034000,3289000,,,None,8137000,None,,None,,,,,7745000,7745000,None,None,0.481,,85126000,19192000,,,,,-21000,,,,,1.557,82.33,21.14,,,,,,,,0.328,,,2025-11-05,quarterly,7.74,USD,post-market,16222000,,0.326,0.356,0.136,82.14,55449000,,,,1708.45,1719.22,5.8824,,,,,,,152824000,,66.23,,2217.6,1300.0
2025-12-28,FICO,26.47,1990869000.0,66.23,,1.289,-73.46,,,,,,,,,,,,,,,None,45803000,45803000,,,,,,None,6455000,,,,,0.179,0.43,29664000,36119000,7.31,2010-12-31,40.32,,1637147000.0,110128000,21423000,5414000,,,None,8241000,None,,None,,,,,16009000,16009000,None,None,0.481,,80492000,29636000,,,,,28000,,,,,1.557,82.33,21.14,,,,,,,,0.328,,,2025-11-05,quarterly,7.74,USD,post-market,18061000,,0.326,0.356,0.136,82.14,59633000,,,,1708.45,1719.22,5.8824,,,,,,,155931000,,66.23,,2217.6,1300.0
2025-12-28,FICO,26.47,1990869000.0,66.23,,1.289,-73.46,,,,,,,,,,,,,,,None,48456000,48456000,,,,,,None,7156000,,,,,0.179,0.43,27871000,35027000,7.31,2010-09-30,40.32,,1637147000.0,106642000,20040000,4199000,,,None,7831000,None,,None,,,,,15841000,0,None,None,0.481,,79064000,27578000,,,,,None,,,,,1.557,82.33,21.14,,,,,,,,0.328,,,2025-11-05,quarterly,7.74,USD,post-market,16178000,,0.326,0.356,0.136,82.14,59286000,,,,1708.45,1719.22,5.8824,,,,,,,155098000,,66.23,,2217.6,1300.0
2025-12-28,FICO,26.47,1990869000.0,66.23,,1.289,-73.46,,,,,,,,,,,,,,,None,45316000,45316000,,,,,,None,7634000,,,,,0.179,0.43,32171000,39805000,7.31,2010-06-30,40.32,,1637147000.0,110013000,26709000,8771000,,,None,5462000,None,,None,,,,,17938000,17938000,None,None,0.481,,78936000,31077000,,,,,1094000,,,,,1.557,82.33,21.14,,,,,,,,0.328,,,2025-11-05,quarterly,7.74,USD,post-market,19176000,,0.326,0.356,0.136,82.14,57077000,,,,1708.45,1719.22,5.8824,,,,,,,155329000,,66.23,,2217.6,1300.0
2025-12-28,FICO,26.47,1990869000.0,66.23,,1.289,-73.46,,,,,,,,,,,,,,,None,44641000,44641000,,,,,,None,8041000,,,,,0.179,0.43,24595000,32636000,7.31,2010-03-31,40.32,,1637147000.0,99079000,19172000,6180000,,,None,5423000,None,,None,,,,,12992000,0,None,None,0.481,,76018000,23061000,,,,,None,,,,,1.557,82.33,21.14,,,,,,,,0.328,,,2025-11-05,quarterly,7.74,USD,post-market,19251000,,0.326,0.356,0.136,82.14,53697000,,,,1708.45,1719.22,5.8824,,,,,,,143720000,,66.23,,2217.6,1300.0
2025-12-28,FICO,26.47,1990869000.0,66.23,,1.289,-73.46,,,,,,,,,,,,,,,None,42519000,42519000,,,,,,None,8087000,,,,,0.179,0.43,31791000,39878000,7.31,2009-12-31,40.32,,1637147000.0,108977000,26383000,8697000,,,None,5408000,None,,None,,,,,17686000,0,None,None,0.481,,77344000,31633000,,,,,None,,,,,1.557,82.33,21.14,,,,,,,,0.328,,,2025-11-05,quarterly,7.74,USD,post-market,18976000,,0.326,0.356,0.136,82.14,55203000,,,,1708.45,1719.22,5.8824,,,,,,,151496000,,66.23,,2217.6,1300.0
2025-12-28,FICO,26.47,1990869000.0,66.23,,1.289,-73.46,,,,,,,,,,,,,,,None,45793000,45793000,,,,,,None,9367000,,,,,0.179,0.43,33660000,43027000,7.31,2009-09-30,40.32,,1637147000.0,106129000,27950000,10842000,,,None,5710000,None,,None,,,,,17108000,0,None,None,0.481,,73286000,32843000,,,,,None,,,,,1.557,82.33,21.14,,,,,,,,0.328,,,2025-11-05,quarterly,7.74,USD,post-market,18217000,,0.326,0.356,0.136,82.14,51800000,,,,1708.45,1719.22,5.8824,,,,,,,151922000,,66.23,,2217.6,1300.0
2025-12-28,FICO,26.47,1990869000.0,66.23,,1.289,-73.46,,,,,,,,,,,,,,,None,48160000,48160000,,,,,,None,9655000,,,,,0.179,0.43,34668000,44323000,7.31,2009-06-30,40.32,,1637147000.0,107858000,28582000,10443000,,,None,6086000,None,,None,,,,,18139000,0,None,None,0.481,,74629000,33229000,,,,,None,,,,,1.557,82.33,21.14,,,,,,,,0.328,,,2025-11-05,quarterly,7.74,USD,post-market,18364000,,0.326,0.356,0.136,82.14,50290000,,,,1708.45,1719.22,5.8824,,,,,,,156018000,,66.23,,2217.6,1300.0
2025-12-28,FICO,26.47,1990869000.0,66.23,,1.289,-73.46,,,,,,,,,,,,,,,None,53476000,53476000,,,,,,None,9814000,,,,,0.179,0.43,31396000,41210000,7.31,2009-03-31,40.32,,1637147000.0,105859000,24869000,6761000,,,None,6527000,None,,None,,,,,17745000,0,None,None,0.481,,75410000,30449000,,,,,None,,,,,1.557,82.33,21.14,,,,,,,,0.328,,,2025-11-05,quarterly,7.74,USD,post-market,18924000,,0.326,0.356,0.136,82.14,52460000,,,,1708.45,1719.22,5.8824,,,,,,,159335000,,66.23,,2217.6,1300.0
2025-12-28,FICO,26.47,1990869000.0,66.23,,1.289,-73.46,,,,,,,,,,,,,,,None,59019000,59019000,,,,,,None,9583000,,,,,0.179,0.43,23327000,32910000,7.31,2008-12-31,40.32,,1637147000.0,104441000,16169000,4059000,,,None,7158000,None,,None,,,,,12110000,0,None,None,0.481,,84215000,20226000,,,,,None,,,,,1.557,82.33,21.14,,,,,,,,0.328,,,2025-11-05,quarterly,7.74,USD,post-market,18121000,,0.326,0.356,0.136,82.14,54769000,,,,1708.45,1719.22,5.8824,,,,,,,163460000,,66.23,,2217.6,1300.0
2025-12-28,FICO,26.47,1990869000.0,66.23,,1.289,-73.46,,,,,,,,,,,,,,,None,66290000,66290000,,,,,,None,9371000,,,,,0.179,0.43,31670000,41041000,7.31,2008-09-30,40.32,,1637147000.0,111897000,25495000,1717000,,,None,20335000,None,,None,,,,,23778000,0,None,None,0.481,,82538000,29359000,,,,,None,,,,,1.557,82.33,21.14,,,,,,,,0.328,,,2025-11-05,quarterly,7.74,USD,post-market,18884000,,0.326,0.356,0.136,82.14,57781000,,,,1708.45,1719.22,5.8824,,,,,,,178187000,,66.23,,2217.6,1300.0
2025-12-28,FICO,26.47,1990869000.0,66.23,,1.289,-73.46,,,,,,,,,,,,,,,None,68709000,68709000,,,,,,None,10083000,,,,,0.179,0.43,32296000,42379000,7.31,2008-06-30,40.32,,1637147000.0,114606000,28102000,9304000,,,None,5203000,None,,None,,,,,26501000,0,None,None,0.481,,84486000,30120000,,,,,None,,,,,1.557,82.33,21.14,,,,,,,,0.328,,,2025-11-05,quarterly,7.74,USD,post-market,18779000,,0.326,0.356,0.136,82.14,59734000,,,,1708.45,1719.22,5.8824,,,,,,,183315000,,66.23,,2217.6,1300.0
2025-12-28,FICO,26.47,1990869000.0,66.23,,1.289,-73.46,,,,,,,,,,,,,,,None,72946000,72946000,,,,,,None,10283000,,,,,0.179,0.43,34640000,44923000,7.31,2008-03-31,40.32,,1637147000.0,120288000,27238000,9464000,,,None,3837000,None,,None,,,,,13487000,0,None,None,0.481,,91772000,28516000,,,,,None,,,,,1.557,82.33,21.14,,,,,,,,0.328,,,2025-11-05,quarterly,7.74,USD,post-market,20662000,,0.326,0.356,0.136,82.14,61365000,,,,1708.45,1719.22,5.8824,,,,,,,193234000,,66.23,,2217.6,1300.0
2025-12-28,FICO,26.47,1990869000.0,66.23,,1.289,-73.46,,,,,,,,,,,,,,,None,75940000,75940000,,,,,,None,9757000,,,,,0.179,0.43,33843000,43600000,7.31,2007-12-31,40.32,,1637147000.0,123445000,31090000,10904000,,,None,4421000,None,,None,,,,,20186000,0,None,None,0.481,,88846000,34288000,,,,,None,,,,,1.557,82.33,21.14,,,,,,,,0.328,,,2025-11-05,quarterly,7.74,USD,post-market,19615000,,0.326,0.356,0.136,82.14,67511000,,,,1708.45,1719.22,5.8824,,,,,,,199385000,,66.23,,2217.6,1300.0
2025-12-28,FICO,26.47,1990869000.0,66.23,,1.289,-73.46,,,,,,,,,,,,,,,None,75010000,75010000,,,,,,None,10906000,,,,,0.179,0.43,33543000,44449000,7.31,2007-09-30,40.32,,1637147000.0,132217000,31055000,2836000,,,None,12766000,None,,None,,,,,28219000,0,None,None,0.481,,101129000,31088000,,,,,None,,,,,1.557,82.33,21.14,,,,,,,,0.328,,,2025-11-05,quarterly,7.74,USD,post-market,17824000,,0.326,0.356,0.136,82.14,76402000,,,,1708.45,1719.22,5.8824,,,,,,,207227000,,66.23,,2217.6,1300.0
2025-12-28,FICO,26.47,1990869000.0,66.23,,1.289,-73.46,,,,,,,,,,,,,,,None,73731000,73731000,,,,,,None,12175000,,,,,0.179,0.43,40122000,52297000,7.31,2007-06-30,40.32,,1637147000.0,132051000,36448000,12680000,,,None,3240000,None,,None,,,,,23768000,0,None,None,0.481,,91214000,40122000,,,,,None,,,,,1.557,82.33,21.14,,,,,,,,0.328,,,2025-11-05,quarterly,7.74,USD,post-market,17275000,,0.326,0.356,0.136,82.14,72476000,,,,1708.45,1719.22,5.8824,,,,,,,205782000,,66.23,,2217.6,1300.0
2025-12-28,FICO,26.47,1990869000.0,66.23,,1.289,-73.46,,,,,,,,,,,,,,,None,74172000,74172000,,,,,,None,12861000,,,,,0.179,0.43,36539000,49400000,7.31,2007-03-31,40.32,,1637147000.0,126828000,36823000,15385000,,,None,3230000,None,,None,,,,,21438000,0,None,None,0.481,,88897000,36539000,,,,,None,,,,,1.557,82.33,21.14,,,,,,,,0.328,,,2025-11-05,quarterly,7.74,USD,post-market,17781000,,0.326,0.356,0.136,82.14,68015000,,,,1708.45,1719.22,5.8824,,,,,,,201000000,,66.23,,2217.6,1300.0
2025-12-28,FICO,26.47,1990869000.0,66.23,,1.289,-73.46,,,,,,,,,,,,,,,None,70569000,70569000,,,,,,None,13184000,,,,,0.179,0.43,44901000,58085000,7.31,2006-12-31,40.32,,1637147000.0,137658000,45336000,14111000,,,None,2676000,None,,None,,,,,31225000,0,None,None,0.481,,92757000,44901000,,,,,None,,,,,1.557,82.33,21.14,,,,,,,,0.328,,,2025-11-05,quarterly,7.74,USD,post-market,17719000,,0.326,0.356,0.136,82.14,68648000,,,,1708.45,1719.22,5.8824,,,,,,,208227000,,66.23,,2217.6,1300.0
2025-12-28,FICO,26.47,1990869000.0,66.23,,1.289,-73.46,,,,,,,,,,,,,,,None,70291000,70291000,,,,,,None,12090000,,,,,0.179,0.43,44492000,56582000,7.31,2006-09-30,40.32,,1637147000.0,136998000,33046000,10993000,,,None,8569000,None,,None,,,,,22053000,0,None,None,0.481,,105368000,31630000,,,,,None,,,,,1.557,82.33,21.14,,,,,,,,0.328,,,2025-11-05,quarterly,7.74,USD,post-market,19173000,,0.326,0.356,0.136,82.14,66967000,,,,1708.45,1719.22,5.8824,,,,,,,207289000,,66.23,,2217.6,1300.0
2025-12-28,FICO,26.47,1990869000.0,66.23,,1.289,-73.46,,,,,,,,,,,,,,,None,71497000,71497000,,,,,,None,12318000,,,,,0.179,0.43,41622000,53940000,7.31,2006-06-30,40.32,,1637147000.0,135632000,39045000,13042000,,,None,2155000,None,,None,,,,,26003000,0,None,None,0.481,,99300000,36332000,,,,,None,,,,,1.557,82.33,21.14,,,,,,,,0.328,,,2025-11-05,quarterly,7.74,USD,post-market,21370000,,0.326,0.356,0.136,82.14,66338000,,,,1708.45,1719.22,5.8824,,,,,,,207129000,,66.23,,2217.6,1300.0
2025-12-28,FICO,26.47,1990869000.0,66.23,,1.289,-73.46,,,,,,,,,,,,,,,None,73144000,73144000,,,,,,None,12228000,,,,,0.179,0.43,42902000,55130000,7.31,2006-03-31,40.32,,1637147000.0,135013000,42213000,15240000,,,None,2143000,None,,None,,,,,26973000,0,None,None,0.481,,94295000,40718000,,,,,None,,,,,1.557,82.33,21.14,,,,,,,,0.328,,,2025-11-05,quarterly,7.74,USD,post-market,21694000,,0.326,0.356,0.136,82.14,64157000,,,,1708.45,1719.22,5.8824,,,,,,,208157000,,66.23,,2217.6,1300.0
2025-12-28,FICO,26.47,1990869000.0,66.23,,1.289,-73.46,,,,,,,,,,,,,,,None,67045000,67045000,,,,,,None,12059000,,,,,0.179,0.43,43369000,55428000,7.31,2005-12-31,40.32,,1637147000.0,135745000,44888000,16431000,,,None,2135000,None,,None,,,,,28457000,0,None,None,0.481,,91702000,44043000,,,,,None,,,,,1.557,82.33,21.14,,,,,,,,0.328,,,2025-11-05,quarterly,7.74,USD,post-market,22730000,,0.326,0.356,0.136,82.14,63383000,,,,1708.45,1719.22,5.8824,,,,,,,202790000,,66.23,,2217.6,1300.0
2025-12-28,FICO,26.47,1990869000.0,66.23,,1.289,-73.46,,,,,,,,,,,,,,,None,67308000,67308000,,,,,,None,13751000,,,,,0.179,0.43,53110000,66861000,7.31,2005-09-30,40.32,,1637147000.0,135989000,54186000,18438000,,,None,8347000,None,,None,,,,,35748000,0,None,None,0.481,,82879000,53110000,,,,,None,,,,,1.557,82.33,21.14,,,,,,,,0.328,,,2025-11-05,quarterly,7.74,USD,post-market,20998000,,0.326,0.356,0.136,82.14,55621000,,,,1708.45,1719.22,5.8824,,,,,,,203297000,,66.23,,2217.6,1300.0
2025-12-28,FICO,26.47,1990869000.0,66.23,,1.289,-73.46,,,,,,,,,,,,,,,None,353722000,353722000,,,,,,None,14952000,,,,,0.179,0.43,936242000,951194000,7.31,2025-09-30,40.32,,1637147000.0,1637147000,802595000,150649000,,,None,133647000,None,,None,,,,,651946000,651946000,-133647000,None,0.481,,712297000,924850000,,,,,None,,,,,1.557,82.33,21.14,,,,,,,,0.328,,,2025-11-05,annual,7.74,USD,post-market,188347000,,0.326,0.356,0.136,82.14,513028000,,,,1708.45,1719.22,5.8824,,,,,,,1990869000,,66.23,,2217.6,1300.0
2025-12-28,FICO,26.47,1990869000.0,66.23,,1.289,-73.46,,,,,,,,,,,,,,,None,348206000,348206000,,,,,,None,13827000,,,,,0.179,0.43,747663000,761490000,7.31,2024-09-30,40.32,,1637147000.0,1369320000,642025000,129214000,,,None,105638000,None,,None,,,,,512811000,512811000,-105638000,None,0.481,,635691000,733629000,,,,,None,,,,,1.557,82.33,21.14,,,,,,,,0.328,,,2025-11-05,annual,7.74,USD,post-market,171940000,,0.326,0.356,0.136,82.14,462834000,,,,1708.45,1719.22,5.8824,,,,,,,1717526000,,66.23,,2217.6,1300.0
2025-12-28,FICO,26.47,1990869000.0,66.23,,1.289,-73.46,,,,,,,,,,,,,,,None,311053000,311053000,,,,,,None,14638000,,,,,0.179,0.43,649170000,663808000,7.31,2023-09-30,40.32,,1637147000.0,1202504000,553624000,124249000,,,None,95546000,None,,None,,,,,429375000,429375000,-95546000,None,0.481,,559674000,642830000,,,,,None,,,,,1.557,82.33,21.14,,,,,,,,0.328,,,2025-11-05,annual,7.74,USD,post-market,159950000,,0.326,0.356,0.136,82.14,390765000,,,,1708.45,1719.22,5.8824,,,,,,,1513557000,,66.23,,2217.6,1300.0
2025-12-28,FICO,26.47,1990869000.0,66.23,,1.289,-73.46,,,,,,,,,,,,,,,None,302174000,302174000,,,,,,None,20465000,,,,,0.179,0.43,540276000,560741000,7.31,2022-09-30,40.32,,1637147000.0,1075096000,471309000,97768000,,,None,68967000,None,,None,,,,,373541000,373541000,-68967000,None,0.481,,532682000,542414000,,,,,-2138000,,,,,1.557,82.33,21.14,,,,,,,,0.328,,,2025-11-05,annual,7.74,USD,post-market,146758000,,0.326,0.356,0.136,82.14,375763000,,,,1708.45,1719.22,5.8824,,,,,,,1377270000,,66.23,,2217.6,1300.0
2025-12-28,FICO,26.47,1990869000.0,66.23,,1.289,-73.46,,,,,,,,,,,,,,,None,332462000,332462000,,,,,,None,25592000,,,,,0.179,0.43,513234000,538826000,7.31,2021-09-30,40.32,,1637147000.0,984074000,473142000,81058000,,,None,40092000,None,,None,,,,,392084000,392084000,-40092000,None,0.481,,478585000,505489000,,,,,7745000,,,,,1.557,82.33,21.14,,,,,,,,0.328,,,2025-11-05,annual,7.74,USD,post-market,171231000,,0.326,0.356,0.136,82.14,389381000,,,,1708.45,1719.22,5.8824,,,,,,,1316536000,,66.23,,2217.6,1300.0
2025-12-28,FICO,26.47,1990869000.0,66.23,,1.289,-73.46,,,,,,,,,,,,,,,None,361142000,361142000,,,,,,None,30367000,,,,,0.179,0.43,299177000,329544000,7.31,2020-09-30,40.32,,1637147000.0,933420000,257000000,20589000,,,None,42177000,None,,None,,,,,236411000,236411000,-42177000,None,0.481,,637451000,295969000,,,,,3208000,,,,,1.557,82.33,21.14,,,,,,,,0.328,,,2025-11-05,annual,7.74,USD,post-market,166499000,,0.326,0.356,0.136,82.14,412230000,,,,1708.45,1719.22,5.8824,,,,,,,1294562000,,66.23,,2217.6,1300.0
2025-12-28,FICO,26.47,1990869000.0,66.23,,1.289,-73.46,,,,,,,,,,,,,,,None,336845000,336845000,,,,,,None,31612000,,,,,0.179,0.43,255824000,287436000,7.31,2019-09-30,40.32,,1637147000.0,823238000,216072000,23948000,,,None,39752000,39752000,,None,,,,,192124000,192124000,-39752000,None,0.481,,569690000,253548000,,,,,2276000,,,,,1.557,82.33,21.14,,,,,,,,0.328,,,2025-11-05,annual,7.74,USD,post-market,149478000,,0.326,0.356,0.136,82.14,410486000,,,,1708.45,1719.22,5.8824,,,,,,,1160083000,,66.23,,2217.6,1300.0
2025-12-28,FICO,26.47,1990869000.0,66.23,,1.289,-73.46,,,,,,,,,,,,,,,None,310699000,310699000,,,,,,None,30182000,,,,,0.179,0.43,188243000,218425000,7.31,2018-09-30,40.32,,1637147000.0,721776000,188010000,45595000,,,None,31311000,31311000,,None,,,,,142415000,142415000,-31311000,None,0.481,,511889000,175359000,,,,,12884000,,,,,1.557,82.33,21.14,,,,,,,,0.328,,,2025-11-05,annual,7.74,USD,post-market,128383000,,0.326,0.356,0.136,82.14,372812001,,,,1708.45,1719.22,5.8824,,,,,,,1032475000,,66.23,,2217.6,1300.0
2025-12-28,FICO,26.47,1990869000.0,66.23,,1.289,-73.46,,,,,,,,,,,,,,,None,287123000,287123000,,,,,,None,36214000,,,,,0.179,0.43,182073000,218287000,7.31,2017-09-30,40.32,,1637147000.0,645046000,151324000,23068000,,,None,25790000,25790000,,None,,,,,128256000,128256000,-25790000,None,0.481,,465217000,182159000,,,,,-86000,,,,,1.557,82.33,21.14,,,,,,,,0.328,,,2025-11-05,annual,7.74,USD,post-market,110870000,,0.326,0.356,0.136,82.14,339796000,,,,1708.45,1719.22,5.8824,,,,,,,932169000,,66.23,,2217.6,1300.0
2025-12-28,FICO,26.47,1990869000.0,66.23,,1.289,-73.46,,,,,,,,,,,,,,,None,265173000,265173000,,,,,,None,31633000,,,,,0.179,0.43,171202000,202835000,7.31,2016-09-30,40.32,,1637147000.0,616183000,144569000,35121000,,,None,26633000,26633000,,None,,,,,109448000,109448000,-26633000,None,0.481,,446591000,169592000,,,,,1610000,,,,,1.557,82.33,21.14,,,,,,,,0.328,,,2025-11-05,annual,7.74,USD,post-market,103669000,,0.326,0.356,0.136,82.14,325340000,,,,1708.45,1719.22,5.8824,,,,,,,881356000,,66.23,,2217.6,1300.0
2025-12-28,FICO,26.47,1990869000.0,66.23,,1.289,-73.46,,,,,,,,,,,,,,,None,270535000,270535000,,,,,,None,33889000,,,,,0.179,0.43,138388000,172277000,7.31,2015-09-30,40.32,,1637147000.0,568246000,109238000,22736000,,,None,29150000,29150000,,None,,,,,86502000,86502000,None,None,0.481,,430741000,137505000,,,,,883000,,,,,1.557,82.33,21.14,,,,,,,,0.328,,,2025-11-05,annual,7.74,USD,post-market,98824000,,0.326,0.356,0.136,82.14,296302000,,,,1708.45,1719.22,5.8824,,,,,,,838781000,,66.23,,2217.6,1300.0
2025-12-28,FICO,26.47,1990869000.0,66.23,,1.289,-73.46,,,,,,,,,,,,,,,None,249281000,249281000,,,,,,None,32632000,,,,,0.179,0.43,161681000,194313000,7.31,2014-09-30,40.32,,1637147000.0,539704000,133131000,38252000,,,None,28550000,None,,None,,,,,94879000,94879000,None,None,0.481,,377836000,161868000,,,,,-187000,,,,,1.557,82.33,21.14,,,,,,,,0.328,,,2025-11-05,annual,7.74,USD,post-market,83435000,,0.326,0.356,0.136,82.14,274403000,,,,1708.45,1719.22,5.8824,,,,,,,788985000,,66.23,,2217.6,1300.0
2025-12-28,FICO,26.47,1990869000.0,66.23,,1.289,-73.46,,,,,,,,,,,,,,,None,229468000,229468000,,,,,,None,33214000,,,,,0.179,0.43,162211000,195425000,7.31,2013-09-30,40.32,,1637147000.0,513976000,131984000,41889000,,,None,30281000,None,,None,,,,,90095000,90095000,None,None,0.481,,352383000,161593000,,,,,672000,,,,,1.557,82.33,21.14,,,,,,,,0.328,,,2025-11-05,annual,7.74,USD,post-market,66967000,,0.326,0.356,0.136,82.14,268395000,,,,1708.45,1719.22,5.8824,,,,,,,743444000,,66.23,,2217.6,1300.0
2025-12-28,FICO,26.47,1990869000.0,66.23,,1.289,-73.46,,,,,,,,,,,,,,,None,197947000,197947000,,,,,,None,21549000,,,,,0.179,0.43,167660000,189209000,7.31,2012-09-30,40.32,,1637147000.0,478476000,136243000,44239000,,,None,31734000,None,,None,,,,,92004000,92004000,None,None,0.481,,310118000,168358000,,,,,-381000,,,,,1.557,82.33,21.14,,,,,,,,0.328,,,2025-11-05,annual,7.74,USD,post-market,59527000,,0.326,0.356,0.136,82.14,238522000,,,,1708.45,1719.22,5.8824,,,,,,,676423000,,66.23,,2217.6,1300.0
2025-12-28,FICO,26.47,1990869000.0,66.23,,1.289,-73.46,,,,,,,,,,,,,,,None,186470000,186470000,,,,,,None,24197000,,,,,0.179,0.43,129819000,154016000,7.31,2011-09-30,40.32,,1637147000.0,433213000,97455000,25893000,,,None,32364000,None,,None,,,,,71562000,71562000,None,None,0.481,,305876000,127337000,,,,,2482000,,,,,1.557,82.33,21.14,,,,,,,,0.328,,,2025-11-05,annual,7.74,USD,post-market,62129000,,0.326,0.356,0.136,82.14,223615000,,,,1708.45,1719.22,5.8824,,,,,,,619683000,,66.23,,2217.6,1300.0
2025-12-28,FICO,26.47,1990869000.0,66.23,,1.289,-73.46,,,,,,,,,,,,,,,None,180932000,180932000,,,,,,None,30918000,,,,,0.179,0.43,116428000,147346000,7.31,2010-09-30,40.32,,1637147000.0,424711000,92304000,27847000,,,None,24124000,None,,None,,,,,64457000,64457000,None,None,0.481,,311362000,113349000,,,,,3079000,,,,,1.557,82.33,21.14,,,,,,,,0.328,,,2025-11-05,annual,7.74,USD,post-market,73581000,,0.326,0.356,0.136,82.14,225263000,,,,1708.45,1719.22,5.8824,,,,,,,605643000,,66.23,,2217.6,1300.0
2025-12-28,FICO,26.47,1990869000.0,66.23,,1.289,-73.46,,,,,,,,,,,,,,,None,206448000,206448000,,,,,,None,38419000,,,,,0.179,0.43,123051000,161470000,7.31,2009-09-30,40.32,,1637147000.0,424287000,97570000,32105000,,,None,25481000,None,,None,,,,,65102000,None,None,None,0.481,,307540000,116747000,,,,,None,,,,,1.557,82.33,21.14,,,,,,,,0.328,,,2025-11-05,annual,7.74,USD,post-market,73626000,,0.326,0.356,0.136,82.14,209319000,,,,1708.45,1719.22,5.8824,,,,,,,630735000,,66.23,,2217.6,1300.0
2025-12-28,FICO,26.47,1990869000.0,66.23,,1.289,-73.46,,,,,,,,,,,,,,,None,274917000,274917000,,,,,,None,39494000,,,,,0.179,0.43,133330000,172824000,7.31,2008-09-30,40.32,,1637147000.0,469925000,112995000,31809000,,,None,20335000,None,,None,,,,,83952000,None,None,None,0.481,,347642000,122283000,,,,,None,,,,,1.557,82.33,21.14,,,,,,,,0.328,,,2025-11-05,annual,7.74,USD,post-market,77794000,,0.326,0.356,0.136,82.14,245639000,,,,1708.45,1719.22,5.8824,,,,,,,744842000,,66.23,,2217.6,1300.0
2025-12-28,FICO,26.47,1990869000.0,66.23,,1.289,-73.46,,,,,,,,,,,,,,,None,293482000,293482000,,,,,,None,49126000,,,,,0.179,0.43,150929000,200055000,7.31,2007-09-30,40.32,,1637147000.0,528754000,149662000,45012000,,,None,12766000,None,,None,,,,,104650000,None,None,None,0.481,,380280000,148474000,,,,,None,,,,,1.557,82.33,21.14,,,,,,,,0.328,,,2025-11-05,annual,7.74,USD,post-market,70599000,,0.326,0.356,0.136,82.14,285541000,,,,1708.45,1719.22,5.8824,,,,,,,822236000,,66.23,,2217.6,1300.0
2025-12-28,FICO,26.47,1990869000.0,66.23,,1.289,-73.46,,,,,,,,,,,,,,,None,281977000,281977000,,,,,,None,48695000,,,,,0.179,0.43,172385000,221080000,7.31,2006-09-30,40.32,,1637147000.0,543388000,159192000,55706000,,,None,8569000,None,,None,,,,,103486000,None,None,None,0.481,,390665000,152723000,,,,,None,,,,,1.557,82.33,21.14,,,,,,,,0.328,,,2025-11-05,annual,7.74,USD,post-market,84967000,,0.326,0.356,0.136,82.14,260845000,,,,1708.45,1719.22,5.8824,,,,,,,825365000,,66.23,,2217.6,1300.0
2025-12-28,FICO,26.47,1990869000.0,66.23,None,1.289,-73.46,,19187000,134136000,134136000,,,,,,,,,238000,24160000,None,281977000,281977000,32315000,None,399541000,529148000,None,None,48695000,,,,,0.179,0.43,172385000,221080000,7.31,2025-09-30,40.32,783340000,1637147000.0,543388000,159192000,55706000,None,None,None,8569000,None,None,None,None,2656150000,None,54625000,103486000,None,None,None,0.481,,390665000,152723000,41881000,229987000,None,89365000,None,,,,,1.557,82.33,21.14,,,,,,,,0.328,,None,2025-11-05,quarterly,7.74,USD,post-market,84967000,4552816000,0.326,0.356,0.136,82.14,260845000,3074878000,399541000,None,1708.45,1719.22,5.8824,1868133000,705165000,849215000,3613917000,1162968000,2764702000,825365000,-1745784000,66.23,None,2217.6,1300.0
2025-12-28,FICO,26.47,1990869000.0,66.23,None,1.289,-73.46,,21124000,189049000,189049000,,,,,,,,,241000,24575000,None,281977000,281977000,29336000,None,399345000,454106000,None,None,48695000,,,,,0.179,0.43,172385000,221080000,7.31,2025-06-30,40.32,785448000,1637147000.0,543388000,159192000,55706000,None,None,None,8569000,None,None,None,None,2380209000,None,50726000,103486000,None,None,None,0.481,,390665000,152723000,66689000,170214000,None,87528000,None,,,,,1.557,82.33,21.14,,,,,,,,0.328,,None,2025-11-05,quarterly,7.74,USD,post-market,84967000,4397802000,0.326,0.356,0.136,82.14,260845000,2800678000,399345000,None,1708.45,1719.22,5.8824,1862023000,709844000,770608000,3259469000,1152179000,2488861000,825365000,-1397446000,66.23,None,2217.6,1300.0
2025-12-28,FICO,26.47,1990869000.0,66.23,None,1.289,-73.46,,20816000,146641000,146641000,,,,,,,,,244000,24685000,None,281977000,281977000,24059000,None,15000000,492542000,None,None,48695000,,,,,0.179,0.43,172385000,221080000,7.31,2025-03-31,40.32,779279000,1637147000.0,543388000,159192000,55706000,None,None,None,8569000,None,None,None,None,2513179000,None,45400000,103486000,None,None,None,0.481,,390665000,152723000,85727000,132403000,None,82568000,None,,,,,1.557,82.33,21.14,,,,,,,,0.328,,None,2025-11-05,quarterly,7.74,USD,post-market,84967000,4216013000,0.326,0.356,0.136,82.14,260845000,2548995000,15000000,None,1708.45,1719.22,5.8824,1835753000,724910000,343242000,2959805000,1110843000,2616563000,825365000,-1124052000,66.23,None,2217.6,1300.0
2025-12-28,FICO,26.47,1990869000.0,66.23,None,1.289,-73.46,,20881000,184254000,184254000,,,,,,,,,244000,24827000,None,281977000,281977000,23190000,None,15000000,350924000,None,None,48695000,,,,,0.179,0.43,172385000,221080000,7.31,2024-12-31,40.32,775551000,1637147000.0,543388000,159192000,55706000,None,None,None,8569000,None,None,None,None,2406100000,None,45925000,103486000,None,None,None,0.481,,390665000,152723000,60658000,127771000,None,86471000,None,,,,,1.557,82.33,21.14,,,,,,,,0.328,,None,2025-11-05,quarterly,7.74,USD,post-market,84967000,4053398000,0.326,0.356,0.136,82.14,260845000,2441981000,15000000,None,1708.45,1719.22,5.8824,1706608000,595836000,331320000,2844772000,1110772000,2513452000,825365000,-1138164000,66.23,None,2217.6,1300.0
2025-12-28,FICO,26.47,1990869000.0,66.23,None,1.289,-73.46,,33518000,150667000,150667000,,,,,,,,,244000,25079000,None,281977000,281977000,22473000,None,15000000,426642000,None,None,48695000,,,,,0.179,0.43,172385000,221080000,7.31,2024-09-30,40.32,782752000,1637147000.0,543388000,159192000,55706000,None,None,None,8569000,None,None,None,None,2194021000,None,45289000,103486000,None,None,None,0.481,,390665000,152723000,40104000,174360000,None,84294000,None,,,,,1.557,82.33,21.14,,,,,,,,0.328,,None,2025-11-05,quarterly,7.74,USD,post-market,84967000,3900870000,0.326,0.356,0.136,82.14,260845000,2242539000,26555000,None,1708.45,1719.22,5.8824,1717884000,617413000,380285000,2680563000,1100471000,2300278000,825365000,-962679000,66.23,None,2217.6,1300.0
2025-12-28,FICO,26.47,1990869000.0,66.23,None,1.289,-73.46,,31475000,156043000,156043000,,,,,,,,,246000,25015000,None,281977000,281977000,22489000,None,15000000,437637000,None,None,48695000,,,,,0.179,0.43,172385000,221080000,7.31,2024-06-30,40.32,776714000,1637147000.0,543388000,159192000,55706000,92000,92000,None,8569000,None,1,None,None,2104943000,None,44034000,103486000,None,None,None,0.481,,390665000,152723000,37455000,137413000,None,77558000,None,,,,,1.557,82.33,21.14,,,,,,,,0.328,,None,2025-11-05,quarterly,7.74,USD,post-market,84967000,3765179000,0.326,0.356,0.136,82.14,260845000,2151418000,28055000,None,1708.45,1719.22,5.8824,1708831000,631135000,337216000,2538137000,1077696000,2200921000,825365000,-829306000,66.23,None,2217.6,1300.0
2025-12-28,FICO,26.47,1990869000.0,66.23,None,1.289,-73.46,,35144000,135667000,135667000,,,,,,,,,248000,25154000,None,281977000,281977000,18835000,None,15000000,469025000,None,None,48695000,,,,,0.179,0.43,172385000,221080000,7.31,2024-03-31,40.32,776376000,1637147000.0,543388000,159192000,55706000,367000,367000,None,8569000,None,1,None,None,2028652000,None,42659000,103486000,None,None,None,0.481,,390665000,152723000,36780000,123155000,None,74447000,None,,,,,1.557,82.33,21.14,,,,,,,,0.328,,None,2025-11-05,quarterly,7.74,USD,post-market,84967000,3638923000,0.326,0.356,0.136,82.14,260845000,2078796000,29586000,None,1708.45,1719.22,5.8824,1703117000,641472000,315120000,2438777000,1061645000,2123657000,825365000,-735660000,66.23,None,2217.6,1300.0
2025-12-28,FICO,26.47,1990869000.0,66.23,None,1.289,-73.46,,27540000,160421000,160421000,,,,,,,,,249000,25219000,None,281977000,281977000,18584000,None,153000000,367478000,None,None,48695000,,,,,0.179,0.43,172385000,221080000,7.31,2023-12-31,40.32,777195000,1637147000.0,543388000,159192000,55706000,642000,642000,None,8569000,None,None,None,None,1808655000,None,38213000,103486000,None,None,None,0.481,,390665000,152723000,37364000,99062000,None,65620000,None,,,,,1.557,82.33,21.14,,,,,,,,0.328,,None,2025-11-05,quarterly,7.74,USD,post-market,84967000,3509124000,0.326,0.356,0.136,82.14,260845000,1989195000,168641000,-36955000,1708.45,1719.22,5.8824,1593518000,565263000,433109000,2319283000,1028255000,1886174000,825365000,-725765000,66.23,None,2217.6,1300.0
2025-12-28,FICO,26.47,1990869000.0,66.23,None,1.289,-73.46,,23903000,136778000,136778000,,,,,,,,,248000,25273000,None,281977000,281977000,19009000,None,50000000,387947000,None,None,48695000,,,,,0.179,0.43,172385000,221080000,7.31,2023-09-30,40.32,773327000,1637147000.0,543388000,159192000,55706000,917000,917000,None,8569000,None,1,None,None,1811658000,None,34237000,103486000,None,None,None,0.481,,390665000,152723000,31723000,145613000,None,60022000,None,,,,,1.557,82.33,21.14,,,,,,,,0.328,,36669000,2025-11-05,quarterly,7.74,USD,post-market,84967000,3388059000,0.326,0.356,0.136,82.14,260845000,1901897000,66336000,None,1708.45,1719.22,5.8824,1575281000,556448000,367688000,2263271000,1018833000,1895583000,825365000,-687990000,66.23,None,2217.6,1300.0
2025-12-28,FICO,26.47,1990869000.0,66.23,None,1.289,-73.46,,24619000,163022000,163022000,,,,,,,,,249000,25337000,None,281977000,281977000,16787000,None,115000000,384024000,None,None,48695000,,,,,0.179,0.43,172385000,221080000,7.31,2023-06-30,40.32,776620000,1637147000.0,543388000,159192000,55706000,1192000,1192000,None,8569000,None,1,None,None,1814660000,None,33300000,103486000,None,None,None,0.481,,390665000,152723000,27965000,116147000,None,80939000,None,,,,,1.557,82.33,21.14,,,,,,,,0.328,,None,2025-11-05,quarterly,7.74,USD,post-market,84967000,3286635000,0.326,0.356,0.136,82.14,260845000,1971992000,132713000,-32047000,1708.45,1719.22,5.8824,1584569000,575011000,392946000,2288545000,1009558000,1895599000,825365000,-703976000,66.23,-5208553000,2217.6,1300.0
2025-12-28,FICO,26.47,1990869000.0,66.23,None,1.289,-73.46,,28825000,137771000,137771000,,,,,,,,,250000,25419000,None,281977000,281977000,13915000,None,107000000,338239000,None,None,48695000,,,,,0.179,0.43,172385000,221080000,7.31,2023-03-31,40.32,774330000,1637147000.0,543388000,159192000,55706000,1467000,1467000,None,8569000,None,None,None,None,1817663000,None,30812000,103486000,None,None,None,0.481,,390665000,152723000,45316000,116043000,None,82283000,None,,,,,1.557,82.33,21.14,,,,,,,,0.328,,None,2025-11-05,quarterly,7.74,USD,post-market,84967000,3157877000,0.326,0.356,0.136,82.14,260845000,1971460000,124972000,None,1708.45,1719.22,5.8824,1502431000,521326000,373278000,2273224000,981105000,1899946000,825365000,-770793000,66.23,-5110421000,2217.6,1300.0
2025-12-28,FICO,26.47,1990869000.0,66.23,None,1.289,-73.46,,50760000,139856000,139856000,,,,,,,,,252000,25443000,None,281977000,281977000,16838000,None,100000000,308234000,None,None,48695000,,,,,0.179,0.43,172385000,221080000,7.31,2022-12-31,40.32,771455000,1637147000.0,543388000,159192000,55706000,1742000,1742000,None,8569000,None,None,None,None,1820666000,None,27538000,103486000,None,None,None,0.481,,390665000,152723000,35732000,92894000,None,85134000,None,,,,,1.557,82.33,21.14,,,,,,,,0.328,,47342000,2025-11-05,quarterly,7.74,USD,post-market,84967000,3056327000,0.326,0.356,0.136,82.14,260845000,1971426000,118360000,None,1708.45,1719.22,5.8824,1458693000,483822000,354988000,2260788000,974871000,1905800000,825365000,-802095000,66.23,-4996624000,2217.6,1300.0
2025-12-28,FICO,26.47,1990869000.0,66.23,None,1.289,-73.46,,58561000,133202000,133202000,,,,,,,,,252000,25573000,None,281977000,281977000,17273000,None,30000000,322410000,None,None,48695000,,,,,0.179,0.43,172385000,221080000,7.31,2022-09-30,40.32,761067000,1637147000.0,543388000,159192000,55706000,2017000,2017000,None,8569000,None,1,None,None,1823669000,None,25650000,103486000,None,None,None,0.481,,390665000,152723000,29103000,144772000,None,88853000,None,,,,,1.557,82.33,21.14,,,,,,,,0.328,,17580000,2025-11-05,quarterly,7.74,USD,post-market,84967000,2958684000,0.326,0.356,0.136,82.14,260845000,1912230000,49369000,None,1708.45,1719.22,5.8824,1442034000,484715000,331459000,2243981000,957319000,1912522000,825365000,-801947000,66.23,-4935769000,2217.6,1300.0
2025-12-28,FICO,26.47,1990869000.0,66.23,None,1.289,-73.46,,42970000,155062000,155062000,,,,,,,,,253000,25867000,None,281977000,281977000,17399000,None,130000000,286341000,None,None,48695000,,,,,0.179,0.43,172385000,221080000,7.31,2022-06-30,40.32,772673000,1637147000.0,543388000,159192000,55706000,2459000,2459000,None,8569000,None,1,None,None,1826671000,None,26560000,103486000,None,None,None,0.481,,390665000,152723000,31854000,137970000,None,93782000,None,,,,,1.557,82.33,21.14,,,,,,,,0.328,,60160000,2025-11-05,quarterly,7.74,USD,post-market,84967000,2867985000,0.326,0.356,0.136,82.14,260845000,1999641000,130000000,-25347000,1708.45,1719.22,5.8824,1456836000,473257000,383855000,2304308000,983579000,1920453000,825365000,-847472000,66.23,-4881304000,2217.6,1300.0
2025-12-28,FICO,26.47,1990869000.0,66.23,None,1.289,-73.46,,47362000,174219000,174219000,,,,,,,,,260000,26421000,None,281977000,281977000,16828000,None,130000000,273356000,None,None,48695000,,,,,0.179,0.43,172385000,221080000,7.31,2022-03-31,40.32,783744000,1637147000.0,543388000,159192000,55706000,3007000,3007000,None,8569000,None,None,None,None,1664674000,None,32592000,103486000,None,None,None,0.481,,390665000,152723000,34634000,133453000,None,102465000,None,,,,,1.557,82.33,21.14,,,,,,,,0.328,,66153000,2025-11-05,quarterly,7.74,USD,post-market,84967000,2774485000,0.326,0.356,0.136,82.14,260845000,1842036000,130000000,None,1708.45,1719.22,5.8824,1486485000,482209000,382762000,2149901000,1004276000,1767139000,825365000,-663416000,66.23,-4599242000,2217.6,1300.0
2025-12-28,FICO,26.47,1990869000.0,66.23,None,1.289,-73.46,,50972000,162157000,162157000,,,,,,,,,265000,27524000,None,281977000,281977000,20422000,None,65000000,260161000,None,None,48695000,,,,,0.179,0.43,172385000,221080000,7.31,2021-12-31,40.32,787259000,1637147000.0,543388000,159192000,55706000,3558000,3558000,None,8569000,None,1,None,None,1568292000,None,35242000,103486000,None,None,None,0.481,,390665000,152723000,39678000,137994000,None,111520000,None,,,,,1.557,82.33,21.14,,,,,,,,0.328,,70658000,2025-11-05,quarterly,7.74,USD,post-market,84967000,2670102000,0.326,0.356,0.136,82.14,260845000,1684264000,65000000,None,1708.45,1719.22,5.8824,1463310000,461996000,321797000,2001609000,1001314000,1679812000,825365000,-538299000,66.23,-4339039000,2217.6,1300.0
2025-12-28,FICO,26.47,1990869000.0,66.23,None,1.289,-73.46,,53670000,195354000,195354000,,,,,,,,,276000,28531000,None,281977000,281977000,20749000,None,250000000,312107000,None,None,48695000,,,,,0.179,0.43,172385000,221080000,7.31,2021-09-30,40.32,788185000,1637147000.0,543388000,159192000,55706000,4099000,4099000,None,8569000,None,1,None,None,1009018000,None,33196000,103486000,None,None,None,0.481,,390665000,152723000,43513000,160967000,None,110493000,None,,,,,1.557,82.33,21.14,,,,,,,,0.328,,75188000,2025-11-05,quarterly,7.74,USD,post-market,84967000,2585143000,0.326,0.356,0.136,82.14,260845000,1334762000,272074000,None,1708.45,1719.22,5.8824,1567776000,550974000,559207000,1678718000,1016802000,1119511000,825365000,-110942000,66.23,-3857855000,2217.6,1300.0
2025-12-28,FICO,26.47,1990869000.0,66.23,None,1.289,-73.46,,56815000,237612000,237612000,,,,,,,,,284000,29195000,None,281977000,281977000,19639000,None,250000000,280598000,None,None,48695000,,,,,0.179,0.43,172385000,221080000,7.31,2021-06-30,40.32,793185000,1637147000.0,543388000,159192000,55706000,4685000,4685000,None,8569000,None,None,None,None,806622000,None,34394000,103486000,None,None,None,0.481,,390665000,152723000,38670000,175373000,None,56111000,None,,,,,1.557,82.33,21.14,,,,,,,,0.328,,80815000,2025-11-05,quarterly,7.74,USD,post-market,84967000,2499423000,0.326,0.356,0.136,82.14,260845000,1113437000,250000000,None,1708.45,1719.22,5.8824,1589155000,556880000,544769000,1464317000,1032275000,919548000,825365000,124838000,66.23,-3482483000,2217.6,1300.0
2025-12-28,FICO,26.47,1990869000.0,66.23,None,1.289,-73.46,,59100000,197836000,197836000,,,,,,,,,288000,29531000,None,281977000,281977000,19767000,None,225000000,264804000,None,None,48695000,,,,,0.179,0.43,172385000,221080000,7.31,2021-03-31,40.32,789123000,1637147000.0,543388000,159192000,55706000,7437000,7437000,None,8569000,None,48843000,None,None,740226000,None,31777000,103486000,None,None,None,0.481,,390665000,152723000,89178000,155398000,None,115518000,None,,,,,1.557,82.33,21.14,,,,,,,,0.328,,85883000,2025-11-05,quarterly,7.74,USD,post-market,84967000,2348225000,0.326,0.356,0.136,82.14,260845000,1024326000,225000000,30437000,1708.45,1719.22,5.8824,1579608000,551818000,500561000,1356305000,1027790000,855744000,825365000,223303000,66.23,-3239109000,2217.6,1300.0
2025-12-28,FICO,26.47,1990869000.0,66.23,None,1.289,-73.46,,69815000,144662000,144662000,,,,,,,,,292000,29789000,None,281977000,281977000,21749000,None,131000000,310626000,None,None,48695000,,,,,0.179,0.43,172385000,221080000,7.31,2020-12-31,40.32,817777000,1637147000.0,543388000,159192000,55706000,8367000,8367000,None,8569000,None,None,None,None,739831000,None,29782000,103486000,None,None,None,0.481,,390665000,152723000,53153000,122485000,None,121869000,None,,,,,1.557,82.33,21.14,,,,,,,,0.328,,95041000,2025-11-05,quarterly,7.74,USD,post-market,84967000,2279551000,0.326,0.356,0.136,82.14,260845000,940646000,131000000,28455000,1708.45,1719.22,5.8824,1576863000,508441000,391042000,1252742000,1068422000,861700000,825365000,324121000,66.23,-3035668000,2217.6,1300.0
2025-12-28,FICO,26.47,1990869000.0,66.23,None,1.289,-73.46,,73207000,157394000,157394000,,,,,,,,,291000,29833000,None,281977000,281977000,23033000,None,95000000,334180000,None,None,48695000,,,,,0.179,0.43,172385000,221080000,7.31,2020-09-30,40.32,812364000,1637147000.0,543388000,159192000,55706000,9236000,9236000,None,8569000,None,1,None,None,739435000,None,26573000,103486000,None,None,None,0.481,,390665000,152723000,42504000,181319000,None,121212000,None,,,,,1.557,82.33,21.14,,,,,,,,0.328,,46419000,2025-11-05,quarterly,7.74,USD,post-market,84967000,2193059000,0.326,0.356,0.136,82.14,260845000,907642000,95000000,25513000,1708.45,1719.22,5.8824,1606240000,534078000,414511000,1275158000,1072162000,860647000,825365000,331082000,66.23,-2997856000,2217.6,1300.0
2025-12-28,FICO,26.47,1990869000.0,66.23,None,1.289,-73.46,,74000000,125673000,125673000,,,,,,,,,290000,29744000,None,281977000,281977000,19816000,None,188000000,303558000,None,None,48695000,,,,,0.179,0.43,172385000,221080000,7.31,2020-06-30,40.32,804528000,1637147000.0,543388000,159192000,55706000,10119000,10119000,None,8569000,None,None,None,None,739039000,None,25136000,103486000,None,None,None,0.481,,390665000,152723000,53780000,146538000,None,117608000,None,,,,,1.557,82.33,21.14,,,,,,,,0.328,,144442000,2025-11-05,quarterly,7.74,USD,post-market,84967000,2133933000,0.326,0.356,0.136,82.14,260845000,1001039000,188000000,None,1708.45,1719.22,5.8824,1564120000,483011000,460187000,1316834000,1081109000,856647000,825365000,247286000,66.23,-2980437000,2217.6,1300.0
2025-12-28,FICO,26.47,1990869000.0,66.23,None,1.289,-73.46,,77485000,108966000,108966000,,,,,,,,,291000,29985000,None,281977000,281977000,25306000,None,209000000,307307000,None,None,48695000,,,,,0.179,0.43,172385000,221080000,7.31,2020-03-31,40.32,804650000,1637147000.0,543388000,159192000,55706000,11177000,11177000,None,8569000,None,1,None,None,738632000,None,21138000,103486000,None,None,None,0.481,,390665000,152723000,67398000,131112000,None,119525000,None,,,,,1.557,82.33,21.14,,,,,,,,0.328,,146633000,2025-11-05,quarterly,7.74,USD,post-market,84967000,2069857000,0.326,0.356,0.136,82.14,260845000,1025117000,209000000,None,1708.45,1719.22,5.8824,1552132000,483671000,479824000,1337981000,1068461000,858157000,825365000,214151000,66.23,-2930165000,2217.6,1300.0
2025-12-28,FICO,26.47,1990869000.0,66.23,None,1.289,-73.46,,80424000,111216000,111216000,,,,,,,,,292000,30169000,None,281977000,281977000,32474000,None,180000000,281640000,None,None,48695000,,,,,0.179,0.43,172385000,221080000,7.31,2019-12-31,40.32,812850000,1637147000.0,543388000,159192000,55706000,12484000,12484000,None,8569000,None,None,None,None,738259000,None,25388000,103486000,None,None,None,0.481,,390665000,152723000,68138000,114891000,None,123786000,None,,,,,1.557,82.33,21.14,,,,,,,,0.328,,144631000,2025-11-05,quarterly,7.74,USD,post-market,84967000,2011569000,0.326,0.356,0.136,82.14,260845000,998683000,180000000,None,1708.45,1719.22,5.8824,1545038000,460994000,442032000,1304077000,1084044000,862045000,825365000,240961000,66.23,-2843097000,2217.6,1300.0
2025-12-28,FICO,26.47,1990869000.0,66.23,None,1.289,-73.46,,None,106426000,106426000,,,,,,,,,289000,30290000,None,281977000,281977000,23118000,None,218000000,297427000,None,None,48695000,,,,,0.179,0.43,172385000,221080000,7.31,2019-09-30,40.32,803542000,1637147000.0,543388000,159192000,55706000,14139000,14139000,None,8569000,None,None,None,None,606790000,None,21865000,103486000,None,None,None,0.481,,390665000,152723000,51853000,138694000,None,46063000,None,,,,,1.557,82.33,21.14,,,,,,,,0.328,,53027000,2025-11-05,quarterly,7.74,USD,post-market,84967000,1956648000,0.326,0.356,0.136,82.14,260845000,824790000,218000000,None,1708.45,1719.22,5.8824,1433448000,455706000,490828000,1143681000,977742000,652853000,825365000,289767000,66.23,-2802450000,2217.6,1300.0
2025-12-28,FICO,26.47,1990869000.0,66.23,None,1.289,-73.46,,None,78808000,78808000,,,,,,,,,289000,30292000,None,281977000,281977000,19611000,None,218000000,318044000,None,None,48695000,,,,,0.179,0.43,172385000,221080000,7.31,2019-06-30,40.32,797527000,1637147000.0,543388000,159192000,55706000,9919000,9919000,None,8569000,None,None,None,None,604582000,None,21726000,103486000,None,None,None,0.481,,390665000,152723000,38212000,116832000,None,43186000,None,,,,,1.557,82.33,21.14,,,,,,,,0.328,,52900000,2025-11-05,quarterly,7.74,USD,post-market,84967000,1902064000,0.326,0.356,0.136,82.14,260845000,822582000,218000000,None,1708.45,1719.22,5.8824,1373798000,435064000,457713000,1105481000,938734000,647768000,825365000,268317000,66.23,-2759825000,2217.6,1300.0
2025-12-28,FICO,26.47,1990869000.0,66.23,None,1.289,-73.46,,None,76885000,76885000,,,,,,,,,291000,30259000,None,281977000,281977000,16249000,None,218000000,271632000,None,None,48695000,,,,,0.179,0.43,172385000,221080000,7.31,2019-03-31,40.32,800696000,1637147000.0,543388000,159192000,55706000,11422000,11422000,None,8569000,None,None,None,None,604369000,None,20590000,103486000,None,None,None,0.481,,390665000,152723000,48483000,96096000,None,39644000,None,,,,,1.557,82.33,21.14,,,,,,,,0.328,,44760000,2025-11-05,quarterly,7.74,USD,post-market,84967000,1837912000,0.326,0.356,0.136,82.14,260845000,822369000,218000000,None,1708.45,1719.22,5.8824,1328111000,397000000,436620000,1080633000,931111000,644013000,825365000,247478000,66.23,-2704305000,2217.6,1300.0
2025-12-28,FICO,26.47,1990869000.0,66.23,None,1.289,-73.46,,None,79896000,79896000,,,,,,,,,291000,30336000,None,281977000,281977000,20387000,None,228000000,247566000,None,None,48695000,,,,,0.179,0.43,172385000,221080000,7.31,2018-12-31,40.32,798793000,1637147000.0,543388000,159192000,55706000,12910000,12910000,None,8569000,None,1,None,None,604157000,None,18889000,103486000,None,None,None,0.481,,390665000,152723000,48380000,81433000,None,40227000,None,,,,,1.557,82.33,21.14,,,,,,,,0.328,,46864000,2025-11-05,quarterly,7.74,USD,post-market,84967000,1804531000,0.326,0.356,0.136,82.14,260845000,832157000,228000000,None,1708.45,1719.22,5.8824,1305626000,375842000,433347000,1077731000,929784000,644384000,825365000,227895000,66.23,-2674011000,2217.6,1300.0
2025-12-28,FICO,26.47,1990869000.0,66.23,None,1.289,-73.46,,None,90023000,90023000,,,,,,,,,290000,30702000,None,281977000,281977000,20251000,None,235000000,266742000,None,None,48695000,,,,,0.179,0.43,172385000,221080000,7.31,2018-09-30,40.32,800890000,1637147000.0,543388000,159192000,55706000,14536000,14536000,None,8569000,None,1,None,None,528944000,None,19756000,103486000,None,None,None,0.481,,390665000,152723000,39624000,115317000,None,40183000,None,,,,,1.557,82.33,21.14,,,,,,,,0.328,,48837000,2025-11-05,quarterly,7.74,USD,post-market,84967000,1764524000,0.326,0.356,0.136,82.14,260845000,763944000,320365000,0,1708.45,1719.22,5.8824,1255079000,338512000,422215000,991342000,916567000,569127000,825365000,263737000,66.23,-2612007000,2217.6,1300.0
2025-12-28,FICO,26.47,1990869000.0,66.23,None,1.289,-73.46,,None,119929000,119929000,,,,,,,,,293000,31161000,None,281977000,281977000,25509000,None,202000000,182419000,None,None,48695000,,,,,0.179,0.43,172385000,221080000,7.31,2018-06-30,40.32,802041000,1637147000.0,543388000,159192000,55706000,16079000,16079000,None,8569000,None,1,None,None,556713000,None,28641000,103486000,None,None,None,0.481,,390665000,152723000,32944000,109117000,None,38500000,None,,,,,1.557,82.33,21.14,,,,,,,,0.328,,51517000,2025-11-05,quarterly,7.74,USD,post-market,84967000,1690330000,0.326,0.356,0.136,82.14,260845000,758713000,202000000,0,1708.45,1719.22,5.8824,1287070000,335292000,397213000,992426000,951778000,595213000,825365000,294644000,66.23,-2515207000,2217.6,1300.0
2025-12-28,FICO,26.47,1990869000.0,66.23,None,1.289,-73.46,,None,107868000,107868000,,,,,,,,,298000,31300000,None,281977000,281977000,23539000,None,191000000,188538000,None,None,48695000,,,,,0.179,0.43,172385000,221080000,7.31,2018-03-31,40.32,813107000,1637147000.0,543388000,159192000,55706000,18151000,18151000,None,8569000,None,1,None,None,512868000,None,27912000,103486000,None,None,None,0.481,,390665000,152723000,36813000,88989000,None,38778000,None,,,,,1.557,82.33,21.14,,,,,,,,0.328,,45111000,2025-11-05,quarterly,7.74,USD,post-market,84967000,1657969000,0.326,0.356,0.136,82.14,260845000,703868000,191000000,0,1708.45,1719.22,5.8824,1290895000,333219000,368546000,920192000,957676000,551646000,825365000,370703000,66.23,-2410171000,2217.6,1300.0
2025-12-28,FICO,26.47,1990869000.0,66.23,None,1.289,-73.46,,None,94213000,94213000,,,,,,,,,302000,31561000,None,281977000,281977000,19201000,None,201000000,164660000,None,None,48695000,,,,,0.179,0.43,172385000,221080000,7.31,2017-12-31,40.32,806332000,1637147000.0,543388000,159192000,55706000,19514000,19514000,None,8569000,None,0,None,None,462834000,None,27550000,103486000,None,None,None,0.481,,390665000,152723000,40263000,74336000,None,39089000,None,,,,,1.557,82.33,21.14,,,,,,,,0.328,,38808000,2025-11-05,quarterly,7.74,USD,post-market,84967000,1625694000,0.326,0.356,0.136,82.14,260845000,663834000,201000000,0,1708.45,1719.22,5.8824,1240845000,299136000,353280000,855203000,941709000,501923000,825365000,385642000,66.23,-2337205000,2217.6,1300.0
2025-12-28,FICO,26.47,1990869000.0,66.23,None,1.289,-73.46,,None,105618000,105618000,,,,,,,,,302000,31963000,None,281977000,281977000,19510000,None,142000000,168586000,None,None,48695000,,,,,0.179,0.43,172385000,221080000,7.31,2017-09-30,40.32,804414000,1637147000.0,543388000,159192000,55706000,21185000,21185000,None,8569000,None,1,None,None,462801000,None,25515000,103486000,None,None,None,0.481,,390665000,152723000,36727000,109714000,None,39627000,None,,,,,1.557,82.33,21.14,,,,,,,,0.328,,40703000,2025-11-05,quarterly,7.74,USD,post-market,84967000,1598395000,0.326,0.356,0.136,82.14,260845000,604801000,142000000,0,1708.45,1719.22,5.8824,1255620000,310931000,326655000,829083000,944689000,502428000,825365000,426537000,66.23,-2301097000,2217.6,1300.0
2025-12-28,FICO,26.47,1990869000.0,66.23,None,1.289,-73.46,,None,130667000,130667000,,,,,,,,,307000,32224000,None,281977000,281977000,16673000,None,611767000,140265000,None,None,48695000,,,,,0.179,0.43,172385000,221080000,7.31,2017-06-30,40.32,799791000,1637147000.0,543388000,159192000,55706000,23582000,23582000,None,8569000,None,1,None,None,387767000,None,24746000,103486000,None,None,None,0.481,,390665000,152723000,51033000,93324000,None,38807000,None,,,,,1.557,82.33,21.14,,,,,,,,0.328,,42143000,2025-11-05,quarterly,7.74,USD,post-market,84967000,1562188000,0.326,0.356,0.136,82.14,260845000,611767000,224000000,0,1708.45,1719.22,5.8824,1258354000,321965000,399025000,825599000,936389000,426574000,825365000,432755000,66.23,-2229984000,2217.6,1300.0
2025-12-28,FICO,26.47,1990869000.0,66.23,None,1.289,-73.46,,None,115848000,115848000,,,,,,,,,310000,32260000,None,281977000,281977000,18692000,None,107000000,141394000,None,None,48695000,,,,,0.179,0.43,172385000,221080000,7.31,2017-03-31,40.32,792420000,1637147000.0,543388000,159192000,55706000,26311000,26311000,None,8569000,None,1,None,None,518720000,None,23144000,103486000,None,None,None,0.481,,390665000,152723000,51987000,73681000,None,36968000,None,,,,,1.557,82.33,21.14,,,,,,,,0.328,,42728000,2025-11-05,quarterly,7.74,USD,post-market,84967000,1536961000,0.326,0.356,0.136,82.14,260845000,625720000,107000000,0,1708.45,1719.22,5.8824,1247068000,309229000,264279000,819967000,937839000,555688000,825365000,427101000,66.23,-2187837000,2217.6,1300.0
2025-12-28,FICO,26.47,1990869000.0,66.23,None,1.289,-73.46,,None,88101000,88101000,,,,,,,,,312000,32536000,None,281977000,281977000,22417000,None,102000000,155714000,None,None,48695000,,,,,0.179,0.43,172385000,221080000,7.31,2016-12-31,40.32,789602000,1637147000.0,543388000,159192000,55706000,29328000,29328000,None,8569000,None,0,None,None,518672000,None,23182000,103486000,None,None,None,0.481,,390665000,152723000,40929000,67833000,None,34105000,None,,,,,1.557,82.33,21.14,,,,,,,,0.328,,43959000,2025-11-05,quarterly,7.74,USD,post-market,84967000,1512497000,0.326,0.356,0.136,82.14,260845000,620672000,102000000,0,1708.45,1719.22,5.8824,1224398000,284744000,249715000,802492000,939654000,552777000,825365000,421906000,66.23,-2149377000,2217.6,1300.0
2025-12-28,FICO,26.47,1990869000.0,66.23,None,1.289,-73.46,,None,75926000,75926000,,,,,,,,,309000,32221000,None,281977000,281977000,22952000,None,77000000,167786000,None,None,48695000,,,,,0.179,0.43,172385000,221080000,7.31,2016-09-30,40.32,798415000,1637147000.0,543388000,159192000,55706000,33619000,33619000,None,8569000,None,0,None,None,494000000,None,21936000,103486000,None,None,None,0.481,,390665000,152723000,23926000,98996000,None,34147000,None,,,,,1.557,82.33,21.14,,,,,,,,0.328,,45122000,2025-11-05,quarterly,7.74,USD,post-market,84967000,1471377000,0.326,0.356,0.136,82.14,260845000,570624000,77000000,0,1708.45,1719.22,5.8824,1221052000,267638000,246077000,774224000,953414000,528147000,825365000,446828000,66.23,-2136760000,2217.6,1300.0
2025-12-28,FICO,26.47,1990869000.0,66.23,None,1.289,-73.46,,None,118155000,118155000,,,,,,,,,310000,32313000,None,281977000,281977000,21096000,None,85000000,155196000,None,None,48695000,,,,,0.179,0.43,172385000,221080000,7.31,2016-06-30,40.32,802202000,1637147000.0,543388000,159192000,55706000,37212000,37212000,None,8569000,None,1,None,None,516000000,None,21565000,103486000,None,None,None,0.481,,390665000,152723000,22443000,93263000,None,32428000,None,,,,,1.557,82.33,21.14,,,,,,,,0.328,,41106000,2025-11-05,quarterly,7.74,USD,post-market,84967000,1443730000,0.326,0.356,0.136,82.14,260845000,601000000,85000000,0,1708.45,1719.22,5.8824,1226712000,295794000,250243000,798671000,930918000,548428000,825365000,428041000,66.23,-2109507000,2217.6,1300.0
2025-12-28,FICO,26.47,1990869000.0,66.23,None,1.289,-73.46,,None,85374000,85374000,,,,,,,,,312000,32262000,None,281977000,281977000,20587000,None,None,155207000,None,None,48695000,,,,,0.179,0.43,172385000,221080000,7.31,2016-03-31,40.32,808292000,1637147000.0,543388000,159192000,55706000,39580000,39580000,None,8569000,None,0,None,None,516000000,None,21309000,103486000,None,None,None,0.481,,390665000,152723000,36005000,71170000,None,32230000,None,,,,,1.557,82.33,21.14,,,,,,,,0.328,,38589000,2025-11-05,quarterly,7.74,USD,post-market,84967000,1409367000,0.326,0.356,0.136,82.14,260845000,611000000,95000000,0,1708.45,1719.22,5.8824,1214941000,276586000,241331000,789561000,938355000,548230000,825365000,425380000,66.23,-2080370000,2217.6,1300.0
2025-12-28,FICO,26.47,1990869000.0,66.23,None,1.289,-73.46,,None,90710000,90710000,,,,,,,,,314000,32436000,None,281977000,281977000,21595000,None,None,139078000,None,None,48695000,,,,,0.179,0.43,172385000,221080000,7.31,2015-12-31,40.32,810019000,1637147000.0,543388000,159192000,55706000,43062000,43062000,None,8569000,None,0,None,None,516000000,None,20620000,103486000,None,None,None,0.481,,390665000,152723000,57757000,66607000,None,33992000,None,,,,,1.557,82.33,21.14,,,,,,,,0.328,,38422000,2025-11-05,quarterly,7.74,USD,post-market,84967000,1386874000,0.326,0.356,0.136,82.14,260845000,619000000,103000000,0,1708.45,1719.22,5.8824,1215250000,287545000,243090000,793082000,927705000,549992000,825365000,422168000,66.23,-2047774000,2217.6,1300.0
2025-12-28,FICO,26.47,1990869000.0,66.23,None,1.289,-73.46,,None,86120000,86120000,,,,,,,,,313000,32494000,None,281977000,281977000,19852000,None,92000000,158773000,None,None,48695000,,,,,0.179,0.43,172385000,221080000,7.31,2015-09-30,40.32,814750000,1637147000.0,543388000,159192000,55706000,47321000,47321000,None,8569000,None,1,None,None,516000000,None,20525000,103486000,None,None,None,0.481,,390665000,152723000,41709000,85326000,None,33290000,None,,,,,1.557,82.33,21.14,,,,,,,,0.328,,38208000,2025-11-05,quarterly,7.74,USD,post-market,84967000,1368255000,0.326,0.356,0.136,82.14,260845000,608000000,92000000,0,1708.45,1719.22,5.8824,1230163000,286602000,243875000,793165000,943561000,549290000,825365000,436998000,66.23,-2033644000,2217.6,1300.0
2025-12-28,FICO,26.47,1990869000.0,66.23,None,1.289,-73.46,,None,84358000,84358000,,,,,,,,,311000,32363000,None,281977000,281977000,26386000,None,None,147304000,None,None,48695000,,,,,0.179,0.43,172385000,221080000,7.31,2015-06-30,40.32,818952000,1637147000.0,543388000,159192000,55706000,51269000,51269000,None,8569000,None,1,None,None,576000000,None,20865000,103486000,None,None,None,0.481,,390665000,152723000,37428000,66271000,None,24548000,None,,,,,1.557,82.33,21.14,,,,,,,,0.328,,38706000,2025-11-05,quarterly,7.74,USD,post-market,84967000,1335562000,0.326,0.356,0.136,82.14,260845000,648000000,72000000,0,1708.45,1719.22,5.8824,1216127000,269090000,218917000,819465000,947037000,600548000,825365000,396662000,66.23,-2039050000,2217.6,1300.0
2025-12-28,FICO,26.47,1990869000.0,66.23,None,1.289,-73.46,,None,86841000,86841000,,,,,,,,,314000,32448000,None,281977000,281977000,38418000,None,None,169932000,None,None,48695000,,,,,0.179,0.43,172385000,221080000,7.31,2015-03-31,40.32,809117000,1637147000.0,543388000,159192000,55706000,53582000,53582000,None,8569000,None,0,None,None,576000000,None,20664000,103486000,None,None,None,0.481,,390665000,152723000,44982000,68056000,None,23406000,None,,,,,1.557,82.33,21.14,,,,,,,,0.328,,40011000,2025-11-05,quarterly,7.74,USD,post-market,84967000,1316278000,0.326,0.356,0.136,82.14,260845000,658000000,82000000,0,1708.45,1719.22,5.8824,1236651000,301755000,256083000,855489000,934896000,599406000,825365000,381162000,66.23,-2012431000,2217.6,1300.0
2025-12-28,FICO,26.47,1990869000.0,66.23,None,1.289,-73.46,,None,94651000,94651000,,,,,,,,,317000,33128000,None,281977000,281977000,25559000,None,None,147123000,None,None,48695000,,,,,0.179,0.43,172385000,221080000,7.31,2014-12-31,40.32,774107000,1637147000.0,543388000,159192000,55706000,44218000,44218000,None,8569000,None,0,None,None,376000000,None,20488000,103486000,None,None,None,0.481,,390665000,152723000,38096000,51833000,None,22978000,None,,,,,1.557,82.33,21.14,,,,,,,,0.328,,36791000,2025-11-05,quarterly,7.74,USD,post-market,84967000,1298033000,0.326,0.356,0.136,82.14,260845000,607000000,231000000,0,1708.45,1719.22,5.8824,1167922000,279870000,365723000,764701000,888052000,398978000,825365000,403221000,66.23,-1978774000,2217.6,1300.0
2025-12-28,FICO,26.47,1990869000.0,66.23,None,1.289,-73.46,,None,105075000,105075000,,,,,,,,,320000,33217000,None,281977000,281977000,22000000,None,170000000,155295000,None,None,48695000,,,,,0.179,0.43,172385000,221080000,7.31,2014-09-30,40.32,779928000,1637147000.0,543388000,159192000,55706000,47914000,47914000,None,8569000,None,0,None,None,376000000,None,19784000,103486000,None,None,None,0.481,,390665000,152723000,28157000,92885000,None,20280000,None,,,,,1.557,82.33,21.14,,,,,,,,0.328,,36677000,2025-11-05,quarterly,7.74,USD,post-market,84967000,1284261000,0.326,0.356,0.136,82.14,260845000,546000000,170000000,0,1708.45,1719.22,5.8824,1192298000,288527000,341404000,737684000,903771000,396280000,825365000,454614000,66.23,-1936095000,2217.6,1300.0
2025-12-28,FICO,26.47,1990869000.0,66.23,None,1.289,-73.46,,None,93109000,93109000,,,,,,,,,329000,35162000,None,281977000,281977000,21098000,None,None,155495000,None,None,48695000,,,,,0.179,0.43,172385000,221080000,7.31,2014-06-30,40.32,787209000,1637147000.0,543388000,159192000,55706000,52053000,52053000,None,8569000,None,0,None,None,376000000,None,19722000,103486000,None,None,None,0.481,,390665000,152723000,24691000,84055000,None,17571000,None,,,,,1.557,82.33,21.14,,,,,,,,0.328,,37280000,2025-11-05,quarterly,7.74,USD,post-market,84967000,1248298000,0.326,0.356,0.136,82.14,260845000,530000000,154000000,0,1708.45,1719.22,5.8824,1185747000,273295000,313002000,706573000,912452000,393571000,825365000,479174000,66.23,-1882659000,2217.6,1300.0
2025-12-28,FICO,26.47,1990869000.0,66.23,None,1.289,-73.46,,None,108176000,108176000,,,,,,,,,343000,35311000,None,281977000,281977000,18373000,None,None,140368000,None,None,48695000,,,,,0.179,0.43,172385000,221080000,7.31,2014-03-31,40.32,778177000,1637147000.0,543388000,159192000,55706000,52362000,52362000,None,8569000,None,1,None,None,447000000,None,19333000,103486000,None,None,None,0.481,,390665000,152723000,21082000,69202000,None,17511000,None,,,,,1.557,82.33,21.14,,,,,,,,0.328,,39232000,2025-11-05,quarterly,7.74,USD,post-market,84967000,1228434000,0.326,0.356,0.136,82.14,260845000,483000000,36000000,0,1708.45,1719.22,5.8824,1177253000,269626000,179161000,643672000,907627000,464511000,825365000,533581000,66.23,-1794652000,2217.6,1300.0
2025-12-28,FICO,26.47,1990869000.0,66.23,None,1.289,-73.46,,None,95937000,95937000,,,,,,,,,349000,35820000,None,281977000,281977000,20976000,None,None,141112000,None,None,48695000,,,,,0.179,0.43,172385000,221080000,7.31,2013-12-31,40.32,776831000,1637147000.0,543388000,159192000,55706000,55055000,55055000,None,8569000,None,1,None,None,447000000,None,18709000,103486000,None,None,None,0.481,,390665000,152723000,20639000,61276000,None,18213000,None,,,,,1.557,82.33,21.14,,,,,,,,0.328,,41997000,2025-11-05,quarterly,7.74,USD,post-market,84967000,1208379000,0.326,0.356,0.136,82.14,260845000,478000000,31000000,0,1708.45,1719.22,5.8824,1166276000,257688000,161640000,626853000,908588000,465213000,825365000,539423000,66.23,-1757804000,2217.6,1300.0
2025-12-28,FICO,26.47,1990869000.0,66.23,None,1.289,-73.46,,None,83178000,83178000,,,,,,,,,348000,36151000,None,281977000,281977000,19216000,None,None,143733000,None,None,48695000,,,,,0.179,0.43,172385000,221080000,7.31,2013-09-30,40.32,773931000,1637147000.0,543388000,159192000,55706000,57361000,57361000,None,8569000,None,1,None,None,447000000,None,18140000,103486000,None,None,None,0.481,,390665000,152723000,22277000,67662000,None,17990000,None,,,,,1.557,82.33,21.14,,,,,,,,0.328,,45155000,2025-11-05,quarterly,7.74,USD,post-market,84967000,1192096000,0.326,0.356,0.136,82.14,260845000,470000000,23000000,0,1708.45,1719.22,5.8824,1161547000,249188000,165880000,630870000,912359000,464990000,825365000,530677000,66.23,-1751057000,2217.6,1300.0
2025-12-28,FICO,26.47,1990869000.0,66.23,None,1.289,-73.46,,None,93019000,93019000,,,,,,,,,352000,36385000,None,281977000,281977000,25455000,None,None,132717000,None,None,48695000,,,,,0.179,0.43,172385000,221080000,7.31,2013-06-30,40.32,765587000,1637147000.0,543388000,159192000,55706000,59373000,59373000,None,8569000,None,1,None,None,447000000,None,17817000,103486000,None,None,None,0.481,,390665000,152723000,21026000,67268000,None,20661000,None,,,,,1.557,82.33,21.14,,,,,,,,0.328,,47140000,2025-11-05,quarterly,7.74,USD,post-market,84967000,1164240000,0.326,0.356,0.136,82.14,260845000,485000000,38000000,0,1708.45,1719.22,5.8824,1164143000,246762000,181245000,648906000,917381000,467661000,825365000,515237000,66.23,-1724197000,2217.6,1300.0
2025-12-28,FICO,26.47,1990869000.0,66.23,None,1.289,-73.46,,None,131150000,131150000,,,,,,,,,359000,36492000,None,281977000,281977000,22400000,None,None,132906000,None,None,48695000,,,,,0.179,0.43,172385000,221080000,7.31,2013-03-31,40.32,760754000,1637147000.0,543388000,159192000,55706000,60267000,60267000,None,8569000,None,0,None,None,455000000,None,17525000,103486000,None,None,None,0.481,,390665000,152723000,21174000,68070000,None,21843000,None,,,,,1.557,82.33,21.14,,,,,,,,0.328,,48630000,2025-11-05,quarterly,7.74,USD,post-market,84967000,1145325000,0.326,0.356,0.136,82.14,260845000,504000000,49000000,0,1708.45,1719.22,5.8824,1198341000,285230000,191273000,668116000,913111000,476843000,825365000,530225000,66.23,-1686261000,2217.6,1300.0
2025-12-28,FICO,26.47,1990869000.0,66.23,None,1.289,-73.46,,None,90839000,90839000,,,,,,,,,355000,36151000,None,281977000,281977000,21509000,None,None,138159000,None,None,48695000,,,,,0.179,0.43,172385000,221080000,7.31,2012-12-31,40.32,769959000,1637147000.0,543388000,159192000,55706000,65304000,65304000,None,8569000,None,0,None,None,455000000,None,16529000,103486000,None,None,None,0.481,,390665000,152723000,22376000,71039000,None,23383000,None,,,,,1.557,82.33,21.14,,,,,,,,0.328,,45788000,2025-11-05,quarterly,7.74,USD,post-market,84967000,1127544000,0.326,0.356,0.136,82.14,260845000,504000000,49000000,0,1708.45,1719.22,5.8824,1176114000,251374000,189003000,667386000,924740000,478383000,825365000,508728000,66.23,-1698250000,2217.6,1300.0
2025-12-28,FICO,26.47,1990869000.0,66.23,None,1.289,-73.46,,None,71609000,71609000,,,,,,,,,348000,35513000,None,281977000,281977000,18958000,None,None,142595000,None,None,48695000,,,,,0.179,0.43,172385000,221080000,7.31,2012-09-30,40.32,757504000,1637147000.0,543388000,159192000,55706000,52299000,52299000,None,8569000,None,0,None,None,455000000,None,16500000,103486000,None,None,None,0.481,,390665000,152723000,23113000,81934000,None,19600000,None,,,,,1.557,82.33,21.14,,,,,,,,0.328,,41080000,2025-11-05,quarterly,7.74,USD,post-market,84967000,1104825000,0.326,0.356,0.136,82.14,260845000,504000000,49000000,22008000,1708.45,1719.22,5.8824,1158611000,259325000,209605000,684205000,899286000,474600000,825365000,474406000,66.23,-1718570000,2217.6,1300.0
2025-12-28,FICO,26.47,1990869000.0,66.23,None,1.289,-73.46,,None,118681000,118681000,,,,,,,,,337000,35293000,None,281977000,281977000,14014000,None,None,111863000,None,None,48695000,,,,,0.179,0.43,172385000,221080000,7.31,2012-06-30,40.32,679955000,1637147000.0,543388000,159192000,55706000,17130000,17130000,None,8569000,None,0,None,None,496000000,None,16090000,103486000,None,None,None,0.481,,390665000,152723000,16850000,70863000,None,20255000,None,,,,,1.557,82.33,21.14,,,,,,,,0.328,,38138000,2025-11-05,quarterly,7.74,USD,post-market,84967000,1084271000,0.326,0.356,0.136,82.14,260845000,504000000,8000000,32022000,1708.45,1719.22,5.8824,1066295000,279416000,143680000,659935000,786879000,516255000,825365000,406360000,66.23,-1755053000,2217.6,1300.0
2025-12-28,FICO,26.47,1990869000.0,66.23,None,1.289,-73.46,,None,146036000,146036000,,,,,,,,,343000,36552000,None,281977000,281977000,11198000,None,None,107436000,None,None,48695000,,,,,0.179,0.43,172385000,221080000,7.31,2012-03-31,40.32,667098000,1637147000.0,543388000,159192000,55706000,16120000,16120000,None,8569000,None,0,None,None,504000000,None,16169000,103486000,None,None,None,0.481,,390665000,152723000,16777000,72017000,None,21152000,None,,,,,1.557,82.33,21.14,,,,,,,,0.328,,35138000,2025-11-05,quarterly,7.74,USD,post-market,84967000,1064207000,0.326,0.356,0.136,82.14,260845000,512000000,8000000,45049000,1708.45,1719.22,5.8824,1080591000,315298000,142245000,667397000,765293000,525152000,825365000,413194000,66.23,-1729496000,2217.6,1300.0
2025-12-28,FICO,26.47,1990869000.0,66.23,None,1.289,-73.46,,None,175375000,175375000,,,,,,,,,360000,36887000,None,281977000,281977000,14229000,None,None,117301000,None,None,48695000,,,,,0.179,0.43,172385000,221080000,7.31,2011-12-31,40.32,663944000,1637147000.0,543388000,159192000,55706000,17559000,17559000,None,8569000,None,0,None,None,504000000,None,15332000,103486000,None,None,None,0.481,,390665000,152723000,16151000,69608000,None,19623000,None,,,,,1.557,82.33,21.14,,,,,,,,0.328,,33329000,2025-11-05,quarterly,7.74,USD,post-market,84967000,1044904000,0.326,0.356,0.136,82.14,260845000,512000000,8000000,56212000,1708.45,1719.22,5.8824,1125680000,365039000,139799000,663422000,760641000,523623000,825365000,462258000,66.23,-1653142000,2217.6,1300.0
2025-12-28,FICO,26.47,1990869000.0,66.23,None,1.289,-73.46,,None,135752000,135752000,,,,,,,,,371000,36034000,None,281977000,281977000,11139000,None,None,104974000,None,None,48695000,,,,,0.179,0.43,172385000,221080000,7.31,2011-09-30,40.32,664688000,1637147000.0,543388000,159192000,55706000,19498000,19498000,None,8569000,None,0,None,None,504000000,None,15104000,103486000,None,None,None,0.481,,390665000,152723000,17929000,85591000,None,13476000,None,,,,,1.557,82.33,21.14,,,,,,,,0.328,,33017000,2025-11-05,quarterly,7.74,USD,post-market,84967000,1015624000,0.326,0.356,0.136,82.14,260845000,512000000,8000000,105826000,1708.45,1719.22,5.8824,1129468000,364481000,146498000,663974000,764987000,517476000,825365000,465494000,66.23,-1627180000,2217.6,1300.0
2025-12-28,FICO,26.47,1990869000.0,66.23,None,1.289,-73.46,,None,140917000,140917000,,,,,,,,,387000,40241000,None,281977000,281977000,14877000,None,None,102030000,None,None,48695000,,,,,0.179,0.43,172385000,221080000,7.31,2011-06-30,40.32,667149000,1637147000.0,543388000,159192000,55706000,21483000,21483000,None,8569000,None,0,None,None,504000000,None,15845000,103486000,None,None,None,0.481,,390665000,152723000,15866000,60324000,None,15217000,None,,,,,1.557,82.33,21.14,,,,,,,,0.328,,27278000,2025-11-05,quarterly,7.74,USD,post-market,84967000,991756000,0.326,0.356,0.136,82.14,260845000,512000000,8000000,117593000,1708.45,1719.22,5.8824,1141686000,376406000,134683000,653900000,765280000,519217000,825365000,487786000,66.23,-1587765000,2217.6,1300.0
2025-12-28,FICO,26.47,1990869000.0,66.23,None,1.289,-73.46,,None,258294000,258294000,,,,,,,,,398000,40618000,None,281977000,281977000,16424000,None,None,106893000,None,None,48695000,,,,,0.179,0.43,172385000,221080000,7.31,2011-03-31,40.32,667431000,1637147000.0,543388000,159192000,55706000,23423000,23423000,None,8569000,None,0,None,None,512000000,None,16122000,103486000,None,None,None,0.481,,390665000,152723000,15898000,50387000,None,16318000,None,,,,,1.557,82.33,21.14,,,,,,,,0.328,,29038000,2025-11-05,quarterly,7.74,USD,post-market,84967000,969357000,0.326,0.356,0.136,82.14,260845000,520000000,8000000,0,1708.45,1719.22,5.8824,1152426000,381085000,125831000,654149000,771341000,528318000,825365000,498277000,66.23,-1555141000,2217.6,1300.0
2025-12-28,FICO,26.47,1990869000.0,66.23,None,1.289,-73.46,,None,196432000,196432000,,,,,,,,,401000,40439000,None,281977000,281977000,13485000,None,None,105215000,None,None,48695000,,,,,0.179,0.43,172385000,221080000,7.31,2010-12-31,40.32,664206000,1637147000.0,543388000,159192000,55706000,25264000,25264000,None,8569000,None,0,None,None,512000000,None,15845000,103486000,None,None,None,0.481,,390665000,152723000,16703000,49831000,None,14590000,None,,,,,1.557,82.33,21.14,,,,,,,,0.328,,29751000,2025-11-05,quarterly,7.74,USD,post-market,84967000,962413000,0.326,0.356,0.136,82.14,260845000,520000000,8000000,46859000,1708.45,1719.22,5.8824,1136144000,365209000,118096000,644686000,770935000,526590000,825365000,491458000,66.23,-1550422000,2217.6,1300.0
2025-12-28,FICO,26.47,1990869000.0,66.23,None,1.289,-73.46,,None,146199000,146199000,,,,,,,,,399000,39923000,None,281977000,281977000,8765000,None,None,113187000,None,None,48695000,,,,,0.179,0.43,172385000,221080000,7.31,2010-09-30,40.32,665953000,1637147000.0,543388000,159192000,55706000,27244000,27244000,None,8569000,None,0,None,None,512000000,None,15441000,103486000,None,None,None,0.481,,390665000,152723000,19174000,62429000,None,14655000,None,,,,,1.557,82.33,21.14,,,,,,,,0.328,,30975000,2025-11-05,quarterly,7.74,USD,post-market,84967000,947202000,0.326,0.356,0.136,82.14,260845000,520000000,8000000,68615000,1708.45,1719.22,5.8824,1123716000,347175000,122147000,648802000,776541000,526655000,825365000,474914000,66.23,-1556253000,2217.6,1300.0
2025-12-28,FICO,26.47,1990869000.0,66.23,None,1.289,-73.46,,None,112612000,112612000,,,,,,,,,423000,44885000,None,281977000,281977000,8520000,None,None,107804000,None,None,48695000,,,,,0.179,0.43,172385000,221080000,7.31,2010-06-30,40.32,660804000,1637147000.0,543388000,159192000,55706000,29050000,29050000,None,8569000,None,0,None,None,512000000,None,30089000,103486000,None,None,None,0.481,,390665000,152723000,22223000,66880000,None,14647000,None,,,,,1.557,82.33,21.14,,,,,,,,0.328,,31421000,2025-11-05,quarterly,7.74,USD,post-market,84967000,932168000,0.326,0.356,0.136,82.14,260845000,520000000,8000000,129173000,1708.45,1719.22,5.8824,1162397000,371812000,128634000,655281000,790585000,526647000,825365000,507116000,66.23,-1501111000,2217.6,1300.0
2025-12-28,FICO,26.47,1990869000.0,66.23,None,1.289,-73.46,,None,190910000,190910000,,,,,,,,,459000,46870000,None,281977000,281977000,9054000,None,None,88412000,None,None,48695000,,,,,0.179,0.43,172385000,221080000,7.31,2010-03-31,40.32,661883000,1637147000.0,543388000,159192000,55706000,31775000,31775000,None,8569000,None,None,None,None,570000000,None,None,103486000,None,None,None,0.481,,390665000,152723000,24872000,70918000,None,None,None,,,,,1.557,82.33,21.14,,,,,,,,0.328,,32800000,2025-11-05,quarterly,7.74,USD,post-market,84967000,915125000,0.326,0.356,0.136,82.14,260845000,570000000,151609000,151609000,1708.45,1719.22,5.8824,1277379000,455803000,120777000,706929000,821576000,586152000,825365000,570450000,66.23,-1419674000,2217.6,1300.0
2025-12-28,FICO,26.47,1990869000.0,66.23,None,1.289,-73.46,,None,206207000,206207000,,,,,,,,,465000,47915000,None,281977000,281977000,7714000,None,None,98407000,None,None,48695000,,,,,0.179,0.43,172385000,221080000,7.31,2009-12-31,40.32,668500000,1637147000.0,543388000,159192000,55706000,35152000,35152000,None,8569000,None,None,None,None,570000000,None,None,103486000,None,None,None,0.481,,390665000,152723000,23794000,62868000,None,None,None,,,,,1.557,82.33,21.14,,,,,,,,0.328,,33701000,2025-11-05,quarterly,7.74,USD,post-market,84967000,903063000,0.326,0.356,0.136,82.14,260845000,570000000,131051000,131051000,1708.45,1719.22,5.8824,1288574000,459459000,113883000,701999000,829115000,588116000,825365000,586575000,66.23,-1404584000,2217.6,1300.0
2025-12-28,FICO,26.47,1990869000.0,66.23,None,1.289,-73.46,,None,178157000,178157000,,,,,,,,,482000,47606000,None,281977000,281977000,8593000,None,None,101742000,None,None,48695000,,,,,0.179,0.43,172385000,221080000,7.31,2009-09-30,40.32,667640000,1637147000.0,543388000,159192000,55706000,38255000,38255000,None,8569000,None,None,None,None,570000000,None,None,103486000,None,None,None,0.481,,390665000,152723000,22986000,66322000,None,None,None,,,,,1.557,82.33,21.14,,,,,,,,0.328,,34340000,2025-11-05,quarterly,7.74,USD,post-market,84967000,886324000,0.326,0.356,0.136,82.14,260845000,570000000,139673000,139673000,1708.45,1719.22,5.8824,1303888000,442558000,114588000,703619000,861330000,589031000,825365000,600269000,66.23,-1375400000,2217.6,1300.0
2025-12-28,FICO,26.47,1990869000.0,66.23,None,1.289,-73.46,,None,240346000,240346000,,,,,,,,,489000,48986000,None,281977000,281977000,10698000,None,None,98604000,None,None,48695000,,,,,0.179,0.43,172385000,221080000,7.31,2009-06-30,40.32,671061000,1637147000.0,543388000,159192000,55706000,41734000,41734000,None,8569000,None,None,None,None,570000000,None,None,103486000,None,None,None,0.481,,390665000,152723000,25477000,69011000,None,None,None,,,,,1.557,82.33,21.14,,,,,,,,0.328,,38269000,2025-11-05,quarterly,7.74,USD,post-market,84967000,870180000,0.326,0.356,0.136,82.14,260845000,570000000,75743000,75743000,1708.45,1719.22,5.8824,1312925000,440170000,119875000,708677000,872755000,588802000,825365000,604248000,66.23,-1361411000,2217.6,1300.0
2025-12-28,FICO,26.47,1990869000.0,66.23,None,1.289,-73.46,,None,201286000,201286000,,,,,,,,,488000,48828000,None,281977000,281977000,13718000,None,None,105038000,None,None,48695000,,,,,0.179,0.43,172385000,221080000,7.31,2009-03-31,40.32,661968000,1637147000.0,543388000,159192000,55706000,43926000,43926000,None,8569000,None,None,None,None,570000000,None,None,103486000,None,None,None,0.481,,390665000,152723000,20394000,61694000,None,None,None,,,,,1.557,82.33,21.14,,,,,,,,0.328,,40986000,2025-11-05,quarterly,7.74,USD,post-market,84967000,853018000,0.326,0.356,0.136,82.14,260845000,570000000,59232000,59232000,1708.45,1719.22,5.8824,1272039000,385950000,114776000,707456000,886089000,592680000,825365000,564583000,66.23,-1361837000,2217.6,1300.0
2025-12-28,FICO,26.47,1990869000.0,66.23,None,1.289,-73.46,,None,157206000,157206000,,,,,,,,,488000,48522000,None,281977000,281977000,10385000,None,None,114395000,None,None,48695000,,,,,0.179,0.43,172385000,221080000,7.31,2008-12-31,40.32,663843000,1637147000.0,543388000,159192000,55706000,47246000,47246000,None,8569000,None,None,None,None,570000000,None,None,103486000,None,None,None,0.481,,390665000,152723000,22991000,56447000,None,None,None,,,,,1.557,82.33,21.14,,,,,,,,0.328,,44993000,2025-11-05,quarterly,7.74,USD,post-market,84967000,836249000,0.326,0.356,0.136,82.14,260845000,570000000,55174000,55174000,1708.45,1719.22,5.8824,1247950000,349766000,106371000,698386000,898184000,592015000,825365000,549564000,66.23,-1363084000,2217.6,1300.0
2025-12-28,FICO,26.47,1990869000.0,66.23,None,1.289,-73.46,,None,129678000,129678000,,,,,,,,,485000,48478000,None,281977000,281977000,11172000,None,None,141571000,None,None,48695000,,,,,0.179,0.43,172385000,221080000,7.31,2008-09-30,40.32,686082000,1637147000.0,543388000,159192000,55706000,52468000,52468000,None,8569000,None,None,None,None,570000000,None,None,103486000,None,None,None,0.481,,390665000,152723000,23404000,73216000,None,None,None,,,,,1.557,82.33,21.14,,,,,,,,0.328,,46360000,2025-11-05,quarterly,7.74,USD,post-market,84967000,825109000,0.326,0.356,0.136,82.14,260845000,570000000,57049000,57049000,1708.45,1719.22,5.8824,1275253000,351702000,122631000,713312000,923551000,590681000,825365000,561941000,66.23,-1374455000,2217.6,1300.0
2025-12-28,FICO,26.47,1990869000.0,66.23,None,1.289,-73.46,,None,102876000,102876000,,,,,,,,,484000,48727000,None,281977000,281977000,10248000,None,None,152564000,None,None,48695000,,,,,0.179,0.43,172385000,221080000,7.31,2008-06-30,40.32,702074000,1637147000.0,543388000,159192000,55706000,57197000,57197000,None,8569000,None,None,None,None,313000000,None,None,103486000,None,None,None,0.481,,390665000,152723000,21930000,57213000,None,None,None,,,,,1.557,82.33,21.14,,,,,,,,0.328,,48360000,2025-11-05,quarterly,7.74,USD,post-market,84967000,802300000,0.326,0.356,0.136,82.14,260845000,580259000,267259000,52895000,1708.45,1719.22,5.8824,1248232000,330265000,374244000,703989000,917967000,329745000,825365000,544243000,66.23,-1376055000,2217.6,1300.0
2025-12-28,FICO,26.47,1990869000.0,66.23,None,1.289,-73.46,,None,59963000,59963000,,,,,,,,,486000,48961000,None,281977000,281977000,13221000,None,None,159337000,None,None,48695000,,,,,0.179,0.43,172385000,221080000,7.31,2008-03-31,40.32,701178000,1637147000.0,543388000,159192000,55706000,60919000,60919000,None,8569000,None,19820000,None,None,213000000,None,None,103486000,None,None,None,0.481,,390665000,152723000,30809000,64257000,None,None,None,,,,,1.557,82.33,21.14,,,,,,,,0.328,,49835000,2025-11-05,quarterly,7.74,USD,post-market,84967000,776772000,0.326,0.356,0.136,82.14,260845000,580259000,367259000,48918000,1708.45,1719.22,5.8824,1230755000,299027000,481726000,711580000,931728000,229854000,825365000,519175000,66.23,-1375025000,2217.6,1300.0
2025-12-28,FICO,26.47,1990869000.0,66.23,None,1.289,-73.46,,None,99863000,99863000,,,,,,,,,495000,51200000,None,281977000,281977000,13380000,None,None,158534000,None,None,48695000,,,,,0.179,0.43,172385000,221080000,7.31,2007-12-31,40.32,691728000,1637147000.0,543388000,159192000,55706000,59207000,59207000,None,8569000,None,None,None,None,190000000,None,None,103486000,None,None,None,0.481,,390665000,152723000,19791000,61711000,None,None,None,,,,,1.557,82.33,21.14,,,,,,,,0.328,,50705000,2025-11-05,quarterly,7.74,USD,post-market,84967000,764255000,0.326,0.356,0.136,82.14,260845000,580963000,390963000,58108000,1708.45,1719.22,5.8824,1238625000,336296000,507712000,715116000,902329000,207404000,825365000,523509000,66.23,-1354929000,2217.6,1300.0
2025-12-28,FICO,26.47,1990869000.0,66.23,None,1.289,-73.46,,None,95284000,95284000,,,,,,,,,511000,50042000,None,281977000,281977000,16300000,None,None,177402000,None,None,48695000,,,,,0.179,0.43,172385000,221080000,7.31,2007-09-30,40.32,692922000,1637147000.0,543388000,159192000,55706000,62923000,62923000,None,8569000,None,None,None,None,170000000,None,None,103486000,None,None,None,0.481,,390665000,152723000,24738000,76089000,None,None,None,,,,,1.557,82.33,21.14,,,,,,,,0.328,,52157000,2025-11-05,quarterly,7.74,USD,post-market,84967000,745054000,0.326,0.356,0.136,82.14,260845000,560963000,390963000,125327000,1708.45,1719.22,5.8824,1275771000,422751000,525924000,709457000,853020000,183533000,825365000,566314000,66.23,-1290393000,2217.6,1300.0
2025-12-28,FICO,26.47,1990869000.0,66.23,None,1.289,-73.46,,None,90242000,90242000,,,,,,,,,553000,56896000,None,281977000,281977000,17017000,None,None,179443000,None,None,48695000,,,,,0.179,0.43,172385000,221080000,7.31,2007-06-30,40.32,696476000,1637147000.0,543388000,159192000,55706000,67115000,67115000,None,8569000,None,None,None,None,None,None,None,103486000,None,None,None,0.481,,390665000,152723000,22162000,78957000,None,None,None,,,,,1.557,82.33,21.14,,,,,,,,0.328,,53510000,2025-11-05,quarterly,7.74,USD,post-market,84967000,717883000,0.326,0.356,0.136,82.14,260845000,470000000,470000000,151328000,1708.45,1719.22,5.8824,1310263000,443175000,606859000,620262000,867088000,13403000,825365000,690001000,66.23,-1129758000,2217.6,1300.0
2025-12-28,FICO,26.47,1990869000.0,66.23,None,1.289,-73.46,,None,122447000,122447000,,,,,,,,,571000,58659000,None,281977000,281977000,15138000,None,None,178703000,None,None,48695000,,,,,0.179,0.43,172385000,221080000,7.31,2007-03-31,40.32,693596000,1637147000.0,543388000,159192000,55706000,72745000,72745000,None,8569000,None,None,None,None,None,None,None,103486000,None,None,None,0.481,,390665000,152723000,22376000,79191000,None,None,None,,,,,1.557,82.33,21.14,,,,,,,,0.328,,53889000,2025-11-05,quarterly,7.74,USD,post-market,84967000,695215000,0.326,0.356,0.136,82.14,260845000,470000000,470000000,150449000,1708.45,1719.22,5.8824,1347292000,473975000,608931000,622287000,873317000,13356000,825365000,725005000,66.23,-1063943000,2217.6,1300.0
2025-12-28,FICO,26.47,1990869000.0,66.23,None,1.289,-73.46,,None,99149000,99149000,,,,,,,,,570000,59985000,None,281977000,281977000,14912000,None,None,176547000,None,None,48695000,,,,,0.179,0.43,172385000,221080000,7.31,2006-12-31,40.32,701068000,1637147000.0,543388000,159192000,55706000,85467000,85467000,None,8569000,None,None,None,None,None,None,None,103486000,None,None,None,0.481,,390665000,152723000,16680000,82265000,None,None,None,,,,,1.557,82.33,21.14,,,,,,,,0.328,,54650000,2025-11-05,quarterly,7.74,USD,post-market,84967000,674925000,0.326,0.356,0.136,82.14,260845000,470000000,470000000,122812000,1708.45,1719.22,5.8824,1328170000,415188000,614308000,628474000,912982000,14166000,825365000,699696000,66.23,-1062725000,2217.6,1300.0
2025-12-28,FICO,26.47,1990869000.0,66.23,None,1.289,-73.46,,None,75154000,75154000,,,,,,,,,594000,58057000,None,281977000,281977000,12162000,None,None,165806000,None,None,48695000,,,,,0.179,0.43,172385000,221080000,7.31,2006-09-30,40.32,695162000,1637147000.0,543388000,159192000,55706000,90900000,90900000,None,8569000,None,None,None,None,None,None,None,103486000,None,None,None,0.481,,390665000,152723000,20209000,76583000,None,None,None,,,,,1.557,82.33,21.14,,,,,,,,0.328,,56611000,2025-11-05,quarterly,7.74,USD,post-market,84967000,644836000,0.326,0.356,0.136,82.14,260845000,400000000,400000000,152141000,1708.45,1719.22,5.8824,1321205000,413310000,537029000,551177000,907895000,14148000,825365000,770028000,66.23,-952979000,2217.6,1300.0
2025-12-28,FICO,26.47,1990869000.0,66.23,None,1.289,-73.46,,None,133964000,133964000,,,,,,,,,628000,64973000,None,281977000,281977000,16489000,None,None,161021000,None,None,48695000,,,,,0.179,0.43,172385000,221080000,7.31,2006-06-30,40.32,692327000,1637147000.0,543388000,159192000,55706000,96473000,96473000,None,8569000,None,None,None,None,400000000,None,None,103486000,None,None,None,0.481,,390665000,152723000,23599000,82773000,None,None,None,,,,,1.557,82.33,21.14,,,,,,,,0.328,,55433000,2025-11-05,quarterly,7.74,USD,post-market,84967000,624007000,0.326,0.356,0.136,82.14,260845000,400000000,182170000,182170000,1708.45,1719.22,5.8824,1412226000,500754000,149626000,554965000,911472000,405339000,825365000,857261000,66.23,-831284000,2217.6,1300.0
2025-12-28,FICO,26.47,1990869000.0,66.23,None,1.289,-73.46,,None,223463000,223463000,,,,,,,,,652000,66834000,None,281977000,281977000,17703000,None,None,160621000,None,None,48695000,,,,,0.179,0.43,172385000,221080000,7.31,2006-03-31,40.32,686941000,1637147000.0,543388000,159192000,55706000,101748000,101748000,None,8569000,None,None,None,None,400000000,None,None,103486000,None,None,None,0.481,,390665000,152723000,23814000,76918000,None,None,None,,,,,1.557,82.33,21.14,,,,,,,,0.328,,44725000,2025-11-05,quarterly,7.74,USD,post-market,84967000,599284000,0.326,0.356,0.136,82.14,260845000,400000000,164997000,164997000,1708.45,1719.22,5.8824,1475111000,572895000,151659000,557065000,902216000,405406000,825365000,918046000,66.23,-735784000,2217.6,1300.0
2025-12-28,FICO,26.47,1990869000.0,66.23,None,1.289,-73.46,,None,189296000,189296000,,,,,,,,,649000,66219000,None,281977000,281977000,13789000,None,None,156403000,None,None,48695000,,,,,0.179,0.43,172385000,221080000,7.31,2005-12-31,40.32,686209000,1637147000.0,543388000,159192000,55706000,794076000,794076000,None,8569000,None,None,None,None,400000000,None,None,103486000,None,None,None,0.481,,390665000,152723000,25772000,78064000,None,None,None,,,,,1.557,82.33,21.14,,,,,,,,0.328,,45020000,2025-11-05,quarterly,7.74,USD,post-market,84967000,573612000,0.326,0.356,0.136,82.14,260845000,400000000,130567000,130567000,1708.45,1719.22,5.8824,1423034000,502038000,147940000,553517000,920996000,405577000,825365000,869517000,66.23,-747104000,2217.6,1300.0
2025-12-28,FICO,26.47,1990869000.0,66.23,None,1.289,-73.46,,None,82880000,82880000,,,,,,,,,638000,64211000,None,281977000,281977000,11579000,None,None,156375000,None,None,48695000,,,,,0.179,0.43,172385000,221080000,7.31,2005-09-30,40.32,688683000,1637147000.0,543388000,159192000,55706000,803306000,803306000,None,8569000,None,None,None,None,400000000,None,None,103486000,None,None,None,0.481,,390665000,152723000,27337000,70741000,None,None,None,,,,,1.557,82.33,21.14,,,,,,,,0.328,,48436000,2025-11-05,quarterly,7.74,USD,post-market,84967000,546450000,0.326,0.356,0.136,82.14,260845000,400000000,146088000,146088000,1708.45,1719.22,5.8824,1351061000,412680000,138157000,545967000,938381000,407810000,825365000,805094000,66.23,-775746000,2217.6,1300.0
2025-12-28,FICO,26.47,1990869000.0,66.23,None,1.289,-73.46,,19187000,134136000,134136000,,,,,,,,,238000,24561000,None,281977000,281977000,32315000,None,399541000,529148000,None,None,48695000,,,,,0.179,0.43,172385000,221080000,7.31,2025-09-30,40.32,783340000,1637147000.0,543388000,159192000,55706000,None,None,None,8569000,None,None,None,None,2656150000,None,54625000,103486000,None,None,None,0.481,,390665000,152723000,41881000,229987000,None,89365000,None,,,,,1.557,82.33,21.14,,,,,,,,0.328,,None,2025-11-05,annual,7.74,USD,post-market,84967000,4552816000,0.326,0.356,0.136,82.14,260845000,3074878000,399541000,None,1708.45,1719.22,5.8824,1868133000,705165000,849215000,3613917000,1162968000,2764702000,825365000,-1745784000,66.23,None,2217.6,1300.0
2025-12-28,FICO,26.47,1990869000.0,66.23,None,1.289,-73.46,,33518000,150667000,150667000,,,,,,,,,244000,25079000,None,281977000,281977000,22473000,None,15000000,426642000,None,None,48695000,,,,,0.179,0.43,172385000,221080000,7.31,2024-09-30,40.32,782752000,1637147000.0,543388000,159192000,55706000,None,None,None,8569000,None,None,None,None,2194021000,None,45289000,103486000,None,None,None,0.481,,390665000,152723000,40104000,174360000,None,84294000,None,,,,,1.557,82.33,21.14,,,,,,,,0.328,,None,2025-11-05,annual,7.74,USD,post-market,84967000,3900870000,0.326,0.356,0.136,82.14,260845000,2242539000,26555000,None,1708.45,1719.22,5.8824,1717884000,617413000,380285000,2680563000,1100471000,2300278000,825365000,-962679000,66.23,None,2217.6,1300.0
2025-12-28,FICO,26.47,1990869000.0,66.23,None,1.289,-73.46,,23903000,136778000,136778000,,,,,,,,,248000,25367000,None,281977000,281977000,19009000,None,50000000,387947000,None,None,48695000,,,,,0.179,0.43,172385000,221080000,7.31,2023-09-30,40.32,773327000,1637147000.0,543388000,159192000,55706000,917000,917000,None,8569000,None,1,None,None,1811658000,None,34237000,103486000,None,None,None,0.481,,390665000,152723000,31723000,145613000,None,60022000,None,,,,,1.557,82.33,21.14,,,,,,,,0.328,,36669000,2025-11-05,annual,7.74,USD,post-market,84967000,3388059000,0.326,0.356,0.136,82.14,260845000,1901897000,66336000,-33014000,1708.45,1719.22,5.8824,1575281000,556448000,367688000,2263271000,1018833000,1895583000,825365000,-687990000,66.23,None,2217.6,1300.0
2025-12-28,FICO,26.47,1990869000.0,66.23,None,1.289,-73.46,,58561000,133202000,133202000,,,,,,,,,252000,26347000,None,281977000,281977000,17273000,None,30000000,322410000,None,None,48695000,,,,,0.179,0.43,172385000,221080000,7.31,2022-09-30,40.32,761067000,1637147000.0,543388000,159192000,55706000,2017000,2017000,None,8569000,None,1,None,None,1823669000,None,25650000,103486000,None,None,None,0.481,,390665000,152723000,29103000,144772000,None,88853000,None,,,,,1.557,82.33,21.14,,,,,,,,0.328,,17580000,2025-11-05,annual,7.74,USD,post-market,84967000,2958684000,0.326,0.356,0.136,82.14,260845000,1912230000,49369000,None,1708.45,1719.22,5.8824,1442034000,484715000,331459000,2243981000,957319000,1912522000,825365000,-801947000,66.23,-4935769000,2217.6,1300.0
2025-12-28,FICO,26.47,1990869000.0,66.23,None,1.289,-73.46,,53670000,195354000,195354000,,,,,,,,,276000,29260000,None,281977000,281977000,20749000,None,250000000,312107000,None,None,48695000,,,,,0.179,0.43,172385000,221080000,7.31,2021-09-30,40.32,788185000,1637147000.0,543388000,159192000,55706000,4099000,4099000,None,8569000,None,1,None,None,1009018000,None,33196000,103486000,None,None,None,0.481,,390665000,152723000,43513000,160967000,None,110493000,None,,,,,1.557,82.33,21.14,,,,,,,,0.328,,75188000,2025-11-05,annual,7.74,USD,post-market,84967000,2585143000,0.326,0.356,0.136,82.14,260845000,1334762000,272074000,None,1708.45,1719.22,5.8824,1567776000,550974000,559207000,1678718000,1016802000,1119511000,825365000,-110942000,66.23,-3857855000,2217.6,1300.0
2025-12-28,FICO,26.47,1990869000.0,66.23,None,1.289,-73.46,,73207000,157394000,157394000,,,,,,,,,291000,29932000,None,281977000,281977000,23033000,None,95000000,334180000,None,None,48695000,,,,,0.179,0.43,172385000,221080000,7.31,2020-09-30,40.32,812364000,1637147000.0,543388000,159192000,55706000,9236000,9236000,None,8569000,None,1,None,None,739435000,None,26573000,103486000,None,None,None,0.481,,390665000,152723000,42504000,181319000,None,121212000,None,,,,,1.557,82.33,21.14,,,,,,,,0.328,,46419000,2025-11-05,annual,7.74,USD,post-market,84967000,2193059000,0.326,0.356,0.136,82.14,260845000,907642000,95000000,25513000,1708.45,1719.22,5.8824,1606240000,534078000,414511000,1275158000,1072162000,860647000,825365000,331082000,66.23,-2997856000,2217.6,1300.0
2025-12-28,FICO,26.47,1990869000.0,66.23,None,1.289,-73.46,,None,106426000,106426000,,,,,,,,,289000,30294000,None,281977000,281977000,23118000,None,218000000,297427000,None,None,48695000,,,,,0.179,0.43,172385000,221080000,7.31,2019-09-30,40.32,803542000,1637147000.0,543388000,159192000,55706000,14139000,14139000,None,8569000,None,None,None,None,606790000,None,21865000,103486000,None,None,None,0.481,,390665000,152723000,51853000,138694000,None,46063000,None,,,,,1.557,82.33,21.14,,,,,,,,0.328,,53027000,2025-11-05,annual,7.74,USD,post-market,84967000,1956648000,0.326,0.356,0.136,82.14,260845000,824790000,218000000,None,1708.45,1719.22,5.8824,1433448000,455706000,490828000,1143681000,977742000,652853000,825365000,289767000,66.23,-2802450000,2217.6,1300.0
2025-12-28,FICO,26.47,1990869000.0,66.23,None,1.289,-73.46,,None,90023000,90023000,,,,,,,,,290000,31180000,None,281977000,281977000,20251000,None,235000000,266742000,None,None,48695000,,,,,0.179,0.43,172385000,221080000,7.31,2018-09-30,40.32,800890000,1637147000.0,543388000,159192000,55706000,14536000,14536000,None,8569000,None,1,None,None,528944000,None,19756000,103486000,None,None,None,0.481,,390665000,152723000,39624000,115317000,None,40183000,None,,,,,1.557,82.33,21.14,,,,,,,,0.328,,48837000,2025-11-05,annual,7.74,USD,post-market,84967000,1764524000,0.326,0.356,0.136,82.14,260845000,763944000,235000000,0,1708.45,1719.22,5.8824,1255079000,338512000,422215000,991342000,916567000,569127000,825365000,263737000,66.23,-2612007000,2217.6,1300.0
2025-12-28,FICO,26.47,1990869000.0,66.23,None,1.289,-73.46,,None,105618000,105618000,,,,,,,,,302000,32245000,None,281977000,281977000,19510000,None,142000000,168586000,None,None,48695000,,,,,0.179,0.43,172385000,221080000,7.31,2017-09-30,40.32,804414000,1637147000.0,543388000,159192000,55706000,21185000,21185000,None,8569000,None,1,None,None,462801000,None,25515000,103486000,None,None,None,0.481,,390665000,152723000,36727000,109714000,None,39627000,None,,,,,1.557,82.33,21.14,,,,,,,,0.328,,40703000,2025-11-05,annual,7.74,USD,post-market,84967000,1598395000,0.326,0.356,0.136,82.14,260845000,604801000,142000000,0,1708.45,1719.22,5.8824,1255620000,310931000,326655000,829083000,944689000,502428000,825365000,426537000,66.23,-2301097000,2217.6,1300.0
2025-12-28,FICO,26.47,1990869000.0,66.23,None,1.289,-73.46,,None,75926000,75926000,,,,,,,,,309000,32308000,None,281977000,281977000,22952000,None,77000000,167786000,None,None,48695000,,,,,0.179,0.43,172385000,221080000,7.31,2016-09-30,40.32,798415000,1637147000.0,543388000,159192000,55706000,33619000,33619000,None,8569000,None,0,None,None,494000000,None,21936000,103486000,None,None,None,0.481,,390665000,152723000,23926000,98996000,None,34147000,None,,,,,1.557,82.33,21.14,,,,,,,,0.328,,45122000,2025-11-05,annual,7.74,USD,post-market,84967000,1471377000,0.326,0.356,0.136,82.14,260845000,570624000,77000000,0,1708.45,1719.22,5.8824,1221052000,267638000,246077000,774224000,953414000,528147000,825365000,446828000,66.23,-2136760000,2217.6,1300.0
2025-12-28,FICO,26.47,1990869000.0,66.23,None,1.289,-73.46,,None,86120000,86120000,,,,,,,,,313000,32609000,None,281977000,281977000,19852000,None,92000000,158773000,None,None,48695000,,,,,0.179,0.43,172385000,221080000,7.31,2015-09-30,40.32,814750000,1637147000.0,543388000,159192000,55706000,47321000,47321000,None,8569000,None,1,None,None,516000000,None,20525000,103486000,None,None,None,0.481,,390665000,152723000,41709000,85326000,None,33290000,None,,,,,1.557,82.33,21.14,,,,,,,,0.328,,38208000,2025-11-05,annual,7.74,USD,post-market,84967000,1368255000,0.326,0.356,0.136,82.14,260845000,608000000,92000000,0,1708.45,1719.22,5.8824,1230163000,286602000,243875000,793165000,943561000,549290000,825365000,436998000,66.23,-2033644000,2217.6,1300.0
2025-12-28,FICO,26.47,1990869000.0,66.23,None,1.289,-73.46,,None,105075000,105075000,,,,,,,,,320000,34864000,None,281977000,281977000,22000000,None,170000000,155295000,None,None,48695000,,,,,0.179,0.43,172385000,221080000,7.31,2014-09-30,40.32,779928000,1637147000.0,543388000,159192000,55706000,47914000,47914000,None,8569000,None,0,None,None,376000000,None,19784000,103486000,None,None,None,0.481,,390665000,152723000,28157000,92885000,None,20280000,None,,,,,1.557,82.33,21.14,,,,,,,,0.328,,36677000,2025-11-05,annual,7.74,USD,post-market,84967000,1284261000,0.326,0.356,0.136,82.14,260845000,546000000,170000000,0,1708.45,1719.22,5.8824,1192298000,288527000,341404000,737684000,903771000,396280000,825365000,454614000,66.23,-1936095000,2217.6,1300.0
2025-12-28,FICO,26.47,1990869000.0,66.23,None,1.289,-73.46,,None,83178000,83178000,,,,,,,,,348000,36292000,None,281977000,281977000,19216000,None,None,143733000,None,None,48695000,,,,,0.179,0.43,172385000,221080000,7.31,2013-09-30,40.32,773931000,1637147000.0,543388000,159192000,55706000,57361000,57361000,None,8569000,None,1,None,None,447000000,None,18140000,103486000,None,None,None,0.481,,390665000,152723000,22277000,67662000,None,17990000,None,,,,,1.557,82.33,21.14,,,,,,,,0.328,,45155000,2025-11-05,annual,7.74,USD,post-market,84967000,1192096000,0.326,0.356,0.136,82.14,260845000,470000000,23000000,0,1708.45,1719.22,5.8824,1161547000,249188000,165880000,630870000,912359000,464990000,825365000,530677000,66.23,-1751057000,2217.6,1300.0
2025-12-28,FICO,26.47,1990869000.0,66.23,None,1.289,-73.46,,None,71609000,71609000,,,,,,,,,348000,36063000,None,281977000,281977000,18958000,None,None,142595000,None,None,48695000,,,,,0.179,0.43,172385000,221080000,7.31,2012-09-30,40.32,757504000,1637147000.0,543388000,159192000,55706000,52299000,52299000,None,8569000,None,0,None,None,455000000,None,16500000,103486000,None,None,None,0.481,,390665000,152723000,23113000,81934000,None,19600000,None,,,,,1.557,82.33,21.14,,,,,,,,0.328,,41080000,2025-11-05,annual,7.74,USD,post-market,84967000,1104825000,0.326,0.356,0.136,82.14,260845000,504000000,49000000,22008000,1708.45,1719.22,5.8824,1158611000,259325000,209605000,684205000,899286000,474600000,825365000,474406000,66.23,-1718570000,2217.6,1300.0
2025-12-28,FICO,26.47,1990869000.0,66.23,None,1.289,-73.46,,None,135752000,135752000,,,,,,,,,371000,39988000,None,281977000,281977000,11139000,None,None,104974000,None,None,48695000,,,,,0.179,0.43,172385000,221080000,7.31,2011-09-30,40.32,664688000,1637147000.0,543388000,159192000,55706000,19498000,19498000,None,8569000,None,0,None,None,504000000,None,15104000,103486000,None,None,None,0.481,,390665000,152723000,17929000,85591000,None,13476000,None,,,,,1.557,82.33,21.14,,,,,,,,0.328,,33017000,2025-11-05,annual,7.74,USD,post-market,84967000,1015624000,0.326,0.356,0.136,82.14,260845000,512000000,8000000,105826000,1708.45,1719.22,5.8824,1129468000,364481000,146498000,663974000,764987000,517476000,825365000,465494000,66.23,-1627180000,2217.6,1300.0
2025-12-28,FICO,26.47,1990869000.0,66.23,None,1.289,-73.46,,None,146199000,146199000,,,,,,,,,399000,45308000,None,281977000,281977000,8765000,None,None,113187000,None,None,48695000,,,,,0.179,0.43,172385000,221080000,7.31,2010-09-30,40.32,665953000,1637147000.0,543388000,159192000,55706000,27244000,27244000,None,8569000,None,0,None,None,512000000,None,15441000,103486000,None,None,None,0.481,,390665000,152723000,19174000,62429000,None,14655000,None,,,,,1.557,82.33,21.14,,,,,,,,0.328,,30975000,2025-11-05,annual,7.74,USD,post-market,84967000,947202000,0.326,0.356,0.136,82.14,260845000,520000000,8000000,68615000,1708.45,1719.22,5.8824,1123716000,347175000,122147000,648802000,776541000,526655000,825365000,474914000,66.23,-1556253000,2217.6,1300.0
2025-12-28,FICO,26.47,1990869000.0,66.23,None,1.289,-73.46,,None,178157000,178157000,,,,,,,,,482000,48776000,None,281977000,281977000,8593000,None,None,101742000,None,None,48695000,,,,,0.179,0.43,172385000,221080000,7.31,2009-09-30,40.32,667640000,1637147000.0,543388000,159192000,55706000,38255000,38255000,None,8569000,None,None,None,None,570000000,None,None,103486000,None,None,None,0.481,,390665000,152723000,22986000,66322000,None,None,None,,,,,1.557,82.33,21.14,,,,,,,,0.328,,34340000,2025-11-05,annual,7.74,USD,post-market,84967000,886324000,0.326,0.356,0.136,82.14,260845000,570000000,139673000,139673000,1708.45,1719.22,5.8824,1303888000,442558000,114588000,703619000,861330000,589031000,825365000,600269000,66.23,-1375400000,2217.6,1300.0
2025-12-28,FICO,26.47,1990869000.0,66.23,None,1.289,-73.46,,None,129678000,129678000,,,,,,,,,485000,49373000,None,281977000,281977000,11172000,None,None,141571000,None,None,48695000,,,,,0.179,0.43,172385000,221080000,7.31,2008-09-30,40.32,686082000,1637147000.0,543388000,159192000,55706000,52468000,52468000,None,8569000,None,None,None,None,570000000,None,None,103486000,None,None,None,0.481,,390665000,152723000,23404000,73216000,None,None,None,,,,,1.557,82.33,21.14,,,,,,,,0.328,,46360000,2025-11-05,annual,7.74,USD,post-market,84967000,825109000,0.326,0.356,0.136,82.14,260845000,570000000,57049000,57049000,1708.45,1719.22,5.8824,1275253000,351702000,122631000,713312000,923551000,590681000,825365000,561941000,66.23,-1374455000,2217.6,1300.0
2025-12-28,FICO,26.47,1990869000.0,66.23,None,1.289,-73.46,,None,95284000,95284000,,,,,,,,,511000,57548000,None,281977000,281977000,16300000,None,None,177402000,None,None,48695000,,,,,0.179,0.43,172385000,221080000,7.31,2007-09-30,40.32,692922000,1637147000.0,543388000,159192000,55706000,62923000,62923000,None,8569000,None,None,None,None,170000000,None,None,103486000,None,None,None,0.481,,390665000,152723000,24738000,76089000,None,None,None,,,,,1.557,82.33,21.14,,,,,,,,0.328,,52157000,2025-11-05,annual,7.74,USD,post-market,84967000,745054000,0.326,0.356,0.136,82.14,260845000,560963000,390963000,125327000,1708.45,1719.22,5.8824,1275771000,422751000,525924000,709457000,853020000,183533000,825365000,566314000,66.23,-1290393000,2217.6,1300.0
2025-12-28,FICO,26.47,1990869000.0,66.23,None,1.289,-73.46,,None,75154000,75154000,,,,,,,,,594000,65125000,None,281977000,281977000,12162000,None,None,165806000,None,None,48695000,,,,,0.179,0.43,172385000,221080000,7.31,2006-09-30,40.32,695162000,1637147000.0,543388000,159192000,55706000,90900000,90900000,None,8569000,None,None,None,None,None,None,None,103486000,None,None,None,0.481,,390665000,152723000,20209000,76583000,None,None,None,,,,,1.557,82.33,21.14,,,,,,,,0.328,,56611000,2025-11-05,annual,7.74,USD,post-market,84967000,644836000,0.326,0.356,0.136,82.14,260845000,400000000,400000000,152141000,1708.45,1719.22,5.8824,1321205000,413310000,537029000,551177000,907895000,14148000,825365000,770028000,66.23,-952979000,2217.6,1300.0
2025-12-28,FICO,26.47,1990869000.0,66.23,None,1.289,-73.46,4171000,None,75154000,75154000,-263536999,-13329000,None,None,None,None,None,None,594000,65125000,None,281977000,281977000,12162000,None,None,165806000,None,None,48695000,4021000,None,None,None,0.179,0.43,172385000,221080000,7.31,2025-09-30,40.32,695162000,1637147000.0,543388000,159192000,55706000,90900000,90900000,None,8569000,None,None,None,None,None,None,None,155014000,None,None,None,0.481,223669000,390665000,152723000,20209000,76583000,None,None,None,None,None,None,None,1.557,82.33,21.14,None,None,None,None,None,-547982000,None,0.328,None,56611000,2025-11-05,quarterly,7.74,USD,post-market,84967000,644836000,0.326,0.356,0.136,82.14,260845000,400000000,400000000,152141000,1708.45,1719.22,5.8824,1321205000,413310000,537029000,551177000,907895000,14148000,825365000,770028000,66.23,-952979000,2217.6,1300.0
2025-12-28,FICO,26.47,1990869000.0,66.23,None,1.289,-73.46,9984000,None,75154000,75154000,-239069000,-10507000,None,None,None,None,None,None,594000,65125000,None,281977000,281977000,12162000,None,None,165806000,None,None,48695000,3981000,None,None,None,0.179,0.43,172385000,221080000,7.31,2025-06-30,40.32,695162000,1637147000.0,543388000,159192000,55706000,90900000,90900000,None,8569000,None,None,None,None,None,None,None,181789000,None,None,None,0.481,286223000,390665000,152723000,20209000,76583000,None,None,None,None,None,None,None,1.557,82.33,21.14,None,None,None,None,None,-486782000,None,0.328,None,56611000,2025-11-05,quarterly,7.74,USD,post-market,84967000,644836000,0.326,0.356,0.136,82.14,260845000,400000000,400000000,152141000,1708.45,1719.22,5.8824,1321205000,413310000,537029000,551177000,907895000,14148000,825365000,770028000,66.23,-952979000,2217.6,1300.0
2025-12-28,FICO,26.47,1990869000.0,66.23,None,1.289,-73.46,9427000,None,75154000,75154000,-103505000,-10941000,None,None,None,None,None,None,594000,65125000,None,281977000,281977000,12162000,None,None,165806000,None,None,48695000,3415000,None,None,None,0.179,0.43,172385000,221080000,7.31,2025-03-31,40.32,695162000,1637147000.0,543388000,159192000,55706000,90900000,90900000,None,8569000,None,None,None,None,None,None,None,162615000,None,None,None,0.481,74918000,390665000,152723000,20209000,76583000,None,None,None,None,None,None,None,1.557,82.33,21.14,None,None,None,None,None,-217157000,None,0.328,None,56611000,2025-11-05,quarterly,7.74,USD,post-market,84967000,644836000,0.326,0.356,0.136,82.14,260845000,400000000,400000000,152141000,1708.45,1719.22,5.8824,1321205000,413310000,537029000,551177000,907895000,14148000,825365000,770028000,66.23,-952979000,2217.6,1300.0
2025-12-28,FICO,26.47,1990869000.0,66.23,None,1.289,-73.46,7171000,None,75154000,75154000,-144218000,-8942000,None,None,None,None,None,None,594000,65125000,None,281977000,281977000,12162000,None,None,165806000,None,None,48695000,3535000,None,None,None,0.179,0.43,172385000,221080000,7.31,2024-12-31,40.32,695162000,1637147000.0,543388000,159192000,55706000,90900000,90900000,None,8569000,None,None,None,None,None,None,None,152528000,None,None,None,0.481,193997000,390665000,152723000,20209000,76583000,None,None,None,None,None,None,None,1.557,82.33,21.14,None,None,None,None,None,-162581000,None,0.328,None,56611000,2025-11-05,quarterly,7.74,USD,post-market,84967000,644836000,0.326,0.356,0.136,82.14,260845000,400000000,400000000,152141000,1708.45,1719.22,5.8824,1321205000,413310000,537029000,551177000,907895000,14148000,825365000,770028000,66.23,-952979000,2217.6,1300.0
2025-12-28,FICO,26.47,1990869000.0,66.23,None,1.289,-73.46,7123000,None,75154000,75154000,-227942000,-7559000,None,None,None,None,None,None,594000,65125000,None,281977000,281977000,12162000,None,None,165806000,None,None,48695000,3815000,None,None,None,0.179,0.43,172385000,221080000,7.31,2024-09-30,40.32,695162000,1637147000.0,543388000,159192000,55706000,90900000,90900000,None,8569000,None,None,None,None,None,None,None,135691000,None,None,None,0.481,226478000,390665000,152723000,20209000,76583000,None,None,None,None,None,None,None,1.557,82.33,21.14,None,None,None,None,None,-323531000,None,0.328,None,56611000,2025-11-05,quarterly,7.74,USD,post-market,84967000,644836000,0.326,0.356,0.136,82.14,260845000,400000000,400000000,152141000,1708.45,1719.22,5.8824,1321205000,413310000,537029000,551177000,907895000,14148000,825365000,770028000,66.23,-952979000,2217.6,1300.0
2025-12-28,FICO,26.47,1990869000.0,66.23,None,1.289,-73.46,7645000,None,75154000,75154000,-181759000,-8394000,None,None,None,None,None,None,594000,65125000,None,281977000,281977000,12162000,None,None,165806000,None,None,48695000,3834000,None,None,None,0.179,0.43,172385000,221080000,7.31,2024-06-30,40.32,695162000,1637147000.0,543388000,159192000,55706000,90900000,90900000,None,8569000,None,None,None,None,None,None,None,126256000,None,None,None,0.481,213331000,390665000,152723000,20209000,76583000,None,None,None,None,None,None,None,1.557,82.33,21.14,None,None,None,None,None,-254698000,None,0.328,None,56611000,2025-11-05,quarterly,7.74,USD,post-market,84967000,644836000,0.326,0.356,0.136,82.14,260845000,400000000,400000000,152141000,1708.45,1719.22,5.8824,1321205000,413310000,537029000,551177000,907895000,14148000,825365000,770028000,66.23,-952979000,2217.6,1300.0
2025-12-28,FICO,26.47,1990869000.0,66.23,None,1.289,-73.46,9422000,None,75154000,75154000,-83356000,-9622000,None,None,None,None,None,None,594000,65125000,None,281977000,281977000,12162000,None,None,165806000,None,None,48695000,3354000,None,None,None,0.179,0.43,172385000,221080000,7.31,2024-03-31,40.32,695162000,1637147000.0,543388000,159192000,55706000,90900000,90900000,None,8569000,None,None,None,None,None,None,None,129799000,None,None,None,0.481,71035000,390665000,152723000,20209000,76583000,None,None,None,None,None,None,None,1.557,82.33,21.14,None,None,None,None,None,-171769000,None,0.328,None,56611000,2025-11-05,quarterly,7.74,USD,post-market,84967000,644836000,0.326,0.356,0.136,82.14,260845000,400000000,400000000,152141000,1708.45,1719.22,5.8824,1321205000,413310000,537029000,551177000,907895000,14148000,825365000,770028000,66.23,-952979000,2217.6,1300.0
2025-12-28,FICO,26.47,1990869000.0,66.23,None,1.289,-73.46,1361000,None,75154000,75154000,-99866000,-2418000,None,None,-29947000,None,None,None,594000,65125000,None,281977000,281977000,12162000,None,None,165806000,None,None,48695000,2824000,170000000,170000000,None,0.179,0.43,172385000,221080000,7.31,2023-12-31,40.32,695162000,1637147000.0,543388000,159192000,55706000,90900000,90900000,None,8569000,None,None,None,None,None,None,None,121065000,None,None,None,0.481,122120000,390665000,152723000,20209000,76583000,None,None,None,None,None,None,None,1.557,82.33,21.14,None,None,None,None,None,-71704000,None,0.328,None,56611000,2025-11-05,quarterly,7.74,USD,post-market,84967000,644836000,0.326,0.356,0.136,82.14,260845000,400000000,400000000,152141000,1708.45,1719.22,5.8824,1321205000,413310000,537029000,551177000,907895000,14148000,825365000,770028000,66.23,-952979000,2217.6,1300.0
2025-12-28,FICO,26.47,1990869000.0,66.23,None,1.289,-73.46,1068000,None,75154000,75154000,-183765000,-2980000,None,None,2768000,None,None,None,594000,65125000,None,281977000,281977000,12162000,None,None,165806000,None,None,48695000,2996000,20203000,20203000,None,0.179,0.43,172385000,221080000,7.31,2023-09-30,40.32,695162000,1637147000.0,543388000,159192000,55706000,90900000,90900000,None,8569000,None,None,None,None,None,None,None,101424000,None,None,None,0.481,164049000,390665000,152723000,20209000,76583000,None,None,None,None,None,None,None,1.557,82.33,21.14,None,None,None,None,None,-120368000,None,0.328,None,56611000,2025-11-05,quarterly,7.74,USD,post-market,84967000,644836000,0.326,0.356,0.136,82.14,260845000,400000000,400000000,152141000,1708.45,1719.22,5.8824,1321205000,413310000,537029000,551177000,907895000,14148000,825365000,770028000,66.23,-952979000,2217.6,1300.0
2025-12-28,FICO,26.47,1990869000.0,66.23,None,1.289,-73.46,792000,None,75154000,75154000,-97991000,-1087000,23544000,None,-2226000,None,None,-51216000,594000,65125000,None,281977000,281977000,12162000,None,None,165806000,None,None,48695000,3348000,398000,398000,None,0.179,0.43,172385000,221080000,7.31,2023-06-30,40.32,695162000,1637147000.0,543388000,159192000,55706000,90900000,90900000,None,8569000,None,None,None,None,None,None,None,128758000,None,None,None,0.481,122622000,390665000,152723000,20209000,76583000,None,None,None,None,None,None,None,1.557,82.33,21.14,None,None,None,None,None,-100868000,None,0.328,None,56611000,2025-11-05,quarterly,7.74,USD,post-market,84967000,644836000,0.326,0.356,0.136,82.14,260845000,400000000,400000000,152141000,1708.45,1719.22,5.8824,1321205000,413310000,537029000,551177000,907895000,14148000,825365000,770028000,66.23,-952979000,2217.6,1300.0
2025-12-28,FICO,26.47,1990869000.0,66.23,None,1.289,-73.46,1527000,None,75154000,75154000,-93621000,-1297000,-5114000,None,-5725000,None,None,-22493000,594000,65125000,None,281977000,281977000,12162000,None,None,165806000,None,None,48695000,4014000,13222000,13222000,None,0.179,0.43,172385000,221080000,7.31,2023-03-31,40.32,695162000,1637147000.0,543388000,159192000,55706000,90900000,90900000,None,8569000,None,None,None,None,None,None,None,101550000,None,None,None,0.481,89804000,390665000,152723000,20209000,76583000,None,None,None,None,None,None,None,1.557,82.33,21.14,None,None,None,None,None,-109286000,None,0.328,None,56611000,2025-11-05,quarterly,7.74,USD,post-market,84967000,644836000,0.326,0.356,0.136,82.14,260845000,400000000,400000000,152141000,1708.45,1719.22,5.8824,1321205000,413310000,537029000,551177000,907895000,14148000,825365000,770028000,66.23,-952979000,2217.6,1300.0
2025-12-28,FICO,26.47,1990869000.0,66.23,None,1.289,-73.46,850000,None,75154000,75154000,-79624000,-10590000,2226000,None,-13778000,None,None,8704000,594000,65125000,None,281977000,281977000,12162000,None,None,165806000,None,None,48695000,4280000,None,None,None,0.179,0.43,172385000,221080000,7.31,2022-12-31,40.32,695162000,1637147000.0,543388000,159192000,55706000,90900000,90900000,None,8569000,None,None,None,None,None,None,None,97643000,None,None,None,0.481,92440000,390665000,152723000,20209000,76583000,None,None,None,None,None,None,None,1.557,82.33,21.14,None,None,None,None,None,-75004000,None,0.328,None,56611000,2025-11-05,quarterly,7.74,USD,post-market,84967000,644836000,0.326,0.356,0.136,82.14,260845000,400000000,400000000,152141000,1708.45,1719.22,5.8824,1321205000,413310000,537029000,551177000,907895000,14148000,825365000,770028000,66.23,-952979000,2217.6,1300.0
2025-12-28,FICO,26.47,1990869000.0,66.23,None,1.289,-73.46,797000,None,75154000,75154000,-156909000,-1249000,-13332000,None,6759000,None,None,-43691000,594000,65125000,None,281977000,281977000,12162000,None,None,165806000,None,None,48695000,4646000,None,None,None,0.179,0.43,172385000,221080000,7.31,2022-09-30,40.32,695162000,1637147000.0,543388000,159192000,55706000,90900000,90900000,None,8569000,None,None,None,None,None,None,None,90699000,None,None,None,0.481,144826000,390665000,152723000,20209000,76583000,None,None,None,None,None,None,None,1.557,82.33,21.14,None,None,None,None,None,-56153000,None,0.328,None,56611000,2025-11-05,quarterly,7.74,USD,post-market,84967000,644836000,0.326,0.356,0.136,82.14,260845000,400000000,400000000,152141000,1708.45,1719.22,5.8824,1321205000,413310000,537029000,551177000,907895000,14148000,825365000,770028000,66.23,-952979000,2217.6,1300.0
2025-12-28,FICO,26.47,1990869000.0,66.23,None,1.289,-73.46,1939000,None,75154000,75154000,-127094000,-758000,-10712000,None,-19241000,None,None,-20964000,594000,65125000,None,281977000,281977000,12162000,None,None,165806000,None,None,48695000,5163000,None,None,None,0.179,0.43,172385000,221080000,7.31,2022-06-30,40.32,695162000,1637147000.0,543388000,159192000,55706000,90900000,90900000,None,8569000,None,None,None,None,None,None,None,93500000,None,None,None,0.481,117140000,390665000,152723000,20209000,76583000,None,None,None,None,None,None,None,1.557,82.33,21.14,None,None,None,None,None,-287166000,None,0.328,None,56611000,2025-11-05,quarterly,7.74,USD,post-market,84967000,644836000,0.326,0.356,0.136,82.14,260845000,400000000,400000000,152141000,1708.45,1719.22,5.8824,1321205000,413310000,537029000,551177000,907895000,14148000,825365000,770028000,66.23,-952979000,2217.6,1300.0
2025-12-28,FICO,26.47,1990869000.0,66.23,None,1.289,-73.46,2398000,None,75154000,75154000,-107733000,-2392000,12478000,None,5767000,None,None,-25330000,594000,65125000,None,281977000,281977000,12162000,None,None,165806000,None,None,48695000,5429000,None,None,None,0.179,0.43,172385000,221080000,7.31,2022-03-31,40.32,695162000,1637147000.0,543388000,159192000,55706000,90900000,90900000,None,8569000,None,None,None,None,None,None,None,104383000,None,None,None,0.481,122603000,390665000,152723000,20209000,76583000,None,None,None,None,None,None,None,1.557,82.33,21.14,None,None,None,None,None,-278106000,None,0.328,None,56611000,2025-11-05,quarterly,7.74,USD,post-market,84967000,644836000,0.326,0.356,0.136,82.14,260845000,400000000,400000000,152141000,1708.45,1719.22,5.8824,1321205000,413310000,537029000,551177000,907895000,14148000,825365000,770028000,66.23,-952979000,2217.6,1300.0
2025-12-28,FICO,26.47,1990869000.0,66.23,None,1.289,-73.46,895000,None,75154000,75154000,-155429000,-1272000,-31820000,None,-14747000,None,None,58428000,594000,65125000,None,281977000,281977000,12162000,None,None,165806000,None,None,48695000,5227000,550000,550000,None,0.179,0.43,172385000,221080000,7.31,2021-12-31,40.32,695162000,1637147000.0,543388000,159192000,55706000,90900000,90900000,None,8569000,None,None,None,None,None,None,None,84959000,None,None,None,0.481,124881000,390665000,152723000,20209000,76583000,None,None,None,None,None,None,None,1.557,82.33,21.14,None,None,None,None,None,-482755000,None,0.328,None,56611000,2025-11-05,quarterly,7.74,USD,post-market,84967000,644836000,0.326,0.356,0.136,82.14,260845000,400000000,400000000,152141000,1708.45,1719.22,5.8824,1321205000,413310000,537029000,551177000,907895000,14148000,825365000,770028000,66.23,-952979000,2217.6,1300.0
2025-12-28,FICO,26.47,1990869000.0,66.23,None,1.289,-73.46,1777000,None,75154000,75154000,-128999000,251000,-37129000,-136000,-26008000,None,None,-32159000,594000,65125000,None,281977000,281977000,12162000,None,None,165806000,None,None,48695000,5526000,20881000,20881000,None,0.179,0.43,172385000,221080000,7.31,2021-09-30,40.32,695162000,1637147000.0,543388000,159192000,55706000,90900000,90900000,None,8569000,None,None,None,None,None,None,None,85720000,None,None,None,0.481,91755000,390665000,152723000,20209000,76583000,None,None,None,None,None,None,None,1.557,82.33,21.14,None,None,None,None,None,-332974000,None,0.328,None,56611000,2025-11-05,quarterly,7.74,USD,post-market,84967000,644836000,0.326,0.356,0.136,82.14,260845000,400000000,400000000,152141000,1708.45,1719.22,5.8824,1321205000,413310000,537029000,551177000,907895000,14148000,825365000,770028000,66.23,-952979000,2217.6,1300.0
2025-12-28,FICO,26.47,1990869000.0,66.23,None,1.289,-73.46,1572000,None,75154000,75154000,-197777000,135853000,38668000,None,5201000,None,None,-7649000,594000,65125000,None,281977000,281977000,12162000,None,None,165806000,None,None,48695000,6365000,None,None,None,0.179,0.43,172385000,221080000,7.31,2021-06-30,40.32,695162000,1637147000.0,543388000,159192000,55706000,90900000,90900000,None,8569000,None,None,None,None,None,None,None,151198000,None,None,None,0.481,100592000,390665000,152723000,20209000,76583000,None,None,None,None,None,None,None,1.557,82.33,21.14,None,None,None,None,None,-290849000,None,0.328,None,56611000,2025-11-05,quarterly,7.74,USD,post-market,84967000,644836000,0.326,0.356,0.136,82.14,260845000,400000000,400000000,152141000,1708.45,1719.22,5.8824,1321205000,413310000,537029000,551177000,907895000,14148000,825365000,770028000,66.23,-952979000,2217.6,1300.0
2025-12-28,FICO,26.47,1990869000.0,66.23,None,1.289,-73.46,1175000,None,75154000,75154000,-96987000,-2116000,54420000,None,1893000,None,None,31174000,594000,65125000,None,281977000,281977000,12162000,None,None,165806000,None,None,48695000,6675000,None,None,None,0.179,0.43,172385000,221080000,7.31,2021-03-31,40.32,695162000,1637147000.0,543388000,159192000,55706000,90900000,90900000,None,8569000,None,None,None,None,None,None,None,68674000,None,None,None,0.481,153523000,390665000,152723000,20209000,76583000,None,None,None,None,None,None,None,1.557,82.33,21.14,None,None,None,None,None,-200345000,None,0.328,None,56611000,2025-11-05,quarterly,7.74,USD,post-market,84967000,644836000,0.326,0.356,0.136,82.14,260845000,400000000,400000000,152141000,1708.45,1719.22,5.8824,1321205000,413310000,537029000,551177000,907895000,14148000,825365000,770028000,66.23,-952979000,2217.6,1300.0
2025-12-28,FICO,26.47,1990869000.0,66.23,None,1.289,-73.46,3045000,None,75154000,75154000,-99808000,3862000,-17999000,None,-7310000,None,None,33130000,594000,65125000,None,281977000,281977000,12162000,None,None,165806000,None,None,48695000,7026000,116000000,116000000,None,0.179,0.43,172385000,221080000,7.31,2020-12-31,40.32,695162000,1637147000.0,543388000,159192000,55706000,90900000,90900000,None,8569000,None,None,None,None,None,None,None,86492000,None,None,None,0.481,77947000,390665000,152723000,20209000,76583000,None,None,None,None,None,None,None,1.557,82.33,21.14,None,None,None,None,None,-50011000,None,0.328,None,56611000,2025-11-05,quarterly,7.74,USD,post-market,84967000,644836000,0.326,0.356,0.136,82.14,260845000,400000000,400000000,152141000,1708.45,1719.22,5.8824,1321205000,413310000,537029000,551177000,907895000,14148000,825365000,770028000,66.23,-952979000,2217.6,1300.0
2025-12-28,FICO,26.47,1990869000.0,66.23,None,1.289,-73.46,916000,None,75154000,75154000,-105941000,-1237000,29067000,59000,9467000,None,None,-40928000,594000,65125000,None,281977000,281977000,12162000,None,None,165806000,None,None,48695000,6818000,43974000,43974000,None,0.179,0.43,172385000,221080000,7.31,2020-09-30,40.32,695162000,1637147000.0,543388000,159192000,55706000,90900000,90900000,None,8569000,None,None,None,None,None,None,None,59126000,None,None,None,0.481,136186000,390665000,152723000,20209000,76583000,None,None,None,None,None,None,None,1.557,82.33,21.14,None,None,None,None,None,-25223000,None,0.328,None,56611000,2025-11-05,quarterly,7.74,USD,post-market,84967000,644836000,0.326,0.356,0.136,82.14,260845000,400000000,400000000,152141000,1708.45,1719.22,5.8824,1321205000,413310000,537029000,551177000,907895000,14148000,825365000,770028000,66.23,-952979000,2217.6,1300.0
2025-12-28,FICO,26.47,1990869000.0,66.23,None,1.289,-73.46,7907000,None,75154000,75154000,-83139000,-8388000,15344000,None,14581000,None,None,-5138000,594000,65125000,None,281977000,281977000,12162000,None,None,165806000,None,None,48695000,8014000,None,None,None,0.179,0.43,172385000,221080000,7.31,2020-06-30,40.32,695162000,1637147000.0,543388000,159192000,55706000,90900000,90900000,None,8569000,None,None,None,None,None,None,None,64076000,None,None,None,0.481,106871000,390665000,152723000,20209000,76583000,None,None,None,None,None,None,None,1.557,82.33,21.14,None,None,None,None,None,-61992000,None,0.328,None,56611000,2025-11-05,quarterly,7.74,USD,post-market,84967000,644836000,0.326,0.356,0.136,82.14,260845000,400000000,400000000,152141000,1708.45,1719.22,5.8824,1321205000,413310000,537029000,551177000,907895000,14148000,825365000,770028000,66.23,-952979000,2217.6,1300.0
2025-12-28,FICO,26.47,1990869000.0,66.23,None,1.289,-73.46,6666000,None,75154000,75154000,-52149000,-5947000,3398000,None,1775000,None,None,-36214000,594000,65125000,None,281977000,281977000,12162000,None,None,165806000,None,None,48695000,7679000,None,None,None,0.179,0.43,172385000,221080000,7.31,2020-03-31,40.32,695162000,1637147000.0,543388000,159192000,55706000,90900000,90900000,None,8569000,None,None,None,None,None,None,None,58288000,None,None,None,0.481,61494000,390665000,152723000,20209000,76583000,None,None,None,None,None,None,None,1.557,82.33,21.14,None,None,None,None,None,-87999000,None,0.328,None,56611000,2025-11-05,quarterly,7.74,USD,post-market,84967000,644836000,0.326,0.356,0.136,82.14,260845000,400000000,400000000,152141000,1708.45,1719.22,5.8824,1321205000,413310000,537029000,551177000,907895000,14148000,825365000,770028000,66.23,-952979000,2217.6,1300.0
2025-12-28,FICO,26.47,1990869000.0,66.23,None,1.289,-73.46,6500000,None,75154000,75154000,-48195000,-9011000,3159000,None,-26090000,None,None,22391000,594000,65125000,None,281977000,281977000,12162000,None,None,165806000,None,None,48695000,7856000,5091000,5091000,None,0.179,0.43,172385000,221080000,7.31,2019-12-31,40.32,695162000,1637147000.0,543388000,159192000,55706000,90900000,90900000,None,8569000,None,None,None,None,None,None,None,54921000,None,None,None,0.481,60365000,390665000,152723000,20209000,76583000,None,None,None,None,None,None,None,1.557,82.33,21.14,None,None,None,None,None,-60009000,None,0.328,None,56611000,2025-11-05,quarterly,7.74,USD,post-market,84967000,644836000,0.326,0.356,0.136,82.14,260845000,400000000,400000000,152141000,1708.45,1719.22,5.8824,1321205000,413310000,537029000,551177000,907895000,14148000,825365000,770028000,66.23,-952979000,2217.6,1300.0
2025-12-28,FICO,26.47,1990869000.0,66.23,None,1.289,-73.46,5811000,None,75154000,75154000,-43986000,-21960000,28328000,-968000,-42511000,None,None,17112000,594000,65125000,None,281977000,281977000,12162000,None,None,165806000,None,None,48695000,7878000,22788000,22788000,None,0.179,0.43,172385000,221080000,7.31,2019-09-30,40.32,695162000,1637147000.0,543388000,159192000,55706000,90900000,90900000,None,8569000,None,None,None,None,None,None,None,54584000,None,None,None,0.481,95414000,390665000,152723000,20209000,76583000,None,None,None,None,None,None,None,1.557,82.33,21.14,None,None,None,None,None,-49968000,None,0.328,None,56611000,2025-11-05,quarterly,7.74,USD,post-market,84967000,644836000,0.326,0.356,0.136,82.14,260845000,400000000,400000000,152141000,1708.45,1719.22,5.8824,1321205000,413310000,537029000,551177000,907895000,14148000,825365000,770028000,66.23,-952979000,2217.6,1300.0
2025-12-28,FICO,26.47,1990869000.0,66.23,None,1.289,-73.46,7526000,None,75154000,75154000,-58718000,-8027000,1545000,None,3358000,None,None,-48273000,594000,65125000,None,281977000,281977000,12162000,None,None,165806000,None,None,48695000,7948000,None,None,None,0.179,0.43,172385000,221080000,7.31,2019-06-30,40.32,695162000,1637147000.0,543388000,159192000,55706000,90900000,90900000,None,8569000,None,None,None,None,None,None,None,64152000,None,None,None,0.481,68290000,390665000,152723000,20209000,76583000,None,None,None,None,None,None,None,1.557,82.33,21.14,None,None,None,None,None,-59203000,None,0.328,None,56611000,2025-11-05,quarterly,7.74,USD,post-market,84967000,644836000,0.326,0.356,0.136,82.14,260845000,400000000,400000000,152141000,1708.45,1719.22,5.8824,1321205000,413310000,537029000,551177000,907895000,14148000,825365000,770028000,66.23,-952979000,2217.6,1300.0
2025-12-28,FICO,26.47,1990869000.0,66.23,None,1.289,-73.46,4170000,None,75154000,75154000,-47206000,-4098000,-3343000,None,744000,None,None,-23206000,594000,65125000,None,281977000,281977000,12162000,None,None,165806000,None,None,48695000,7819000,None,None,None,0.179,0.43,172385000,221080000,7.31,2019-03-31,40.32,695162000,1637147000.0,543388000,159192000,55706000,90900000,90900000,None,8569000,None,None,None,None,None,None,None,33381000,None,None,None,0.481,47789000,390665000,152723000,20209000,76583000,None,None,None,None,None,None,None,1.557,82.33,21.14,None,None,None,None,None,-37023000,None,0.328,None,56611000,2025-11-05,quarterly,7.74,USD,post-market,84967000,644836000,0.326,0.356,0.136,82.14,260845000,400000000,400000000,152141000,1708.45,1719.22,5.8824,1321205000,413310000,537029000,551177000,907895000,14148000,825365000,770028000,66.23,-952979000,2217.6,1300.0
2025-12-28,FICO,26.47,1990869000.0,66.23,None,1.289,-73.46,6474000,None,75154000,75154000,-50137000,-8675000,-10127000,-172000,-15635000,None,None,18191000,594000,65125000,None,281977000,281977000,12162000,None,None,165806000,None,None,48695000,7967000,103000000,103000000,None,0.179,0.43,172385000,221080000,7.31,2018-12-31,40.32,695162000,1637147000.0,543388000,159192000,55706000,90900000,90900000,None,8569000,None,None,None,None,None,None,None,40007000,None,None,None,0.481,48857000,390665000,152723000,20209000,76583000,None,None,None,None,None,None,None,1.557,82.33,21.14,None,None,None,None,None,-82700000,None,0.328,None,56611000,2025-11-05,quarterly,7.74,USD,post-market,84967000,644836000,0.326,0.356,0.136,82.14,260845000,400000000,400000000,152141000,1708.45,1719.22,5.8824,1321205000,413310000,537029000,551177000,907895000,14148000,825365000,770028000,66.23,-952979000,2217.6,1300.0
2025-12-28,FICO,26.47,1990869000.0,66.23,None,1.289,-73.46,7079000,None,75154000,75154000,-100838000,12605000,-29906000,-1636000,913000,None,None,-26832000,594000,65125000,None,281977000,281977000,12162000,None,None,165806000,None,None,48695000,7853000,53508000,53508000,None,0.179,0.43,172385000,221080000,7.31,2018-09-30,40.32,695162000,1637147000.0,543388000,159192000,55706000,90900000,90900000,None,8569000,None,None,None,None,None,None,None,50480000,None,None,None,0.481,59963000,390665000,152723000,20209000,76583000,None,None,None,None,None,None,None,1.557,82.33,21.14,None,None,None,None,None,-113056000,None,0.328,None,56611000,2025-11-05,quarterly,7.74,USD,post-market,84967000,644836000,0.326,0.356,0.136,82.14,260845000,400000000,400000000,152141000,1708.45,1719.22,5.8824,1321205000,413310000,537029000,551177000,907895000,14148000,825365000,770028000,66.23,-952979000,2217.6,1300.0
2025-12-28,FICO,26.47,1990869000.0,66.23,None,1.289,-73.46,13109000,None,75154000,75154000,-53092000,-13468000,12061000,-6458000,3476000,None,None,2011000,594000,65125000,None,281977000,281977000,12162000,None,None,165806000,None,None,48695000,7234000,0,0,None,0.179,0.43,172385000,221080000,7.31,2018-06-30,40.32,695162000,1637147000.0,543388000,159192000,55706000,90900000,90900000,None,8569000,None,None,None,None,None,None,None,29721000,None,None,None,0.481,85079000,390665000,152723000,20209000,76583000,None,None,None,None,None,None,None,1.557,82.33,21.14,None,None,None,None,None,-104825000,None,0.328,None,56611000,2025-11-05,quarterly,7.74,USD,post-market,84967000,644836000,0.326,0.356,0.136,82.14,260845000,400000000,400000000,152141000,1708.45,1719.22,5.8824,1321205000,413310000,537029000,551177000,907895000,14148000,825365000,770028000,66.23,-952979000,2217.6,1300.0
2025-12-28,FICO,26.47,1990869000.0,66.23,None,1.289,-73.46,7067000,None,75154000,75154000,-30020000,-7277000,13655000,1719000,1224000,None,None,-22238000,594000,65125000,None,281977000,281977000,12162000,None,None,165806000,None,None,48695000,7364000,0,0,None,0.179,0.43,172385000,221080000,7.31,2018-03-31,40.32,695162000,1637147000.0,543388000,159192000,55706000,90900000,90900000,None,8569000,None,None,None,None,None,None,None,31169000,None,None,None,0.481,49233000,390665000,152723000,20209000,76583000,None,None,None,None,None,None,None,1.557,82.33,21.14,None,None,None,None,None,-69452000,None,0.328,None,56611000,2025-11-05,quarterly,7.74,USD,post-market,84967000,644836000,0.326,0.356,0.136,82.14,260845000,400000000,400000000,152141000,1708.45,1719.22,5.8824,1321205000,413310000,537029000,551177000,907895000,14148000,825365000,770028000,66.23,-952979000,2217.6,1300.0
2025-12-28,FICO,26.47,1990869000.0,66.23,None,1.289,-73.46,4044000,None,75154000,75154000,-34677000,-5979000,-11405000,474000,-7701000,None,None,4656000,594000,65125000,None,281977000,281977000,12162000,None,None,165806000,None,None,48695000,7731000,79000000,79000000,None,0.179,0.43,172385000,221080000,7.31,2017-12-31,40.32,695162000,1637147000.0,543388000,159192000,55706000,90900000,90900000,None,8569000,None,None,None,None,None,None,None,32879000,None,None,None,0.481,28777000,390665000,152723000,20209000,76583000,None,None,None,None,None,None,None,1.557,82.33,21.14,None,None,None,None,None,-55263000,None,0.328,None,56611000,2025-11-05,quarterly,7.74,USD,post-market,84967000,644836000,0.326,0.356,0.136,82.14,260845000,400000000,400000000,152141000,1708.45,1719.22,5.8824,1321205000,413310000,537029000,551177000,907895000,14148000,825365000,770028000,66.23,-952979000,2217.6,1300.0
2025-12-28,FICO,26.47,1990869000.0,66.23,None,1.289,-73.46,5036000,None,75154000,75154000,-77834000,-5036000,-25049000,3600000,12535000,None,None,-26870000,594000,65125000,None,281977000,281977000,12162000,None,None,165806000,None,None,48695000,8787000,78888000,78888000,None,0.179,0.43,172385000,221080000,7.31,2017-09-30,40.32,695162000,1637147000.0,543388000,159192000,55706000,90900000,90900000,None,8569000,None,None,None,None,None,None,None,40044000,None,None,None,0.481,54221000,390665000,152723000,20209000,76583000,None,None,None,None,None,None,None,1.557,82.33,21.14,None,None,None,None,None,-71288000,None,0.328,None,56611000,2025-11-05,quarterly,7.74,USD,post-market,84967000,644836000,0.326,0.356,0.136,82.14,260845000,400000000,400000000,152141000,1708.45,1719.22,5.8824,1321205000,413310000,537029000,551177000,907895000,14148000,825365000,770028000,66.23,-952979000,2217.6,1300.0
2025-12-28,FICO,26.47,1990869000.0,66.23,None,1.289,-73.46,5188000,None,75154000,75154000,-54106000,-5965000,14819000,2864000,10569000,None,None,1895000,594000,65125000,None,281977000,281977000,12162000,None,None,165806000,None,None,48695000,9191000,1238000,1238000,None,0.179,0.43,172385000,221080000,7.31,2017-06-30,40.32,695162000,1637147000.0,543388000,159192000,55706000,90900000,90900000,None,8569000,None,None,None,None,None,None,None,25227000,None,None,None,0.481,72026000,390665000,152723000,20209000,76583000,None,None,None,None,None,None,None,1.557,82.33,21.14,None,None,None,None,None,-41694000,None,0.328,None,56611000,2025-11-05,quarterly,7.74,USD,post-market,84967000,644836000,0.326,0.356,0.136,82.14,260845000,400000000,400000000,152141000,1708.45,1719.22,5.8824,1321205000,413310000,537029000,551177000,907895000,14148000,825365000,770028000,66.23,-952979000,2217.6,1300.0
2025-12-28,FICO,26.47,1990869000.0,66.23,None,1.289,-73.46,5285000,None,75154000,75154000,-35690000,-5285000,27747000,2303000,-11935000,None,None,15457000,594000,65125000,None,281977000,281977000,12162000,None,None,165806000,None,None,48695000,9178000,620000,620000,None,0.179,0.43,172385000,221080000,7.31,2017-03-31,40.32,695162000,1637147000.0,543388000,159192000,55706000,90900000,90900000,None,8569000,None,None,None,None,None,None,None,25084000,None,None,None,0.481,66419000,390665000,152723000,20209000,76583000,None,None,None,None,None,None,None,1.557,82.33,21.14,None,None,None,None,None,-44205000,None,0.328,None,56611000,2025-11-05,quarterly,7.74,USD,post-market,84967000,644836000,0.326,0.356,0.136,82.14,260845000,400000000,400000000,152141000,1708.45,1719.22,5.8824,1321205000,413310000,537029000,551177000,907895000,14148000,825365000,770028000,66.23,-952979000,2217.6,1300.0
2025-12-28,FICO,26.47,1990869000.0,66.23,None,1.289,-73.46,4319000,None,75154000,75154000,-12995000,-4319000,12175000,-3489000,-18967000,None,None,8253000,594000,65125000,None,281977000,281977000,12162000,None,None,165806000,None,None,48695000,9058000,618000,618000,None,0.179,0.43,172385000,221080000,7.31,2016-12-31,40.32,695162000,1637147000.0,543388000,159192000,55706000,90900000,90900000,None,8569000,None,None,None,None,None,None,None,37901000,None,None,None,0.481,32978000,390665000,152723000,20209000,76583000,None,None,None,None,None,None,None,1.557,82.33,21.14,None,None,None,None,None,-30442000,None,0.328,None,56611000,2025-11-05,quarterly,7.74,USD,post-market,84967000,644836000,0.326,0.356,0.136,82.14,260845000,400000000,400000000,152141000,1708.45,1719.22,5.8824,1321205000,413310000,537029000,551177000,907895000,14148000,825365000,770028000,66.23,-952979000,2217.6,1300.0
2025-12-28,FICO,26.47,1990869000.0,66.23,None,1.289,-73.46,9428000,None,75154000,75154000,-55900000,-9428000,-42229000,-507000,-4574000,None,None,-15041000,594000,65125000,None,281977000,281977000,12162000,None,None,165806000,None,None,48695000,8506000,620000,620000,None,0.179,0.43,172385000,221080000,7.31,2016-09-30,40.32,695162000,1637147000.0,543388000,159192000,55706000,90900000,90900000,None,8569000,None,None,None,None,None,None,None,32104000,None,None,None,0.481,23606000,390665000,152723000,20209000,76583000,None,None,None,None,None,None,None,1.557,82.33,21.14,None,None,None,None,None,-42278000,None,0.328,None,56611000,2025-11-05,quarterly,7.74,USD,post-market,84967000,644836000,0.326,0.356,0.136,82.14,260845000,400000000,400000000,152141000,1708.45,1719.22,5.8824,1321205000,413310000,537029000,551177000,907895000,14148000,825365000,770028000,66.23,-952979000,2217.6,1300.0
2025-12-28,FICO,26.47,1990869000.0,66.23,None,1.289,-73.46,4734000,None,75154000,75154000,-37327000,-10380000,32781000,-2811000,19509000,None,None,-3750000,594000,65125000,None,281977000,281977000,12162000,None,None,165806000,None,None,48695000,7959000,624000,624000,None,0.179,0.43,172385000,221080000,7.31,2016-06-30,40.32,695162000,1637147000.0,543388000,159192000,55706000,90900000,90900000,None,8569000,None,None,None,None,None,None,None,34987000,None,None,None,0.481,83299000,390665000,152723000,20209000,76583000,None,None,None,None,None,None,None,1.557,82.33,21.14,None,None,None,None,None,-30394000,None,0.328,None,56611000,2025-11-05,quarterly,7.74,USD,post-market,84967000,644836000,0.326,0.356,0.136,82.14,260845000,400000000,400000000,152141000,1708.45,1719.22,5.8824,1321205000,413310000,537029000,551177000,907895000,14148000,825365000,770028000,66.23,-952979000,2217.6,1300.0
2025-12-28,FICO,26.47,1990869000.0,66.23,None,1.289,-73.46,3513000,None,75154000,75154000,-40563000,-3513000,-5336000,964000,10876000,None,None,-17439000,594000,65125000,None,281977000,281977000,12162000,None,None,165806000,None,None,48695000,7727000,623000,623000,None,0.179,0.43,172385000,221080000,7.31,2016-03-31,40.32,695162000,1637147000.0,543388000,159192000,55706000,90900000,90900000,None,8569000,None,None,None,None,None,None,None,23116000,None,None,None,0.481,37776000,390665000,152723000,20209000,76583000,None,None,None,None,None,None,None,1.557,82.33,21.14,None,None,None,None,None,-41427000,None,0.328,None,56611000,2025-11-05,quarterly,7.74,USD,post-market,84967000,644836000,0.326,0.356,0.136,82.14,260845000,400000000,400000000,152141000,1708.45,1719.22,5.8824,1321205000,413310000,537029000,551177000,907895000,14148000,825365000,770028000,66.23,-952979000,2217.6,1300.0
2025-12-28,FICO,26.47,1990869000.0,66.23,None,1.289,-73.46,4294000,None,75154000,75154000,-31188000,-4294000,4590000,-478000,-17245000,None,None,18005000,594000,65125000,None,281977000,281977000,12162000,None,None,165806000,None,None,48695000,7441000,622000,622000,None,0.179,0.43,172385000,221080000,7.31,2015-12-31,40.32,695162000,1637147000.0,543388000,159192000,55706000,90900000,90900000,None,8569000,None,None,None,None,None,None,None,19241000,None,None,None,0.481,40550000,390665000,152723000,20209000,76583000,None,None,None,None,None,None,None,1.557,82.33,21.14,None,None,None,None,None,-28382000,None,0.328,None,56611000,2025-11-05,quarterly,7.74,USD,post-market,84967000,644836000,0.326,0.356,0.136,82.14,260845000,400000000,400000000,152141000,1708.45,1719.22,5.8824,1321205000,413310000,537029000,551177000,907895000,14148000,825365000,770028000,66.23,-952979000,2217.6,1300.0
2025-12-28,FICO,26.47,1990869000.0,66.23,None,1.289,-73.46,6733000,None,75154000,75154000,-34939000,-6733000,1762000,-3143000,6928000,None,None,-15211000,594000,65125000,None,281977000,281977000,12162000,None,None,165806000,None,None,48695000,7796000,626000,626000,None,0.179,0.43,172385000,221080000,7.31,2015-09-30,40.32,695162000,1637147000.0,543388000,159192000,55706000,90900000,90900000,None,8569000,None,None,None,None,None,None,None,33319000,None,None,None,0.481,46577000,390665000,152723000,20209000,76583000,None,None,None,None,None,None,None,1.557,82.33,21.14,None,None,None,None,None,8626000,None,0.328,None,56611000,2025-11-05,quarterly,7.74,USD,post-market,84967000,644836000,0.326,0.356,0.136,82.14,260845000,400000000,400000000,152141000,1708.45,1719.22,5.8824,1321205000,413310000,537029000,551177000,907895000,14148000,825365000,770028000,66.23,-952979000,2217.6,1300.0
2025-12-28,FICO,26.47,1990869000.0,66.23,None,1.289,-73.46,8015000,None,75154000,75154000,-38200000,-8386000,-2483000,985000,4448000,None,None,25681000,594000,65125000,None,281977000,281977000,12162000,None,None,165806000,None,None,48695000,9046000,622000,622000,None,0.179,0.43,172385000,221080000,7.31,2015-06-30,40.32,695162000,1637147000.0,543388000,159192000,55706000,90900000,90900000,None,8569000,None,None,None,None,None,None,None,19906000,None,None,None,0.481,43118000,390665000,152723000,20209000,76583000,None,None,None,None,None,None,None,1.557,82.33,21.14,None,None,None,None,None,-30006000,None,0.328,None,56611000,2025-11-05,quarterly,7.74,USD,post-market,84967000,644836000,0.326,0.356,0.136,82.14,260845000,400000000,400000000,152141000,1708.45,1719.22,5.8824,1321205000,413310000,537029000,551177000,907895000,14148000,825365000,770028000,66.23,-952979000,2217.6,1300.0
2025-12-28,FICO,26.47,1990869000.0,66.23,None,1.289,-73.46,4584000,None,75154000,75154000,16541000,-61205000,-7810000,-5068000,-32000,None,None,-20935000,594000,65125000,None,281977000,281977000,12162000,None,None,165806000,None,None,48695000,8940000,625000,625000,None,0.179,0.43,172385000,221080000,7.31,2015-03-31,40.32,695162000,1637147000.0,543388000,159192000,55706000,90900000,90900000,None,8569000,None,None,None,None,None,None,None,18870000,None,None,None,0.481,41922000,390665000,152723000,20209000,76583000,None,None,None,None,None,None,None,1.557,82.33,21.14,None,None,None,None,None,-41105000,None,0.328,None,56611000,2025-11-05,quarterly,7.74,USD,post-market,84967000,644836000,0.326,0.356,0.136,82.14,260845000,400000000,400000000,152141000,1708.45,1719.22,5.8824,1321205000,413310000,537029000,551177000,907895000,14148000,825365000,770028000,66.23,-952979000,2217.6,1300.0
2025-12-28,FICO,26.47,1990869000.0,66.23,None,1.289,-73.46,5667000,None,75154000,75154000,-2037000,-5592000,-10424000,-4155000,-22693000,None,None,5863000,594000,65125000,None,281977000,281977000,12162000,None,None,165806000,None,None,48695000,8107000,635000,635000,None,0.179,0.43,172385000,221080000,7.31,2014-12-31,40.32,695162000,1637147000.0,543388000,159192000,55706000,90900000,90900000,None,8569000,None,None,None,None,None,None,None,14407000,None,None,None,0.481,1360000,390665000,152723000,20209000,76583000,None,None,None,None,None,None,None,1.557,82.33,21.14,None,None,None,None,None,-60593000,None,0.328,None,56611000,2025-11-05,quarterly,7.74,USD,post-market,84967000,644836000,0.326,0.356,0.136,82.14,260845000,400000000,400000000,152141000,1708.45,1719.22,5.8824,1321205000,413310000,537029000,551177000,907895000,14148000,825365000,770028000,66.23,-952979000,2217.6,1300.0
2025-12-28,FICO,26.47,1990869000.0,66.23,None,1.289,-73.46,5502000,None,75154000,75154000,-49173000,-5502000,11966000,-4580000,7074000,None,None,-3715000,594000,65125000,None,281977000,281977000,12162000,None,None,165806000,None,None,48695000,8436000,640000,640000,None,0.179,0.43,172385000,221080000,7.31,2014-09-30,40.32,695162000,1637147000.0,543388000,159192000,55706000,90900000,90900000,None,8569000,None,None,None,None,None,None,None,36603000,None,None,None,0.481,71221000,390665000,152723000,20209000,76583000,None,None,None,None,None,None,None,1.557,82.33,21.14,None,None,None,None,None,-64710000,None,0.328,None,56611000,2025-11-05,quarterly,7.74,USD,post-market,84967000,644836000,0.326,0.356,0.136,82.14,260845000,400000000,400000000,152141000,1708.45,1719.22,5.8824,1321205000,413310000,537029000,551177000,907895000,14148000,825365000,770028000,66.23,-952979000,2217.6,1300.0
2025-12-28,FICO,26.47,1990869000.0,66.23,None,1.289,-73.46,2792000,None,75154000,75154000,-34450000,-10045000,-15067000,702000,1157000,None,None,-13621000,594000,65125000,None,281977000,281977000,12162000,None,None,165806000,None,None,48695000,8184000,684000,684000,None,0.179,0.43,172385000,221080000,7.31,2014-06-30,40.32,695162000,1637147000.0,543388000,159192000,55706000,90900000,90900000,None,8569000,None,None,None,None,None,None,None,20548000,None,None,None,0.481,28726000,390665000,152723000,20209000,76583000,None,None,None,None,None,None,None,1.557,82.33,21.14,None,None,None,None,None,-86407000,None,0.328,None,56611000,2025-11-05,quarterly,7.74,USD,post-market,84967000,644836000,0.326,0.356,0.136,82.14,260845000,400000000,400000000,152141000,1708.45,1719.22,5.8824,1321205000,413310000,537029000,551177000,907895000,14148000,825365000,770028000,66.23,-952979000,2217.6,1300.0
2025-12-28,FICO,26.47,1990869000.0,66.23,None,1.289,-73.46,2142000,None,75154000,75154000,-33511000,-2142000,12239000,1183000,-449000,None,None,932000,594000,65125000,None,281977000,281977000,12162000,None,None,165806000,None,None,48695000,7845000,696000,696000,None,0.179,0.43,172385000,221080000,7.31,2014-03-31,40.32,695162000,1637147000.0,543388000,159192000,55706000,90900000,90900000,None,8569000,None,None,None,None,None,None,None,20751000,None,None,None,0.481,46709000,390665000,152723000,20209000,76583000,None,None,None,None,None,None,None,1.557,82.33,21.14,None,None,None,None,None,-40016000,None,0.328,None,56611000,2025-11-05,quarterly,7.74,USD,post-market,84967000,644836000,0.326,0.356,0.136,82.14,260845000,400000000,400000000,152141000,1708.45,1719.22,5.8824,1321205000,413310000,537029000,551177000,907895000,14148000,825365000,770028000,66.23,-952979000,2217.6,1300.0
2025-12-28,FICO,26.47,1990869000.0,66.23,None,1.289,-73.46,2154000,None,75154000,75154000,-13257000,-2154000,12759000,-208000,6030000,None,None,2755000,594000,65125000,None,281977000,281977000,12162000,None,None,165806000,None,None,48695000,8167000,694000,694000,None,0.179,0.43,172385000,221080000,7.31,2013-12-31,40.32,695162000,1637147000.0,543388000,159192000,55706000,90900000,90900000,None,8569000,None,None,None,None,None,None,None,16977000,None,None,None,0.481,28378000,390665000,152723000,20209000,76583000,None,None,None,None,None,None,None,1.557,82.33,21.14,None,None,None,None,None,-27125000,None,0.328,None,56611000,2025-11-05,quarterly,7.74,USD,post-market,84967000,644836000,0.326,0.356,0.136,82.14,260845000,400000000,400000000,152141000,1708.45,1719.22,5.8824,1321205000,413310000,537029000,551177000,907895000,14148000,825365000,770028000,66.23,-952979000,2217.6,1300.0
2025-12-28,FICO,26.47,1990869000.0,66.23,None,1.289,-73.46,3712000,None,75154000,75154000,-42887000,-3712000,-9841000,815000,373000,None,None,-8691000,594000,65125000,None,281977000,281977000,12162000,None,None,165806000,None,None,48695000,8054000,701000,701000,None,0.179,0.43,172385000,221080000,7.31,2013-09-30,40.32,695162000,1637147000.0,543388000,159192000,55706000,90900000,90900000,None,8569000,None,None,None,None,None,None,None,28557000,None,None,None,0.481,35943000,390665000,152723000,20209000,76583000,None,None,None,None,None,None,None,1.557,82.33,21.14,None,None,None,None,None,-34941000,None,0.328,None,56611000,2025-11-05,quarterly,7.74,USD,post-market,84967000,644836000,0.326,0.356,0.136,82.14,260845000,400000000,400000000,152141000,1708.45,1719.22,5.8824,1321205000,413310000,537029000,551177000,907895000,14148000,825365000,770028000,66.23,-952979000,2217.6,1300.0
2025-12-28,FICO,26.47,1990869000.0,66.23,None,1.289,-73.46,3312000,None,75154000,75154000,-59647000,-7748000,-22728000,-3335000,-2101000,None,None,3223000,594000,65125000,None,281977000,281977000,12162000,None,None,165806000,None,None,48695000,8727000,707000,707000,None,0.179,0.43,172385000,221080000,7.31,2013-06-30,40.32,695162000,1637147000.0,543388000,159192000,55706000,90900000,90900000,None,8569000,None,None,None,None,None,None,None,19622000,None,None,None,0.481,31223000,390665000,152723000,20209000,76583000,None,None,None,None,None,None,None,1.557,82.33,21.14,None,None,None,None,None,-47811000,None,0.328,None,56611000,2025-11-05,quarterly,7.74,USD,post-market,84967000,644836000,0.326,0.356,0.136,82.14,260845000,400000000,400000000,152141000,1708.45,1719.22,5.8824,1321205000,413310000,537029000,551177000,907895000,14148000,825365000,770028000,66.23,-952979000,2217.6,1300.0
2025-12-28,FICO,26.47,1990869000.0,66.23,None,1.289,-73.46,8111000,None,75154000,75154000,10406000,-8944000,24908000,None,-6283000,None,None,None,594000,65125000,None,281977000,281977000,12162000,None,None,165806000,None,None,48695000,8460000,714000,714000,None,0.179,0.43,172385000,221080000,7.31,2013-03-31,40.32,695162000,1637147000.0,543388000,159192000,55706000,90900000,90900000,None,8569000,None,None,None,None,None,None,None,18495000,None,None,None,0.481,40225000,390665000,152723000,20209000,76583000,None,None,None,None,None,None,None,1.557,82.33,21.14,None,None,None,None,None,0,None,0.328,None,56611000,2025-11-05,quarterly,7.74,USD,post-market,84967000,644836000,0.326,0.356,0.136,82.14,260845000,400000000,400000000,152141000,1708.45,1719.22,5.8824,1321205000,413310000,537029000,551177000,907895000,14148000,825365000,770028000,66.23,-952979000,2217.6,1300.0
2025-12-28,FICO,26.47,1990869000.0,66.23,None,1.289,-73.46,9012000,None,75154000,75154000,5494000,-14567000,19230000,-426000,9012000,None,None,6754000,594000,65125000,None,281977000,281977000,12162000,None,None,165806000,None,None,48695000,7973000,702000,702000,None,0.179,0.43,172385000,221080000,7.31,2012-12-31,40.32,695162000,1637147000.0,543388000,159192000,55706000,90900000,90900000,None,8569000,None,None,None,None,None,None,None,23421000,None,None,None,0.481,28729000,390665000,152723000,20209000,76583000,None,None,None,None,None,None,None,1.557,82.33,21.14,None,None,None,None,None,6189000,None,0.328,None,56611000,2025-11-05,quarterly,7.74,USD,post-market,84967000,644836000,0.326,0.356,0.136,82.14,260845000,400000000,400000000,152141000,1708.45,1719.22,5.8824,1321205000,413310000,537029000,551177000,907895000,14148000,825365000,770028000,66.23,-952979000,2217.6,1300.0
2025-12-28,FICO,26.47,1990869000.0,66.23,None,1.289,-73.46,5867000,None,75154000,75154000,28703000,-101305000,-47072000,2192000,1177000,None,None,-20341000,594000,65125000,None,281977000,281977000,12162000,None,None,165806000,None,None,48695000,6994000,692000,692000,None,0.179,0.43,172385000,221080000,7.31,2012-09-30,40.32,695162000,1637147000.0,543388000,159192000,55706000,90900000,90900000,None,8569000,None,None,None,None,None,None,None,21246000,None,None,None,0.481,23338000,390665000,152723000,20209000,76583000,None,None,None,None,None,None,None,1.557,82.33,21.14,None,None,None,None,None,99634000,None,0.328,None,56611000,2025-11-05,quarterly,7.74,USD,post-market,84967000,644836000,0.326,0.356,0.136,82.14,260845000,400000000,400000000,152141000,1708.45,1719.22,5.8824,1321205000,413310000,537029000,551177000,907895000,14148000,825365000,770028000,66.23,-952979000,2217.6,1300.0
2025-12-28,FICO,26.47,1990869000.0,66.23,None,1.289,-73.46,6252000,None,75154000,75154000,-35772000,-11390000,-27355000,-3125000,3000,None,None,-4469000,594000,65125000,None,281977000,281977000,12162000,None,None,165806000,None,None,48695000,4506000,685000,685000,None,0.179,0.43,172385000,221080000,7.31,2012-06-30,40.32,695162000,1637147000.0,543388000,159192000,55706000,90900000,90900000,None,8569000,None,None,None,None,None,None,None,20749000,None,None,None,0.481,22932000,390665000,152723000,20209000,76583000,None,None,None,None,None,None,None,1.557,82.33,21.14,None,None,None,None,None,-34283000,None,0.328,None,56611000,2025-11-05,quarterly,7.74,USD,post-market,84967000,644836000,0.326,0.356,0.136,82.14,260845000,400000000,400000000,152141000,1708.45,1719.22,5.8824,1321205000,413310000,537029000,551177000,907895000,14148000,825365000,770028000,66.23,-952979000,2217.6,1300.0
2025-12-28,FICO,26.47,1990869000.0,66.23,None,1.289,-73.46,5607000,None,75154000,75154000,-79676000,5309000,-29339000,2701000,-1116000,None,None,10909000,594000,65125000,None,281977000,281977000,12162000,None,None,165806000,None,None,48695000,4521000,709000,709000,None,0.179,0.43,172385000,221080000,7.31,2012-03-31,40.32,695162000,1637147000.0,543388000,159192000,55706000,90900000,90900000,None,8569000,None,None,None,None,None,None,None,20012000,None,None,None,0.481,42327000,390665000,152723000,20209000,76583000,None,None,None,None,None,None,None,1.557,82.33,21.14,None,None,None,None,None,-99088000,None,0.328,None,56611000,2025-11-05,quarterly,7.74,USD,post-market,84967000,644836000,0.326,0.356,0.136,82.14,260845000,400000000,400000000,152141000,1708.45,1719.22,5.8824,1321205000,413310000,537029000,551177000,907895000,14148000,825365000,770028000,66.23,-952979000,2217.6,1300.0
2025-12-28,FICO,26.47,1990869000.0,66.23,None,1.289,-73.46,7757000,None,75154000,75154000,-41708000,41716000,39623000,-1534000,2193000,None,None,-12589000,594000,65125000,None,281977000,281977000,12162000,None,None,165806000,None,None,48695000,5528000,717000,717000,None,0.179,0.43,172385000,221080000,7.31,2011-12-31,40.32,695162000,1637147000.0,543388000,159192000,55706000,90900000,90900000,None,8569000,None,None,None,None,None,None,None,29997000,None,None,None,0.481,41149000,390665000,152723000,20209000,76583000,None,None,None,None,None,None,None,1.557,82.33,21.14,None,None,None,None,None,-57685000,None,0.328,None,56611000,2025-11-05,quarterly,7.74,USD,post-market,84967000,644836000,0.326,0.356,0.136,82.14,260845000,400000000,400000000,152141000,1708.45,1719.22,5.8824,1321205000,413310000,537029000,551177000,907895000,14148000,825365000,770028000,66.23,-952979000,2217.6,1300.0
2025-12-28,FICO,26.47,1990869000.0,66.23,None,1.289,-73.46,5697000,None,75154000,75154000,-39085000,6033000,-5165000,-3216000,-1809000,None,None,-3691000,594000,65125000,None,281977000,281977000,12162000,None,None,165806000,None,None,48695000,5574000,751000,751000,None,0.179,0.43,172385000,221080000,7.31,2011-09-30,40.32,695162000,1637147000.0,543388000,159192000,55706000,90900000,90900000,None,8569000,None,None,None,None,None,None,None,24619000,None,None,None,0.481,31103000,390665000,152723000,20209000,76583000,None,None,None,None,None,None,None,1.557,82.33,21.14,None,None,None,None,None,-37661000,None,0.328,None,56611000,2025-11-05,quarterly,7.74,USD,post-market,84967000,644836000,0.326,0.356,0.136,82.14,260845000,400000000,400000000,152141000,1708.45,1719.22,5.8824,1321205000,413310000,537029000,551177000,907895000,14148000,825365000,770028000,66.23,-952979000,2217.6,1300.0
2025-12-28,FICO,26.47,1990869000.0,66.23,None,1.289,-73.46,3217000,None,75154000,75154000,-42042000,-120892000,-117377000,122000,-42000,None,None,4987000,594000,65125000,None,281977000,281977000,12162000,None,None,165806000,None,None,48695000,5853000,790000,790000,None,0.179,0.43,172385000,221080000,7.31,2011-06-30,40.32,695162000,1637147000.0,543388000,159192000,55706000,90900000,90900000,None,8569000,None,None,None,None,None,None,None,23189000,None,None,None,0.481,45435000,390665000,152723000,20209000,76583000,None,None,None,None,None,None,None,1.557,82.33,21.14,None,None,None,None,None,-34450000,None,0.328,None,56611000,2025-11-05,quarterly,7.74,USD,post-market,84967000,644836000,0.326,0.356,0.136,82.14,260845000,400000000,400000000,152141000,1708.45,1719.22,5.8824,1321205000,413310000,537029000,551177000,907895000,14148000,825365000,770028000,66.23,-952979000,2217.6,1300.0
2025-12-28,FICO,26.47,1990869000.0,66.23,None,1.289,-73.46,3778000,None,75154000,75154000,-10430000,43071000,61862000,2483000,9474000,None,None,-542000,594000,65125000,None,281977000,281977000,12162000,None,None,165806000,None,None,48695000,6315000,801000,801000,None,0.179,0.43,172385000,221080000,7.31,2011-03-31,40.32,695162000,1637147000.0,543388000,159192000,55706000,90900000,90900000,None,8569000,None,None,None,None,None,None,None,7745000,None,None,None,0.481,26738000,390665000,152723000,20209000,76583000,None,None,None,None,None,None,None,1.557,82.33,21.14,None,None,None,None,None,-17142000,None,0.328,None,56611000,2025-11-05,quarterly,7.74,USD,post-market,84967000,644836000,0.326,0.356,0.136,82.14,260845000,400000000,400000000,152141000,1708.45,1719.22,5.8824,1321205000,413310000,537029000,551177000,907895000,14148000,825365000,770028000,66.23,-952979000,2217.6,1300.0
2025-12-28,FICO,26.47,1990869000.0,66.23,None,1.289,-73.46,1328000,None,75154000,75154000,-2464000,20087000,50233000,-270000,-5563000,None,None,7817000,594000,65125000,None,281977000,281977000,12162000,None,None,165806000,None,None,48695000,6455000,798000,798000,None,0.179,0.43,172385000,221080000,7.31,2010-12-31,40.32,695162000,1637147000.0,543388000,159192000,55706000,90900000,90900000,None,8569000,None,None,None,None,None,None,None,16009000,None,None,None,0.481,32880000,390665000,152723000,20209000,76583000,None,None,None,None,None,None,None,1.557,82.33,21.14,None,None,None,None,None,-2169000,None,0.328,None,56611000,2025-11-05,quarterly,7.74,USD,post-market,84967000,644836000,0.326,0.356,0.136,82.14,260845000,400000000,400000000,152141000,1708.45,1719.22,5.8824,1321205000,413310000,537029000,551177000,907895000,14148000,825365000,770028000,66.23,-952979000,2217.6,1300.0
2025-12-28,FICO,26.47,1990869000.0,66.23,None,1.289,-73.46,4707000,None,75154000,75154000,-61237000,70327000,None,None,-7469000,None,None,None,594000,65125000,None,281977000,281977000,12162000,None,None,165806000,None,None,48695000,7156000,807000,807000,None,0.179,0.43,172385000,221080000,7.31,2010-09-30,40.32,695162000,1637147000.0,543388000,159192000,55706000,90900000,90900000,None,8569000,None,None,None,None,None,None,None,15841000,None,None,None,0.481,21755000,390665000,152723000,20209000,76583000,None,None,None,None,None,None,None,1.557,82.33,21.14,None,None,None,None,None,-58622000,None,0.328,None,56611000,2025-11-05,quarterly,7.74,USD,post-market,84967000,644836000,0.326,0.356,0.136,82.14,260845000,400000000,400000000,152141000,1708.45,1719.22,5.8824,1321205000,413310000,537029000,551177000,907895000,14148000,825365000,770028000,66.23,-952979000,2217.6,1300.0
2025-12-28,FICO,26.47,1990869000.0,66.23,None,1.289,-73.46,4736000,None,75154000,75154000,-131023000,38863000,None,None,11504000,None,None,None,594000,65125000,None,281977000,281977000,12162000,None,None,165806000,None,None,48695000,7634000,895000,895000,None,0.179,0.43,172385000,221080000,7.31,2010-06-30,40.32,695162000,1637147000.0,543388000,159192000,55706000,90900000,90900000,None,8569000,None,None,None,None,None,None,None,17938000,None,None,None,0.481,14060000,390665000,152723000,20209000,76583000,None,None,None,None,None,None,None,1.557,82.33,21.14,None,None,None,None,None,-79967000,None,0.328,None,56611000,2025-11-05,quarterly,7.74,USD,post-market,84967000,644836000,0.326,0.356,0.136,82.14,260845000,400000000,400000000,152141000,1708.45,1719.22,5.8824,1321205000,413310000,537029000,551177000,907895000,14148000,825365000,770028000,66.23,-952979000,2217.6,1300.0
2025-12-28,FICO,26.47,1990869000.0,66.23,None,1.289,-73.46,3522000,None,75154000,75154000,-21645000,-29697000,None,None,1496000,None,None,None,594000,65125000,None,281977000,281977000,12162000,None,None,165806000,None,None,48695000,8041000,930000,930000,None,0.179,0.43,172385000,221080000,7.31,2010-03-31,40.32,695162000,1637147000.0,543388000,159192000,55706000,90900000,90900000,None,8569000,None,None,None,None,None,None,None,12992000,None,None,None,0.481,38709000,390665000,152723000,20209000,76583000,None,None,None,None,None,None,None,1.557,82.33,21.14,None,None,None,None,None,-23676000,None,0.328,None,56611000,2025-11-05,quarterly,7.74,USD,post-market,84967000,644836000,0.326,0.356,0.136,82.14,260845000,400000000,400000000,152141000,1708.45,1719.22,5.8824,1321205000,413310000,537029000,551177000,907895000,14148000,825365000,770028000,66.23,-952979000,2217.6,1300.0
2025-12-28,FICO,26.47,1990869000.0,66.23,None,1.289,-73.46,4488000,None,75154000,75154000,-34568000,31144000,None,None,-5216000,None,None,None,594000,65125000,None,281977000,281977000,12162000,None,None,165806000,None,None,48695000,8087000,947000,947000,None,0.179,0.43,172385000,221080000,7.31,2009-12-31,40.32,695162000,1637147000.0,543388000,159192000,55706000,90900000,90900000,None,8569000,None,None,None,None,None,None,None,17686000,None,None,None,0.481,31256000,390665000,152723000,20209000,76583000,None,None,None,None,None,None,None,1.557,82.33,21.14,None,None,None,None,None,-33854000,None,0.328,None,56611000,2025-11-05,quarterly,7.74,USD,post-market,84967000,644836000,0.326,0.356,0.136,82.14,260845000,400000000,400000000,152141000,1708.45,1719.22,5.8824,1321205000,413310000,537029000,551177000,907895000,14148000,825365000,770028000,66.23,-952979000,2217.6,1300.0
2025-12-28,FICO,26.47,1990869000.0,66.23,None,1.289,-73.46,2675000,None,75154000,75154000,-18838000,-69736000,None,None,-1165000,None,None,None,594000,65125000,None,281977000,281977000,12162000,None,None,165806000,None,None,48695000,9367000,964000,964000,None,0.179,0.43,172385000,221080000,7.31,2009-09-30,40.32,695162000,1637147000.0,543388000,159192000,55706000,90900000,90900000,None,8569000,None,None,None,None,None,None,None,17108000,None,None,None,0.481,27287000,390665000,152723000,20209000,76583000,None,None,None,None,None,None,None,1.557,82.33,21.14,None,None,None,None,None,3289000,None,0.328,None,56611000,2025-11-05,quarterly,7.74,USD,post-market,84967000,644836000,0.326,0.356,0.136,82.14,260845000,400000000,400000000,152141000,1708.45,1719.22,5.8824,1321205000,413310000,537029000,551177000,907895000,14148000,825365000,770028000,66.23,-952979000,2217.6,1300.0
2025-12-28,FICO,26.47,1990869000.0,66.23,None,1.289,-73.46,2780000,None,75154000,75154000,-1129000,-3086000,None,None,3767000,None,None,None,594000,65125000,None,281977000,281977000,12162000,None,None,165806000,None,None,48695000,9655000,977000,977000,None,0.179,0.43,172385000,221080000,7.31,2009-06-30,40.32,695162000,1637147000.0,543388000,159192000,55706000,90900000,90900000,None,8569000,None,None,None,None,None,None,None,18139000,None,None,None,0.481,38030000,390665000,152723000,20209000,76583000,None,None,None,None,None,None,None,1.557,82.33,21.14,None,None,None,None,None,None,None,0.328,None,56611000,2025-11-05,quarterly,7.74,USD,post-market,84967000,644836000,0.326,0.356,0.136,82.14,260845000,400000000,400000000,152141000,1708.45,1719.22,5.8824,1321205000,413310000,537029000,551177000,907895000,14148000,825365000,770028000,66.23,-952979000,2217.6,1300.0
2025-12-28,FICO,26.47,1990869000.0,66.23,None,1.289,-73.46,2949000,None,75154000,75154000,-1220000,-3259000,None,None,None,None,None,None,594000,65125000,None,281977000,281977000,12162000,None,None,165806000,None,None,48695000,9814000,976000,976000,None,0.179,0.43,172385000,221080000,7.31,2009-03-31,40.32,695162000,1637147000.0,543388000,159192000,55706000,90900000,90900000,None,8569000,None,None,None,None,None,None,None,17745000,None,None,None,0.481,49652000,390665000,152723000,20209000,76583000,None,None,None,None,None,None,None,1.557,82.33,21.14,None,None,None,None,None,None,None,0.328,None,56611000,2025-11-05,quarterly,7.74,USD,post-market,84967000,644836000,0.326,0.356,0.136,82.14,260845000,400000000,400000000,152141000,1708.45,1719.22,5.8824,1321205000,413310000,537029000,551177000,907895000,14148000,825365000,770028000,66.23,-952979000,2217.6,1300.0
2025-12-28,FICO,26.47,1990869000.0,66.23,None,1.289,-73.46,5554000,None,75154000,75154000,2369000,-5866000,None,None,2330000,None,None,None,594000,65125000,None,281977000,281977000,12162000,None,None,165806000,None,None,48695000,9583000,970000,970000,None,0.179,0.43,172385000,221080000,7.31,2008-12-31,40.32,695162000,1637147000.0,543388000,159192000,55706000,90900000,90900000,None,8569000,None,None,None,None,None,None,None,12110000,None,None,None,0.481,36664000,390665000,152723000,20209000,76583000,None,None,None,None,None,None,None,1.557,82.33,21.14,None,None,None,None,None,3222000,None,0.328,None,56611000,2025-11-05,quarterly,7.74,USD,post-market,84967000,644836000,0.326,0.356,0.136,82.14,260845000,400000000,400000000,152141000,1708.45,1719.22,5.8824,1321205000,413310000,537029000,551177000,907895000,14148000,825365000,770028000,66.23,-952979000,2217.6,1300.0
2025-12-28,FICO,26.47,1990869000.0,66.23,None,1.289,-73.46,5167000,None,75154000,75154000,-10993000,-4532000,None,None,-7171000,None,None,None,594000,65125000,None,281977000,281977000,12162000,None,None,165806000,None,None,48695000,9371000,969000,969000,None,0.179,0.43,172385000,221080000,7.31,2008-09-30,40.32,695162000,1637147000.0,543388000,159192000,55706000,90900000,90900000,None,8569000,None,None,None,None,None,None,None,23778000,None,None,None,0.481,45307000,390665000,152723000,20209000,76583000,None,None,None,None,None,None,None,1.557,82.33,21.14,None,None,None,None,None,136428000,None,0.328,None,56611000,2025-11-05,quarterly,7.74,USD,post-market,84967000,644836000,0.326,0.356,0.136,82.14,260845000,400000000,400000000,152141000,1708.45,1719.22,5.8824,1321205000,413310000,537029000,551177000,907895000,14148000,825365000,770028000,66.23,-952979000,2217.6,1300.0
2025-12-28,FICO,26.47,1990869000.0,66.23,None,1.289,-73.46,4181000,None,75154000,75154000,-6973000,6439000,None,None,None,None,None,None,594000,65125000,None,281977000,281977000,12162000,None,None,165806000,None,None,48695000,10083000,973000,973000,None,0.179,0.43,172385000,221080000,7.31,2008-06-30,40.32,695162000,1637147000.0,543388000,159192000,55706000,90900000,90900000,None,8569000,None,None,None,None,None,None,None,26501000,None,None,None,0.481,43574000,390665000,152723000,20209000,76583000,None,None,None,None,None,None,None,1.557,82.33,21.14,None,None,None,None,None,-9802000,None,0.328,None,56611000,2025-11-05,quarterly,7.74,USD,post-market,84967000,644836000,0.326,0.356,0.136,82.14,260845000,400000000,400000000,152141000,1708.45,1719.22,5.8824,1321205000,413310000,537029000,551177000,907895000,14148000,825365000,770028000,66.23,-952979000,2217.6,1300.0
2025-12-28,FICO,26.47,1990869000.0,66.23,None,1.289,-73.46,5992000,None,75154000,75154000,-23473000,-39075000,None,None,None,None,None,None,594000,65125000,None,281977000,281977000,12162000,None,None,165806000,None,None,48695000,10283000,970000,970000,None,0.179,0.43,172385000,221080000,7.31,2008-03-31,40.32,695162000,1637147000.0,543388000,159192000,55706000,90900000,90900000,None,8569000,None,None,None,None,None,None,None,13487000,None,None,None,0.481,22233000,390665000,152723000,20209000,76583000,None,None,None,None,None,None,None,1.557,82.33,21.14,None,None,None,None,None,-24416000,None,0.328,None,56611000,2025-11-05,quarterly,7.74,USD,post-market,84967000,644836000,0.326,0.356,0.136,82.14,260845000,400000000,400000000,152141000,1708.45,1719.22,5.8824,1321205000,413310000,537029000,551177000,907895000,14148000,825365000,770028000,66.23,-952979000,2217.6,1300.0
2025-12-28,FICO,26.47,1990869000.0,66.23,None,1.289,-73.46,7440000,None,75154000,75154000,-49516000,6049000,None,None,-3035000,None,None,None,594000,65125000,None,281977000,281977000,12162000,None,None,165806000,None,None,48695000,9757000,985000,985000,None,0.179,0.43,172385000,221080000,7.31,2007-12-31,40.32,695162000,1637147000.0,543388000,159192000,55706000,90900000,90900000,None,8569000,None,None,None,None,None,None,None,20186000,None,None,None,0.481,48036000,390665000,152723000,20209000,76583000,None,None,None,None,None,None,None,1.557,82.33,21.14,None,None,None,None,None,-82424000,None,0.328,None,56611000,2025-11-05,quarterly,7.74,USD,post-market,84967000,644836000,0.326,0.356,0.136,82.14,260845000,400000000,400000000,152141000,1708.45,1719.22,5.8824,1321205000,413310000,537029000,551177000,907895000,14148000,825365000,770028000,66.23,-952979000,2217.6,1300.0
2025-12-28,FICO,26.47,1990869000.0,66.23,None,1.289,-73.46,5420000,None,75154000,75154000,-71925000,26315000,None,None,13898000,None,None,None,594000,65125000,None,281977000,281977000,12162000,None,None,165806000,None,None,48695000,10906000,1048000,1048000,None,0.179,0.43,172385000,221080000,7.31,2007-09-30,40.32,695162000,1637147000.0,543388000,159192000,55706000,90900000,90900000,None,8569000,None,None,None,None,None,None,None,28219000,None,None,None,0.481,49942000,390665000,152723000,20209000,76583000,None,None,None,None,None,None,None,1.557,82.33,21.14,None,None,None,None,None,-168681000,None,0.328,None,56611000,2025-11-05,quarterly,7.74,USD,post-market,84967000,644836000,0.326,0.356,0.136,82.14,260845000,400000000,400000000,152141000,1708.45,1719.22,5.8824,1321205000,413310000,537029000,551177000,907895000,14148000,825365000,770028000,66.23,-952979000,2217.6,1300.0
2025-12-28,FICO,26.47,1990869000.0,66.23,None,1.289,-73.46,5664000,None,75154000,75154000,-69562000,-3654000,None,None,None,None,None,None,594000,65125000,None,281977000,281977000,12162000,None,None,165806000,None,None,48695000,12175000,1100000,1100000,None,0.179,0.43,172385000,221080000,7.31,2007-06-30,40.32,695162000,1637147000.0,543388000,159192000,55706000,90900000,90900000,None,8569000,None,None,None,None,None,None,None,23768000,None,None,None,0.481,40817000,390665000,152723000,20209000,76583000,None,None,None,None,None,None,None,1.557,82.33,21.14,None,None,None,None,None,-85964000,None,0.328,None,56611000,2025-11-05,quarterly,7.74,USD,post-market,84967000,644836000,0.326,0.356,0.136,82.14,260845000,400000000,400000000,152141000,1708.45,1719.22,5.8824,1321205000,413310000,537029000,551177000,907895000,14148000,825365000,770028000,66.23,-952979000,2217.6,1300.0
2025-12-28,FICO,26.47,1990869000.0,66.23,None,1.289,-73.46,6526000,None,75154000,75154000,-4194000,-1277000,None,None,None,None,None,None,594000,65125000,None,281977000,281977000,12162000,None,None,165806000,None,None,48695000,12861000,1148000,1148000,None,0.179,0.43,172385000,221080000,7.31,2007-03-31,40.32,695162000,1637147000.0,543388000,159192000,55706000,90900000,90900000,None,8569000,None,None,None,None,None,None,None,21438000,None,None,None,0.481,28756000,390665000,152723000,20209000,76583000,None,None,None,None,None,None,None,1.557,82.33,21.14,None,None,None,None,None,-41953000,None,0.328,None,56611000,2025-11-05,quarterly,7.74,USD,post-market,84967000,644836000,0.326,0.356,0.136,82.14,260845000,400000000,400000000,152141000,1708.45,1719.22,5.8824,1321205000,413310000,537029000,551177000,907895000,14148000,825365000,770028000,66.23,-952979000,2217.6,1300.0
2025-12-28,FICO,26.47,1990869000.0,66.23,None,1.289,-73.46,5125000,None,75154000,75154000,-53024000,16054000,None,None,5841000,None,None,None,594000,65125000,None,281977000,281977000,12162000,None,None,165806000,None,None,48695000,13184000,1136000,1136000,None,0.179,0.43,172385000,221080000,7.31,2006-12-31,40.32,695162000,1637147000.0,543388000,159192000,55706000,90900000,90900000,None,8569000,None,None,None,None,None,None,None,31225000,None,None,None,0.481,59648000,390665000,152723000,20209000,76583000,None,None,None,None,None,None,None,1.557,82.33,21.14,None,None,None,None,None,-154490000,None,0.328,None,56611000,2025-11-05,quarterly,7.74,USD,post-market,84967000,644836000,0.326,0.356,0.136,82.14,260845000,400000000,400000000,152141000,1708.45,1719.22,5.8824,1321205000,413310000,537029000,551177000,907895000,14148000,825365000,770028000,66.23,-952979000,2217.6,1300.0
2025-12-28,FICO,26.47,1990869000.0,66.23,None,1.289,-73.46,7088000,None,75154000,75154000,-124628000,20359000,None,None,5052000,None,None,None,594000,65125000,None,281977000,281977000,12162000,None,None,165806000,None,None,48695000,12090000,1224000,1224000,None,0.179,0.43,172385000,221080000,7.31,2006-09-30,40.32,695162000,1637147000.0,543388000,159192000,55706000,90900000,90900000,None,8569000,None,None,None,None,None,None,None,22053000,None,None,None,0.481,45131000,390665000,152723000,20209000,76583000,None,None,None,None,None,None,None,1.557,82.33,21.14,None,None,None,None,None,-132380000,None,0.328,None,56611000,2025-11-05,quarterly,7.74,USD,post-market,84967000,644836000,0.326,0.356,0.136,82.14,260845000,400000000,400000000,152141000,1708.45,1719.22,5.8824,1321205000,413310000,537029000,551177000,907895000,14148000,825365000,770028000,66.23,-952979000,2217.6,1300.0
2025-12-28,FICO,26.47,1990869000.0,66.23,None,1.289,-73.46,16196000,None,75154000,75154000,-101184000,-33100000,None,None,None,None,None,None,594000,65125000,None,281977000,281977000,12162000,None,None,165806000,None,None,48695000,12318000,1280000,1280000,None,0.179,0.43,172385000,221080000,7.31,2006-06-30,40.32,695162000,1637147000.0,543388000,159192000,55706000,90900000,90900000,None,8569000,None,None,None,None,None,None,None,26003000,None,None,None,0.481,44226000,390665000,152723000,20209000,76583000,None,None,None,None,None,None,None,1.557,82.33,21.14,None,None,None,None,None,-111341000,None,0.328,None,56611000,2025-11-05,quarterly,7.74,USD,post-market,84967000,644836000,0.326,0.356,0.136,82.14,260845000,400000000,400000000,152141000,1708.45,1719.22,5.8824,1321205000,413310000,537029000,551177000,907895000,14148000,825365000,770028000,66.23,-952979000,2217.6,1300.0
2025-12-28,FICO,26.47,1990869000.0,66.23,None,1.289,-73.46,5580000,None,75154000,75154000,9779000,-24577000,None,None,None,None,None,None,594000,65125000,None,281977000,281977000,12162000,None,None,165806000,None,None,48695000,12228000,1301000,1301000,None,0.179,0.43,172385000,221080000,7.31,2006-03-31,40.32,695162000,1637147000.0,543388000,159192000,55706000,90900000,90900000,None,8569000,None,None,None,None,None,None,None,26973000,None,None,None,0.481,48941000,390665000,152723000,20209000,76583000,None,None,None,None,None,None,None,1.557,82.33,21.14,None,None,None,None,None,None,None,0.328,None,56611000,2025-11-05,quarterly,7.74,USD,post-market,84967000,644836000,0.326,0.356,0.136,82.14,260845000,400000000,400000000,152141000,1708.45,1719.22,5.8824,1321205000,413310000,537029000,551177000,907895000,14148000,825365000,770028000,66.23,-952979000,2217.6,1300.0
2025-12-28,FICO,26.47,1990869000.0,66.23,None,1.289,-73.46,2545000,None,75154000,75154000,25740000,20291000,None,None,None,None,None,None,594000,65125000,None,281977000,281977000,12162000,None,None,165806000,None,None,48695000,12059000,1295000,1295000,None,0.179,0.43,172385000,221080000,7.31,2005-12-31,40.32,695162000,1637147000.0,543388000,159192000,55706000,90900000,90900000,None,8569000,None,None,None,None,None,None,None,28457000,None,None,None,0.481,60744000,390665000,152723000,20209000,76583000,None,None,None,None,None,None,None,1.557,82.33,21.14,None,None,None,None,None,-12766000,None,0.328,None,56611000,2025-11-05,quarterly,7.74,USD,post-market,84967000,644836000,0.326,0.356,0.136,82.14,260845000,400000000,400000000,152141000,1708.45,1719.22,5.8824,1321205000,413310000,537029000,551177000,907895000,14148000,825365000,770028000,66.23,-952979000,2217.6,1300.0
2025-12-28,FICO,26.47,1990869000.0,66.23,None,1.289,-73.46,2405000,None,75154000,75154000,-75464000,1303000,None,None,1034134000,None,None,None,594000,65125000,None,281977000,281977000,12162000,None,None,165806000,None,None,48695000,13751000,2600000,2600000,None,0.179,0.43,172385000,221080000,7.31,2005-09-30,40.32,695162000,1637147000.0,543388000,159192000,55706000,90900000,90900000,None,8569000,None,None,None,None,None,None,None,35748000,None,None,None,0.481,63930000,390665000,152723000,20209000,76583000,None,None,None,None,None,None,None,1.557,82.33,21.14,None,None,None,None,None,-96703000,None,0.328,None,56611000,2025-11-05,quarterly,7.74,USD,post-market,84967000,644836000,0.326,0.356,0.136,82.14,260845000,400000000,400000000,152141000,1708.45,1719.22,5.8824,1321205000,413310000,537029000,551177000,907895000,14148000,825365000,770028000,66.23,-952979000,2217.6,1300.0
2025-12-28,FICO,26.47,1990869000.0,66.23,None,1.289,-73.46,8922000,None,75154000,75154000,-750329000,-43719000,None,None,None,None,None,None,594000,65125000,None,281977000,281977000,12162000,None,None,165806000,None,None,48695000,14952000,None,None,None,0.179,0.43,172385000,221080000,7.31,2025-09-30,40.32,695162000,1637147000.0,543388000,159192000,55706000,90900000,90900000,None,8569000,None,None,None,None,None,None,None,651946000,None,None,None,0.481,778807000,390665000,152723000,20209000,76583000,None,None,None,None,None,None,None,1.557,82.33,21.14,None,None,None,None,None,-1414502000,None,0.328,None,56611000,2025-11-05,annual,7.74,USD,post-market,84967000,644836000,0.326,0.356,0.136,82.14,260845000,400000000,400000000,152141000,1708.45,1719.22,5.8824,1321205000,413310000,537029000,551177000,907895000,14148000,825365000,770028000,66.23,-952979000,2217.6,1300.0
2025-12-28,FICO,26.47,1990869000.0,66.23,None,1.289,-73.46,25551000,None,75154000,75154000,-592923000,-27993000,None,None,None,None,None,None,594000,65125000,None,281977000,281977000,12162000,None,None,165806000,None,None,48695000,13827000,None,None,None,0.179,0.43,172385000,221080000,7.31,2024-09-30,40.32,695162000,1637147000.0,543388000,159192000,55706000,90900000,90900000,None,8569000,None,None,None,None,None,None,None,512811000,None,None,None,0.481,632964000,390665000,152723000,20209000,76583000,None,None,None,None,None,None,None,1.557,82.33,21.14,None,None,None,None,None,-821702000,None,0.328,None,56611000,2025-11-05,annual,7.74,USD,post-market,84967000,644836000,0.326,0.356,0.136,82.14,260845000,400000000,400000000,152141000,1708.45,1719.22,5.8824,1321205000,413310000,537029000,551177000,907895000,14148000,825365000,770028000,66.23,-952979000,2217.6,1300.0
2025-12-28,FICO,26.47,1990869000.0,66.23,None,1.289,-73.46,4237000,None,75154000,75154000,-455001000,-15954000,None,None,-18961000,None,None,None,594000,65125000,None,281977000,281977000,12162000,None,None,165806000,None,None,48695000,14638000,407000000,407000000,None,0.179,0.43,172385000,221080000,7.31,2023-09-30,40.32,695162000,1637147000.0,543388000,159192000,55706000,90900000,90900000,None,8569000,None,None,None,None,None,None,None,429375000,None,None,None,0.481,468915000,390665000,152723000,20209000,76583000,None,None,None,None,None,None,None,1.557,82.33,21.14,None,None,None,None,None,-405526000,None,0.328,None,56611000,2025-11-05,annual,7.74,USD,post-market,84967000,644836000,0.326,0.356,0.136,82.14,260845000,400000000,400000000,152141000,1708.45,1719.22,5.8824,1321205000,413310000,537029000,551177000,907895000,14148000,825365000,770028000,66.23,-952979000,2217.6,1300.0
2025-12-28,FICO,26.47,1990869000.0,66.23,None,1.289,-73.46,6029000,None,75154000,75154000,-547165000,-5671000,-43386000,None,-21462000,None,None,-31557000,594000,65125000,None,281977000,281977000,12162000,None,None,165806000,None,None,48695000,20465000,None,None,None,0.179,0.43,172385000,221080000,7.31,2022-09-30,40.32,695162000,1637147000.0,543388000,159192000,55706000,90900000,90900000,None,8569000,None,None,None,None,None,None,None,373541000,None,None,None,0.481,509450000,390665000,152723000,20209000,76583000,None,None,None,None,None,None,None,1.557,82.33,21.14,None,None,None,None,None,-1104180000,None,0.328,None,56611000,2025-11-05,annual,7.74,USD,post-market,84967000,644836000,0.326,0.356,0.136,82.14,260845000,400000000,400000000,152141000,1708.45,1719.22,5.8824,1321205000,413310000,537029000,551177000,907895000,14148000,825365000,770028000,66.23,-952979000,2217.6,1300.0
2025-12-28,FICO,26.47,1990869000.0,66.23,None,1.289,-73.46,7569000,None,75154000,75154000,-523571000,137850000,37960000,-136000,-26224000,None,None,24496000,594000,65125000,None,281977000,281977000,12162000,None,None,165806000,None,None,48695000,25592000,20881000,20881000,None,0.179,0.43,172385000,221080000,7.31,2021-09-30,40.32,695162000,1637147000.0,543388000,159192000,55706000,90900000,90900000,None,8569000,None,None,None,None,None,None,None,392084000,None,None,None,0.481,423817000,390665000,152723000,20209000,76583000,None,None,None,None,None,None,None,1.557,82.33,21.14,None,None,None,None,None,-874179000,None,0.328,None,56611000,2025-11-05,annual,7.74,USD,post-market,84967000,644836000,0.326,0.356,0.136,82.14,260845000,400000000,400000000,152141000,1708.45,1719.22,5.8824,1321205000,413310000,537029000,551177000,907895000,14148000,825365000,770028000,66.23,-952979000,2217.6,1300.0
2025-12-28,FICO,26.47,1990869000.0,66.23,None,1.289,-73.46,21989000,None,75154000,75154000,-289424000,-24583000,50968000,59000,-267000,None,None,-59889000,594000,65125000,None,281977000,281977000,12162000,None,None,165806000,None,None,48695000,30367000,613000000,613000000,None,0.179,0.43,172385000,221080000,7.31,2020-09-30,40.32,695162000,1637147000.0,543388000,159192000,55706000,90900000,90900000,None,8569000,None,None,None,None,None,None,None,236411000,None,None,None,0.481,364916000,390665000,152723000,20209000,76583000,None,None,None,None,None,None,None,1.557,82.33,21.14,None,None,None,None,None,-235223000,None,0.328,None,56611000,2025-11-05,annual,7.74,USD,post-market,84967000,644836000,0.326,0.356,0.136,82.14,260845000,400000000,400000000,152141000,1708.45,1719.22,5.8824,1321205000,413310000,537029000,551177000,907895000,14148000,825365000,770028000,66.23,-952979000,2217.6,1300.0
2025-12-28,FICO,26.47,1990869000.0,66.23,None,1.289,-73.46,23981000,None,75154000,75154000,-200047000,-42760000,16403000,-1140000,-54044000,None,None,-36176000,594000,65125000,None,281977000,281977000,12162000,None,None,165806000,None,None,48695000,31612000,229000000,229000000,None,0.179,0.43,172385000,221080000,7.31,2019-09-30,40.32,695162000,1637147000.0,543388000,159192000,55706000,90900000,90900000,None,8569000,None,None,None,None,None,None,None,192124000,None,None,None,0.481,260350000,390665000,152723000,20209000,76583000,None,None,None,None,None,None,None,1.557,82.33,21.14,None,None,None,None,None,-228894000,None,0.328,None,56611000,2025-11-05,annual,7.74,USD,post-market,84967000,644836000,0.326,0.356,0.136,82.14,260845000,400000000,400000000,152141000,1708.45,1719.22,5.8824,1321205000,413310000,537029000,551177000,907895000,14148000,825365000,770028000,66.23,-952979000,2217.6,1300.0
2025-12-28,FICO,26.47,1990869000.0,66.23,None,1.289,-73.46,31299000,None,75154000,75154000,-218627000,-14119000,-15595000,-5901000,-2088000,None,None,-42403000,594000,65125000,None,281977000,281977000,12162000,None,None,165806000,None,None,48695000,30182000,0,0,None,0.179,0.43,172385000,221080000,7.31,2018-09-30,40.32,695162000,1637147000.0,543388000,159192000,55706000,90900000,90900000,None,8569000,None,None,None,None,None,None,None,126482000,None,None,None,0.481,223052000,390665000,152723000,20209000,76583000,None,None,None,None,None,None,None,1.557,82.33,21.14,None,None,None,None,None,-342596000,None,0.328,None,56611000,2025-11-05,annual,7.74,USD,post-market,84967000,644836000,0.326,0.356,0.136,82.14,260845000,400000000,400000000,152141000,1708.45,1719.22,5.8824,1321205000,413310000,537029000,551177000,907895000,14148000,825365000,770028000,66.23,-952979000,2217.6,1300.0
2025-12-28,FICO,26.47,1990869000.0,66.23,None,1.289,-73.46,19828000,None,75154000,75154000,-180625000,-20605000,29692000,5278000,-7798000,None,None,-1265000,594000,65125000,None,281977000,281977000,12162000,None,None,165806000,None,None,48695000,36214000,1238000,1238000,None,0.179,0.43,172385000,221080000,7.31,2017-09-30,40.32,695162000,1637147000.0,543388000,159192000,55706000,90900000,90900000,None,8569000,None,None,None,None,None,None,None,133414000,None,None,None,0.481,225644000,390665000,152723000,20209000,76583000,None,None,None,None,None,None,None,1.557,82.33,21.14,None,None,None,None,None,-187629000,None,0.328,None,56611000,2025-11-05,annual,7.74,USD,post-market,84967000,644836000,0.326,0.356,0.136,82.14,260845000,400000000,400000000,152141000,1708.45,1719.22,5.8824,1321205000,413310000,537029000,551177000,907895000,14148000,825365000,770028000,66.23,-952979000,2217.6,1300.0
2025-12-28,FICO,26.47,1990869000.0,66.23,None,1.289,-73.46,21969000,None,75154000,75154000,-164978000,-27615000,-10194000,-2832000,8566000,None,None,-18225000,594000,65125000,None,281977000,281977000,12162000,None,None,165806000,None,None,48695000,31633000,2489000,2489000,None,0.179,0.43,172385000,221080000,7.31,2016-09-30,40.32,695162000,1637147000.0,543388000,159192000,55706000,90900000,90900000,None,8569000,None,None,None,None,None,None,None,109448000,None,None,None,0.481,185231000,390665000,152723000,20209000,76583000,None,None,None,None,None,None,None,1.557,82.33,21.14,None,None,None,None,None,-138399000,None,0.328,None,56611000,2025-11-05,annual,7.74,USD,post-market,84967000,644836000,0.326,0.356,0.136,82.14,260845000,400000000,400000000,152141000,1708.45,1719.22,5.8824,1321205000,413310000,537029000,551177000,907895000,14148000,825365000,770028000,66.23,-952979000,2217.6,1300.0
2025-12-28,FICO,26.47,1990869000.0,66.23,None,1.289,-73.46,24999000,None,75154000,75154000,-58635000,-81916000,-18955000,-11381000,-11349000,None,None,-4602000,594000,65125000,None,281977000,281977000,12162000,None,None,165806000,None,None,48695000,33889000,2508000,2508000,None,0.179,0.43,172385000,221080000,7.31,2015-09-30,40.32,695162000,1637147000.0,543388000,159192000,55706000,90900000,90900000,None,8569000,None,None,None,None,None,None,None,86502000,None,None,None,0.481,132977000,390665000,152723000,20209000,76583000,None,None,None,None,None,None,None,1.557,82.33,21.14,None,None,None,None,None,-130719000,None,0.328,None,56611000,2025-11-05,annual,7.74,USD,post-market,84967000,644836000,0.326,0.356,0.136,82.14,260845000,400000000,400000000,152141000,1708.45,1719.22,5.8824,1321205000,413310000,537029000,551177000,907895000,14148000,825365000,770028000,66.23,-952979000,2217.6,1300.0
2025-12-28,FICO,26.47,1990869000.0,66.23,None,1.289,-73.46,12590000,None,75154000,75154000,-130391000,-19843000,21897000,-2903000,13812000,None,None,-13649000,594000,65125000,None,281977000,281977000,12162000,None,None,165806000,None,None,48695000,32632000,2714000,2714000,None,0.179,0.43,172385000,221080000,7.31,2014-09-30,40.32,695162000,1637147000.0,543388000,159192000,55706000,90900000,90900000,None,8569000,None,None,None,None,None,None,None,94879000,None,None,None,0.481,175034000,390665000,152723000,20209000,76583000,None,None,None,None,None,None,None,1.557,82.33,21.14,None,None,None,None,None,-217039000,None,0.328,None,56611000,2025-11-05,annual,7.74,USD,post-market,84967000,644836000,0.326,0.356,0.136,82.14,260845000,400000000,400000000,152141000,1708.45,1719.22,5.8824,1321205000,413310000,537029000,551177000,907895000,14148000,825365000,770028000,66.23,-952979000,2217.6,1300.0
2025-12-28,FICO,26.47,1990869000.0,66.23,None,1.289,-73.46,24147000,None,75154000,75154000,-86634000,-34971000,11569000,-2946000,1001000,None,None,1286000,594000,65125000,None,281977000,281977000,12162000,None,None,165806000,None,None,48695000,33214000,2824000,2824000,None,0.179,0.43,172385000,221080000,7.31,2013-09-30,40.32,695162000,1637147000.0,543388000,159192000,55706000,90900000,90900000,None,8569000,None,None,None,None,None,None,None,90095000,None,None,None,0.481,136120000,390665000,152723000,20209000,76583000,None,None,None,None,None,None,None,1.557,82.33,21.14,None,None,None,None,None,-82752000,None,0.328,None,56611000,2025-11-05,annual,7.74,USD,post-market,84967000,644836000,0.326,0.356,0.136,82.14,260845000,400000000,400000000,152141000,1708.45,1719.22,5.8824,1321205000,413310000,537029000,551177000,907895000,14148000,825365000,770028000,66.23,-952979000,2217.6,1300.0
2025-12-28,FICO,26.47,1990869000.0,66.23,None,1.289,-73.46,25483000,None,75154000,75154000,-128453000,-65670000,-64143000,234000,2257000,None,None,-26490000,594000,65125000,None,281977000,281977000,12162000,None,None,165806000,None,None,48695000,21549000,2803000,2803000,None,0.179,0.43,172385000,221080000,7.31,2012-09-30,40.32,695162000,1637147000.0,543388000,159192000,55706000,90900000,90900000,None,8569000,None,None,None,None,None,None,None,92004000,None,None,None,0.481,129746000,390665000,152723000,20209000,76583000,None,None,None,None,None,None,None,1.557,82.33,21.14,None,None,None,None,None,-191056000,None,0.328,None,56611000,2025-11-05,annual,7.74,USD,post-market,84967000,644836000,0.326,0.356,0.136,82.14,260845000,400000000,400000000,152141000,1708.45,1719.22,5.8824,1321205000,413310000,537029000,551177000,907895000,14148000,825365000,770028000,66.23,-952979000,2217.6,1300.0
2025-12-28,FICO,26.47,1990869000.0,66.23,None,1.289,-73.46,14020000,None,75154000,75154000,-94021000,-51701000,-10447000,-881000,2061000,None,None,8571000,594000,65125000,None,281977000,281977000,12162000,None,None,165806000,None,None,48695000,24197000,3140000,3140000,None,0.179,0.43,172385000,221080000,7.31,2011-09-30,40.32,695162000,1637147000.0,543388000,159192000,55706000,90900000,90900000,None,8569000,None,None,None,None,None,None,None,71562000,None,None,None,0.481,136156000,390665000,152723000,20209000,76583000,None,None,None,None,None,None,None,1.557,82.33,21.14,None,None,None,None,None,-91422000,None,0.328,None,56611000,2025-11-05,annual,7.74,USD,post-market,84967000,644836000,0.326,0.356,0.136,82.14,260845000,400000000,400000000,152141000,1708.45,1719.22,5.8824,1321205000,413310000,537029000,551177000,907895000,14148000,825365000,770028000,66.23,-952979000,2217.6,1300.0
2025-12-28,FICO,26.47,1990869000.0,66.23,None,1.289,-73.46,17453000,None,75154000,75154000,-248473000,110637000,-31958000,98000,315000,None,None,-11561000,594000,65125000,None,281977000,281977000,12162000,None,None,165806000,None,None,48695000,30918000,3579000,3579000,None,0.179,0.43,172385000,221080000,7.31,2010-09-30,40.32,695162000,1637147000.0,543388000,159192000,55706000,90900000,90900000,None,8569000,None,None,None,None,None,None,None,64457000,None,None,None,0.481,105780000,390665000,152723000,20209000,76583000,None,None,None,None,None,None,None,1.557,82.33,21.14,None,None,None,None,None,-196119000,None,0.328,None,56611000,2025-11-05,annual,7.74,USD,post-market,84967000,644836000,0.326,0.356,0.136,82.14,260845000,400000000,400000000,152141000,1708.45,1719.22,5.8824,1321205000,413310000,537029000,551177000,907895000,14148000,825365000,770028000,66.23,-952979000,2217.6,1300.0
2025-12-28,FICO,26.47,1990869000.0,66.23,None,1.289,-73.46,13958000,None,75154000,75154000,-18818000,-81947000,None,None,-6585000,None,None,None,594000,65125000,None,281977000,281977000,12162000,None,None,165806000,None,None,48695000,38419000,3887000,3887000,None,0.179,0.43,172385000,221080000,7.31,2009-09-30,40.32,695162000,1637147000.0,543388000,159192000,55706000,90900000,90900000,None,8569000,None,None,None,None,None,None,None,65102000,None,None,None,0.481,151633000,390665000,152723000,20209000,76583000,None,None,None,None,None,None,None,1.557,82.33,21.14,None,None,None,None,None,-18500000,None,0.328,None,56611000,2025-11-05,annual,7.74,USD,post-market,84967000,644836000,0.326,0.356,0.136,82.14,260845000,400000000,400000000,152141000,1708.45,1719.22,5.8824,1321205000,413310000,537029000,551177000,907895000,14148000,825365000,770028000,66.23,-952979000,2217.6,1300.0
2025-12-28,FICO,26.47,1990869000.0,66.23,None,1.289,-73.46,22780000,None,75154000,75154000,-90955000,-31119000,None,None,-8170000,None,None,None,594000,65125000,None,281977000,281977000,12162000,None,None,165806000,None,None,48695000,39494000,3897000,3897000,None,0.179,0.43,172385000,221080000,7.31,2008-09-30,40.32,695162000,1637147000.0,543388000,159192000,55706000,90900000,90900000,None,8569000,None,None,None,None,None,None,None,83952000,None,None,None,0.481,159150000,390665000,152723000,20209000,76583000,None,None,None,None,None,None,None,1.557,82.33,21.14,None,None,None,None,None,-116642000,None,0.328,None,56611000,2025-11-05,annual,7.74,USD,post-market,84967000,644836000,0.326,0.356,0.136,82.14,260845000,400000000,400000000,152141000,1708.45,1719.22,5.8824,1321205000,413310000,537029000,551177000,907895000,14148000,825365000,770028000,66.23,-952979000,2217.6,1300.0
2025-12-28,FICO,26.47,1990869000.0,66.23,None,1.289,-73.46,22735000,None,75154000,75154000,-198705000,37438000,None,None,886000,None,None,None,594000,65125000,None,281977000,281977000,12162000,None,None,165806000,None,None,48695000,49126000,4432000,4432000,None,0.179,0.43,172385000,221080000,7.31,2007-09-30,40.32,695162000,1637147000.0,543388000,159192000,55706000,90900000,90900000,None,8569000,None,None,None,None,None,None,None,104650000,None,None,None,0.481,179163000,390665000,152723000,20209000,76583000,None,None,None,None,None,None,None,1.557,82.33,21.14,None,None,None,None,None,-451088000,None,0.328,None,56611000,2025-11-05,annual,7.74,USD,post-market,84967000,644836000,0.326,0.356,0.136,82.14,260845000,400000000,400000000,152141000,1708.45,1719.22,5.8824,1321205000,413310000,537029000,551177000,907895000,14148000,825365000,770028000,66.23,-952979000,2217.6,1300.0
2025-12-28,FICO,26.47,1990869000.0,66.23,None,1.289,-73.46,31409000,None,75154000,75154000,-190293000,-17027000,None,None,-482000,None,None,None,594000,65125000,None,281977000,281977000,12162000,None,None,165806000,None,None,48695000,48695000,5100000,5100000,None,0.179,0.43,172385000,221080000,7.31,2006-09-30,40.32,695162000,1637147000.0,543388000,159192000,55706000,90900000,90900000,None,8569000,None,None,None,None,None,None,None,103486000,None,None,None,0.481,199042000,390665000,152723000,20209000,76583000,None,None,None,None,None,None,None,1.557,82.33,21.14,None,None,None,None,None,-256487000,None,0.328,None,56611000,2025-11-05,annual,7.74,USD,post-market,84967000,644836000,0.326,0.356,0.136,82.14,260845000,400000000,400000000,152141000,1708.45,1719.22,5.8824,1321205000,413310000,537029000,551177000,907895000,14148000,825365000,770028000,66.23,-952979000,2217.6,1300.0
