date,symbol,revenue_ttm,pe_ratio,accumulateddepreciationamortizationppe,capitalexpenditures,capitalleaseobligations,cashandcashequivalentsatcarryingvalue,cashandshortterminvestments,cashflowfromfinancing,cashflowfrominvestment,changeincashandcashequivalents,changeinexchangerate,changeininventory,changeinoperatingassets,changeinoperatingliabilities,changeinreceivables,commonstock,commonstocksharesoutstanding,comprehensiveincomenetoftax,costofgoodsandservicessold,costofrevenue,currentaccountspayable,currentdebt,currentlongtermdebt,currentnetreceivables,deferredrevenue,depreciation,depreciationandamortization,depreciationdepletionandamortization,dividendpayout,dividendpayoutcommonstock,dividendpayoutpreferredstock,earnings_growth_yoy,earnings_surprise,ebit,ebitda,estimated_eps,fiscaldateending,forward_pe,goodwill,gross_profit_ttm,grossprofit,incomebeforetax,incometaxexpense,intangibleassets,intangibleassetsexcludinggoodwill,interestanddebtexpense,interestexpense,interestincome,inventory,investmentincomenet,investments,longtermdebt,longtermdebtnoncurrent,longterminvestments,netincome,netincomefromcontinuingoperations,netinterestincome,noninterestincome,operating_margin_ttm,operatingcashflow,operatingexpenses,operatingincome,othercurrentassets,othercurrentliabilities,othernoncurrentassets,othernoncurrentliabilities,othernonoperatingincome,paymentsforoperatingactivities,paymentsforrepurchaseofcommonstock,paymentsforrepurchaseofequity,paymentsforrepurchaseofpreferredstock,peg_ratio,price_to_book,price_to_sales_ttm,proceedsfromissuanceofcommonstock,proceedsfromissuanceoflongtermdebtandcapitalsecuritiesnet,proceedsfromissuanceofpreferredstock,proceedsfromoperatingactivities,proceedsfromrepaymentsofshorttermdebt,proceedsfromrepurchaseofequity,proceedsfromsaleoftreasurystock,profit_margin,profitloss,propertyplantequipment,report_date,report_type,reported_eps,reportedcurrency,reporttime,researchanddevelopment,retainedearnings,return_on_assets_ttm,return_on_equity_ttm,revenue_growth_yoy,revenue_per_share_ttm,sellinggeneralandadministrative,shortlongtermdebttotal,shorttermdebt,shortterminvestments,sma_200,sma_50,surprise_pct,totalassets,totalcurrentassets,totalcurrentliabilities,totalliabilities,totalnoncurrentassets,totalnoncurrentliabilities,totalrevenue,totalshareholderequity,trailing_pe,treasurystock,week_52_high,week_52_low
1998-03-31,FISV,,,,,,,,,,,,,,,,,,,,,,,,,,,,,,,,,0.0,,,,,,,,,,,,,,,,,,,,,,,,,,,,,,,,,,,,,,,,,,,,,,,,,,,,1998-03-31,,0.0363,,pre-market,,,,,,,,,,,,,,,,,,,,,,,,,
1998-06-30,FISV,,,,,,,,,,,,,,,,,,,,,,,,,,,,,,,,,0.0,,,,,,,,,,,,,,,,,,,,,,,,,,,,,,,,,,,,,,,,,,,,,,,,,,,,1998-06-30,,0.0371,,pre-market,,,,,,,,,,,,,,,,,,,,,,,,,
1998-09-30,FISV,,,,,,,,,,,,,,,,,,,,,,,,,,,,,,,,,0.0,,,,,,,,,,,,,,,,,,,,,,,,,,,,,,,,,,,,,,,,,,,,,,,,,,,,1998-09-30,,0.0378,,pre-market,,,,,,,,,,,,,,,,,,,,,,,,,
1998-12-31,FISV,,,,,,,,,,,,,,,,,,,,,,,,,,,,,,,,,0.0,,,,,,,,,,,,,,,,,,,,,,,,,,,,,,,,,,,,,,,,,,,,,,,,,,,,1998-12-31,,0.0406,,pre-market,,,,,,,,,,,,,,,,,,,,,,,,,
1999-03-31,FISV,,,,,,,,,,,,,,,,,,,,,,,,,,,,,,,,,0.0,,,,,,,,,,,,,,,,,,,,,,,,,,,,,,,,,,,,,,,,,,,,,,,,,,,,1999-03-31,,0.0436,,pre-market,,,,,,,,,,,,,,,,,,,,,,,,,
1999-06-30,FISV,,,,,,,,,,,,,,,,,,,,,,,,,,,,,,,,,0.0,,,,,,,,,,,,,,,,,,,,,,,,,,,,,,,,,,,,,,,,,,,,,,,,,,,,1999-06-30,,0.045,,pre-market,,,,,,,,,,,,,,,,,,,,,,,,,
1999-09-30,FISV,,,,,,,,,,,,,,,,,,,,,,,,,,,,,,,,,0.0,,,,,,,,,,,,,,,,,,,,,,,,,,,,,,,,,,,,,,,,,,,,,,,,,,,,1999-09-30,,0.0466,,pre-market,,,,,,,,,,,,,,,,,,,,,,,,,
1999-12-31,FISV,,,,,,,,,,,,,,,,,,,,,,,,,,,,,,,,,0.0,,,,,,,,,,,,,,,,,,,,,,,,,,,,,,,,,,,,,,,,,,,,,,,,,,,,1999-12-31,,0.0475,,pre-market,,,,,,,,,,,,,,,,,,,,,,,,,
2000-03-31,FISV,,,,,,,,,,,,,,,,,,,,,,,,,,,,,,,,,0.0,,,,,,,,,,,,,,,,,,,,,,,,,,,,,,,,,,,,,,,,,,,,,,,,,,,,2000-03-31,,0.0573,,pre-market,,,,,,,,,,,,,,,,,,,,,,,,,
2000-06-30,FISV,,,,,,,,,,,,,,,,,,,,,,,,,,,,,,,,,0.0,,,,,,,,,,,,,,,,,,,,,,,,,,,,,,,,,,,,,,,,,,,,,,,,,,,,2000-06-30,,0.0594,,pre-market,,,,,,,,,,,,,,,,,,,,,,,,,
2000-09-30,FISV,,,,,,,,,,,,,,,,,,,,,,,,,,,,,,,,,0.0,,,,,,,,,,,,,,,,,,,,,,,,,,,,,,,,,,,,,,,,,,,,,,,,,,,,2000-09-30,,0.0587,,pre-market,,,,,,,,,,,,,,,,,,,,,,,,,
2000-12-31,FISV,,,,,,,,,,,,,,,,,,,,,,,,,,,,,,,,,0.0,,,,,,,,,,,,,,,,,,,,,,,,,,,,,,,,,,,,,,,,,,,,,,,,,,,,2000-12-31,,0.0578,,pre-market,,,,,,,,,,,,,,,,,,,,,,,,,
2001-03-31,FISV,,,,,,,,,,,,,,,,,,,,,,,,,,,,,,,,,0.0,,,,,,,,,,,,,,,,,,,,,,,,,,,,,,,,,,,,,,,,,,,,,,,,,,,,2001-03-31,,0.0664,,pre-market,,,,,,,,,,,,,,,,,,,,,,,,,
2001-06-30,FISV,,,,,,,,,,,,,,,,,,,,,,,,,,,,,,,,,0.0,,,,,,,,,,,,,,,,,,,,,,,,,,,,,,,,,,,,,,,,,,,,,,,,,,,,2001-06-30,,0.068,,pre-market,,,,,,,,,,,,,,,,,,,,,,,,,
2001-09-30,FISV,,,,,,,,,,,,,,,,,,,,,,,,,,,,,,,,,0.0,,,,,,,,,,,,,,,,,,,,,,,,,,,,,,,,,,,,,,,,,,,,,,,,,,,,2001-10-23,,0.0687,,pre-market,,,,,,,,,,,,,,,,,,,,,,,,,
2001-12-31,FISV,,,,,,,,,,,,,,,,,,,,,,,,,,,,,,,,,0.01,,,0.06,,,,,,,,,,,,,,,,,,,,,,,,,,,,,,,,,,,,,,,,,,,,,,,,,2002-01-21,,0.07,,post-market,,,,,,,,,,,,,16.6667,,,,,,,,,,,,
2002-03-31,FISV,,,,,,,,,,,,,,,,,,,,,,,,,,,,,,,,,0.0,,,0.08,,,,,,,,,,,,,,,,,,,,,,,,,,,,,,,,,,,,,,,,,,,,,,,,,2002-04-22,,0.08,,post-market,,,,,,,,,,,,,0.0,,,,,,,,,,,,
2002-06-30,FISV,,,,,,,,,,,,,,,,,,,,,,,,,,,,,,,,,0.0,,,0.07,,,,,,,,,,,,,,,,,,,,,,,,,,,,,,,,,,,,,,,,,,,,,,,,,2002-07-22,,0.07,,post-market,,,,,,,,,,,,,0.0,,,,,,,,,,,,
2002-09-30,FISV,,,,,,,,,,,,,,,,,,,,,,,,,,,,,,,,,0.0,,,0.09,,,,,,,,,,,,,,,,,,,,,,,,,,,,,,,,,,,,,,,,,,,,,,,,,2002-10-21,,0.09,,post-market,,,,,,,,,,,,,0.0,,,,,,,,,,,,
2002-12-31,FISV,,,,,,,,,,,,,,,,,,,,,,,,,,,,,,,,,0.0,,,0.09,,,,,,,,,,,,,,,,,,,,,,,,,,,,,,,,,,,,,,,,,,,,,,,,,2003-01-20,,0.09,,post-market,,,,,,,,,,,,,0.0,,,,,,,,,,,,
2003-03-31,FISV,,,,,,,,,,,,,,,,,,,,,,,,,,,,,,,,,0.01,,,0.09,,,,,,,,,,,,,,,,,,,,,,,,,,,,,,,,,,,,,,,,,,,,,,,,,2003-04-22,,0.1,,post-market,,,,,,,,,,,,,11.1111,,,,,,,,,,,,
2003-06-30,FISV,,,,,,,,,,,,,,,,,,,,,,,,,,,,,,,,,0.0,,,0.1,,,,,,,,,,,,,,,,,,,,,,,,,,,,,,,,,,,,,,,,,,,,,,,,,2003-07-22,,0.1,,post-market,,,,,,,,,,,,,0.0,,,,,,,,,,,,
2003-09-30,FISV,,,,,,,,,,,,,,,,,,,,,,,,,,,,,,,,,0.0,,,0.1,,,,,,,,,,,,,,,,,,,,,,,,,,,,,,,,,,,,,,,,,,,,,,,,,2003-10-21,,0.1,,post-market,,,,,,,,,,,,,0.0,,,,,,,,,,,,
2003-12-31,FISV,,,,,,,,,,,,,,,,,,,,,,,,,,,,,,,,,0.01,,,0.1,,,,,,,,,,,,,,,,,,,,,,,,,,,,,,,,,,,,,,,,,,,,,,,,,2004-01-27,,0.11,,post-market,,,,,,,,,,,,,10.0,,,,,,,,,,,,
2004-03-31,FISV,,,,,,,,,,,,,,,,,,,,,,,,,,,,,,,,,0.01,,,0.11,,,,,,,,,,,,,,,,,,,,,,,,,,,,,,,,,,,,,,,,,,,,,,,,,2004-04-21,,0.12,,post-market,,,,,,,,,,,,,9.0909,,,,,,,,,,,,
2004-06-30,FISV,,,,,,,,,,,,,,,,,,,,,,,,,,,,,,,,,0.0,,,0.12,,,,,,,,,,,,,,,,,,,,,,,,,,,,,,,,,,,,,,,,,,,,,,,,,2004-07-21,,0.12,,post-market,,,,,,,,,,,,,0.0,,,,,,,,,,,,
2004-09-30,FISV,,,,,,,,,,,,,,,,,,,,,,,,,,,,,,,,,0.0,,,0.12,,,,,,,,,,,,,,,,,,,,,,,,,,,,,,,,,,,,,,,,,,,,,,,,,2004-10-21,,0.12,,post-market,,,,,,,,,,,,,0.0,,,,,,,,,,,,
2004-12-31,FISV,,,,,,,,,,,,,,,,,,,,,,,,,,,,,,,,,0.01,,,0.12,,,,,,,,,,,,,,,,,,,,,,,,,,,,,,,,,,,,,,,,,,,,,,,,,2005-01-27,,0.13,,post-market,,,,,,,,,,,,,8.3333,,,,,,,,,,,,
2005-03-31,FISV,,,,,,,,,,,,,,,,,,,,,,,,,,,,,,,,,0.01,,,0.13,,,,,,,,,,,,,,,,,,,,,,,,,,,,,,,,,,,,,,,,,,,,,,,,,2005-04-21,,0.14,,post-market,,,,,,,,,,,,,7.6923,,,,,,,,,,,,
2005-06-30,FISV,,,,,,,,,,,,,,,,,,,,,,,,,,,,,,,,,0.02,,,0.13,,,,,,,,,,,,,,,,,,,,,,,,,,,,,,,,,,,,,,,,,,,,,,,,,2005-07-21,,0.15,,post-market,,,,,,,,,,,,,15.3846,,,,,,,,,,,,
2005-09-30,FISV,,,,,,,,,,,,,,,,,,,,,,,,,,,,,,,,,0.0,,,0.14,,,,,,,,,,,,,,,,,,,,,,,,,,,,,,,,,,,,,,,,,,,,,,,,,2005-10-20,,0.14,,post-market,,,,,,,,,,,,,0.0,,,,,,,,,,,,
2005-12-31,FISV,,,,,,,,,,,,,,,,,,,,,,,,,,,,,,,,,0.0,,,0.14,,,,,,,,,,,,,,,,,,,,,,,,,,,,,,,,,,,,,,,,,,,,,,,,,2006-01-30,,0.14,,post-market,,,,,,,,,,,,,0.0,,,,,,,,,,,,
2006-03-31,FISV,,,,,,,,,,,,,,,,,,,,,,,,,,,,,,,,,0.01,,,0.15,,,,,,,,,,,,,,,,,,,,,,,,,,,,,,,,,,,,,,,,,,,,,,,,,2006-04-25,,0.16,,post-market,,,,,,,,,,,,,6.6667,,,,,,,,,,,,
2006-06-30,FISV,,,,,,,,,,,,,,,,,,,,,,,,,,,,,,,,,0.01,,,0.15,,,,,,,,,,,,,,,,,,,,,,,,,,,,,,,,,,,,,,,,,,,,,,,,,2006-07-25,,0.16,,post-market,,,,,,,,,,,,,6.6667,,,,,,,,,,,,
2006-09-30,FISV,,,,,,,,,,,,,,,,,,,,,,,,,,,,,,,,,0.0,,,0.16,,,,,,,,,,,,,,,,,,,,,,,,,,,,,,,,,,,,,,,,,,,,,,,,,2006-10-24,,0.16,,post-market,,,,,,,,,,,,,0.0,,,,,,,,,,,,
2006-12-31,FISV,,,,,,,,,,,,,,,,,,,,,,,,,,,,,,,,,0.0,,,0.16,,,,,,,,,,,,,,,,,,,,,,,,,,,,,,,,,,,,,,,,,,,,,,,,,2007-01-31,,0.16,,post-market,,,,,,,,,,,,,0.0,,,,,,,,,,,,
2007-03-31,FISV,,,,,,,,,,,,,,,,,,,,,,,,,,,,,,,,,0.0,,,0.17,,,,,,,,,,,,,,,,,,,,,,,,,,,,,,,,,,,,,,,,,,,,,,,,,2007-04-25,,0.17,,post-market,,,,,,,,,,,,,0.0,,,,,,,,,,,,
2007-06-30,FISV,,,,,,,,,,,,,,,,,,,,,,,,,,,,,,,,,-0.01,,,0.18,,,,,,,,,,,,,,,,,,,,,,,,,,,,,,,,,,,,,,,,,,,,,,,,,2007-07-25,,0.17,,post-market,,,,,,,,,,,,,-5.5556,,,,,,,,,,,,
2007-09-30,FISV,,,,,,,,,,,,,,,,,,,,,,,,,,,,,,,,,0.0,,,0.18,,,,,,,,,,,,,,,,,,,,,,,,,,,,,,,,,,,,,,,,,,,,,,,,,2007-10-24,,0.18,,post-market,,,,,,,,,,,,,0.0,,,,,,,,,,,,
2007-12-31,FISV,,,,,,,,,,,,,,,,,,,,,,,,,,,,,,,,,-0.01,,,0.18,,,,,,,,,,,,,,,,,,,,,,,,,,,,,,,,,,,,,,,,,,,,,,,,,2008-02-06,,0.17,,post-market,,,,,,,,,,,,,-5.5556,,,,,,,,,,,,
2008-03-31,FISV,,,,,,,,,,,,,,,,,,,,,,,,,,,,,,,,,0.01,,,0.19,,,,,,,,,,,,,,,,,,,,,,,,,,,,,,,,,,,,,,,,,,,,,,,,,2008-04-30,,0.2,,post-market,,,,,,,,,,,,,5.2632,,,,,,,,,,,,
2008-06-30,FISV,,,,,,,,,,,,,,,,,,,,,,,,,,,,,,,,,0.01,,,0.2,,,,,,,,,,,,,,,,,,,,,,,,,,,,,,,,,,,,,,,,,,,,,,,,,2008-07-29,,0.21,,post-market,,,,,,,,,,,,,5.0,,,,,,,,,,,,
2008-09-30,FISV,,,,,,,,,,,,,,,,,,,,,,,,,,,,,,,,,-0.01,,,0.21,,,,,,,,,,,,,,,,,,,,,,,,,,,,,,,,,,,,,,,,,,,,,,,,,2008-10-28,,0.2,,post-market,,,,,,,,,,,,,-4.7619,,,,,,,,,,,,
2008-12-31,FISV,,,,,,,,,,,,,,,,,,,,,,,,,,,,,,,,,0.0,,,0.21,,,,,,,,,,,,,,,,,,,,,,,,,,,,,,,,,,,,,,,,,,,,,,,,,2009-02-03,,0.21,,post-market,,,,,,,,,,,,,0.0,,,,,,,,,,,,
2009-03-31,FISV,,,,,,,,,,,,,,,,,,,,,,,,,,,,,,,,,0.01,,,0.21,,,,,,,,,,,,,,,,,,,,,,,,,,,,,,,,,,,,,,,,,,,,,,,,,2009-04-30,,0.22,,post-market,,,,,,,,,,,,,4.7619,,,,,,,,,,,,
2009-06-30,FISV,,,,,,,,,,,,,,,,,,,,,,,,,,,,,,,,,0.01,,,0.22,,,,,,,,,,,,,,,,,,,,,,,,,,,,,,,,,,,,,,,,,,,,,,,,,2009-07-29,,0.23,,post-market,,,,,,,,,,,,,4.5455,,,,,,,,,,,,
2009-09-30,FISV,,,,,,,,,,,,,,,,,,,,,,,,,,,,,,,,,0.0,,,0.23,,,,,,,,,,,,,,,,,,,,,,,,,,,,,,,,,,,,,,,,,,,,,,,,,2009-10-27,,0.23,,post-market,,,,,,,,,,,,,0.0,,,,,,,,,,,,
2009-12-31,FISV,,,,,,,,,,,,,,,,,,,,,,,,,,,,,,,,,0.0,,,0.23,,,,,,,,,,,,,,,,,,,,,,,,,,,,,,,,,,,,,,,,,,,,,,,,,2010-02-03,,0.1907,,pre-market,,,,,,,,,,,,,0.0,,,,,,,,,,,,
2010-03-31,FISV,,,,,,,,,,,,,,,,,,,,,,,,,,,,,,,,,0.0,,,0.24,,,,,,,,,,,,,,,,,,,,,,,,,,,,,,,,,,,,,,,,,,,,,,,,,2010-04-29,,0.24,,post-market,,,,,,,,,,,,,0.0,,,,,,,,,,,,
2010-06-30,FISV,,,,,,,,,,,,,,,,,,,,,,,,,,,,,,,,,0.01,,,0.24,,,,,,,,,,,,,,,,,,,,,,,,,,,,,,,,,,,,,,,,,,,,,,,,,2010-07-27,,0.25,,post-market,,,,,,,,,,,,,4.1667,,,,,,,,,,,,
2010-09-30,FISV,,,,,,,,,,,,,,,,,,,,,,,,,,,,,,,,,0.01,,,0.25,,,,,,,,,,,,,,,,,,,,,,,,,,,,,,,,,,,,,,,,,,,,,,,,,2010-10-26,,0.26,,post-market,,,,,,,,,,,,,4.0,,,,,,,,,,,,
2010-12-31,FISV,,,,,,,,,,,,,,,,,,,,,,,,,,,,,,,,,0.0,,,0.27,,,,,,,,,,,,,,,,,,,,,,,,,,,,,,,,,,,,,,,,,,,,,,,,,2011-02-03,,0.27,,post-market,,,,,,,,,,,,,0.0,,,,,,,,,,,,
2011-03-31,FISV,,,,,,,,,,,,,,,,,,,,,,,,,,,,,,,,,0.0,,,0.26,,,,,,,,,,,,,,,,,,,,,,,,,,,,,,,,,,,,,,,,,,,,,,,,,2011-04-27,,0.26,,post-market,,,,,,,,,,,,,0.0,,,,,,,,,,,,
2011-06-30,FISV,,,,,,,,,,,,,,,,,,,,,,,,,,,,,,,,,0.01,,,0.27,,,,,,,,,,,,,,,,,,,,,,,,,,,,,,,,,,,,,,,,,,,,,,,,,2011-07-26,,0.28,,post-market,,,,,,,,,,,,,3.7037,,,,,,,,,,,,
2011-09-30,FISV,,,,,,,,,,,,,,,,,,,,,,,,,,,,,,,,,0.01,,,0.28,,,,,,,,,,,,,,,,,,,,,,,,,,,,,,,,,,,,,,,,,,,,,,,,,2011-11-01,,0.29,,post-market,,,,,,,,,,,,,3.5714,,,,,,,,,,,,
2011-12-31,FISV,,,,,,,,,,,,,,,,,,,,,,,,,,,,,,,,,0.0,,,0.32,,,,,,,,,,,,,,,,,,,,,,,,,,,,,,,,,,,,,,,,,,,,,,,,,2012-02-02,,0.32,,post-market,,,,,,,,,,,,,0.0,,,,,,,,,,,,
2012-03-31,FISV,,,,,,,,,,,,,,,,,,,,,,,,,,,,,,,,,0.01,,,0.29,,,,,,,,,,,,,,,,,,,,,,,,,,,,,,,,,,,,,,,,,,,,,,,,,2012-05-01,,0.3,,post-market,,,,,,,,,,,,,3.4483,,,,,,,,,,,,
2012-06-30,FISV,,,,,,,,,,,,,,,,,,,,,,,,,,,,,,,,,0.01,,,0.31,,,,,,,,,,,,,,,,,,,,,,,,,,,,,,,,,,,,,,,,,,,,,,,,,2012-07-30,,0.32,,post-market,,,,,,,,,,,,,3.2258,,,,,,,,,,,,
2012-09-30,FISV,,,,,,,,,,,,,,,,,,,,,,,,,,,,,,,,,0.0,,,0.32,,,,,,,,,,,,,,,,,,,,,,,,,,,,,,,,,,,,,,,,,,,,,,,,,2012-10-30,,0.32,,post-market,,,,,,,,,,,,,0.0,,,,,,,,,,,,
2012-12-31,FISV,,,,,,,,,,,,,,,,,,,,,,,,,,,,,,,,,0.0,,,0.35,,,,,,,,,,,,,,,,,,,,,,,,,,,,,,,,,,,,,,,,,,,,,,,,,2013-02-05,,0.35,,post-market,,,,,,,,,,,,,0.0,,,,,,,,,,,,
2013-03-31,FISV,,,,,,,,,,,,,,,,,,,,,,,,,,,,,,,,,-0.01,,,0.34,,,,,,,,,,,,,,,,,,,,,,,,,,,,,,,,,,,,,,,,,,,,,,,,,2013-04-30,,0.33,,post-market,,,,,,,,,,,,,-2.9412,,,,,,,,,,,,
2013-06-30,FISV,,,,,,,,,,,,,,,,,,,,,,,,,,,,,,,,,0.02,,,0.36,,,,,,,,,,,,,,,,,,,,,,,,,,,,,,,,,,,,,,,,,,,,,,,,,2013-07-30,,0.38,,post-market,,,,,,,,,,,,,5.5556,,,,,,,,,,,,
2013-09-30,FISV,,,,,,,,,,,,,,,,,,,,,,,,,,,,,,,,,0.01,,,0.38,,,,,,,,,,,,,,,,,,,,,,,,,,,,,,,,,,,,,,,,,,,,,,,,,2013-10-29,,0.39,,post-market,,,,,,,,,,,,,2.6316,,,,,,,,,,,,
2013-12-31,FISV,,,,,,,,,,,,,,,,,,,,,,,,,,,,,,,,,0.0,,,0.4,,,,,,,,,,,,,,,,,,,,,,,,,,,,,,,,,,,,,,,,,,,,,,,,,2014-02-05,,0.4,,post-market,,,,,,,,,,,,,0.0,,,,,,,,,,,,
2014-03-31,FISV,,,,,,,,,,,,,,,,,,,,,,,,,,,,,,,,,0.04,,,0.37,,,,,,,,,,,,,,,,,,,,,,,,,,,,,,,,,,,,,,,,,,,,,,,,,2014-04-29,,0.41,,post-market,,,,,,,,,,,,,10.8108,,,,,,,,,,,,
2014-06-30,FISV,,,,,,,,,,,,,,,,,,,,,,,,,,,,,,,,,0.01,,,0.4,,,,,,,,,,,,,,,,,,,,,,,,,,,,,,,,,,,,,,,,,,,,,,,,,2014-07-29,,0.41,,post-market,,,,,,,,,,,,,2.5,,,,,,,,,,,,
2014-09-30,FISV,,,,,,,,,,,,,,,,,,,,,,,,,,,,,,,,,0.01,,,0.42,,,,,,,,,,,,,,,,,,,,,,,,,,,,,,,,,,,,,,,,,,,,,,,,,2014-10-28,,0.43,,post-market,,,,,,,,,,,,,2.381,,,,,,,,,,,,
2014-12-31,FISV,,,,,,,,,,,,,,,,,,,,,,,,,,,,,,,,,0.01,,,0.44,,,,,,,,,,,,,,,,,,,,,,,,,,,,,,,,,,,,,,,,,,,,,,,,,2015-02-03,,0.45,,post-market,,,,,,,,,,,,,2.2727,,,,,,,,,,,,
2015-03-31,FISV,,,,,,,,,,,,,,,,,,,,,,,,,,,,,,,,,0.02,,,0.43,,,,,,,,,,,,,,,,,,,,,,,,,,,,,,,,,,,,,,,,,,,,,,,,,2015-05-05,,0.45,,post-market,,,,,,,,,,,,,4.6512,,,,,,,,,,,,
2015-06-30,FISV,,,,,,,,,,,,,,,,,,,,,,,,,,,,,,,,,0.01,,,0.47,,,,,,,,,,,,,,,,,,,,,,,,,,,,,,,,,,,,,,,,,,,,,,,,,2015-07-29,,0.48,,post-market,,,,,,,,,,,,,2.1277,,,,,,,,,,,,
2015-09-30,FISV,,,,,,,,,,,,,,,,,,,,,,,,,,,,,,,,,0.03,,,0.49,,,,,,,,,,,,,,,,,,,,,,,,,,,,,,,,,,,,,,,,,,,,,,,,,2015-10-27,,0.52,,post-market,,,,,,,,,,,,,6.1224,,,,,,,,,,,,
2015-12-31,FISV,,,,,,,,,,,,,,,,,,,,,,,,,,,,,,,,,0.0,,,0.5,,,,,,,,,,,,,,,,,,,,,,,,,,,,,,,,,,,,,,,,,,,,,,,,,2016-02-02,,0.5,,post-market,,,,,,,,,,,,,0.0,,,,,,,,,,,,
2016-03-31,FISV,,,,,,,,,,,,,,,,,,,,,,,,,,,,,,,,,0.02,,,0.51,,,,,,,,,,,,,,,,,,,,,,,,,,,,,,,,,,,,,,,,,,,,,,,,,2016-05-05,,0.53,,post-market,,,,,,,,,,,,,3.9216,,,,,,,,,,,,
2016-06-30,FISV,,,,,,,,,,,,,,,,,,,,,,,,,,,,,,,,,0.0,,,0.54,,,,,,,,,,,,,,,,,,,,,,,,,,,,,,,,,,,,,,,,,,,,,,,,,2016-08-02,,0.54,,post-market,,,,,,,,,,,,,0.0,,,,,,,,,,,,
2016-09-30,FISV,,,,,,,,,,,,,,,,,,,,,,,,,,,,,,,,,0.0,,,0.57,,,,,,,,,,,,,,,,,,,,,,,,,,,,,,,,,,,,,,,,,,,,,,,,,2016-10-26,,0.57,,post-market,,,,,,,,,,,,,0.0,,,,,,,,,,,,
2016-12-31,FISV,,,,,,,,,,,,,,,,,,,,,,,,,,,,,,,,,0.0,,,0.58,,,,,,,,,,,,,,,,,,,,,,,,,,,,,,,,,,,,,,,,,,,,,,,,,2017-02-08,,0.58,,post-market,,,,,,,,,,,,,0.0,,,,,,,,,,,,
2017-03-31,FISV,,,,,,,,,,,,,,,,,,,,,,,,,,,,,,,,,0.03,,,0.6,,,,,,,,,,,,,,,,,,,,,,,,,,,,,,,,,,,,,,,,,,,,,,,,,2017-04-26,,0.63,,post-market,,,,,,,,,,,,,5.0,,,,,,,,,,,,
2017-06-30,FISV,,,,,,,,,,,,,,,,,,,,,,,,,,,,,,,,,-0.02,,,0.62,,,,,,,,,,,,,,,,,,,,,,,,,,,,,,,,,,,,,,,,,,,,,,,,,2017-08-01,,0.6,,post-market,,,,,,,,,,,,,-3.2258,,,,,,,,,,,,
2017-09-30,FISV,,,,,,,,,,,,,,,,,,,,,,,,,,,,,,,,,-0.01,,,0.65,,,,,,,,,,,,,,,,,,,,,,,,,,,,,,,,,,,,,,,,,,,,,,,,,2017-10-31,,0.64,,post-market,,,,,,,,,,,,,-1.5385,,,,,,,,,,,,
2017-12-31,FISV,,,,,,,,,,,,,,,,,,,,,,,,,,,,,,,,,0.02,,,0.69,,,,,,,,,,,,,,,,,,,,,,,,,,,,,,,,,,,,,,,,,,,,,,,,,2018-02-07,,0.71,,post-market,,,,,,,,,,,,,2.8986,,,,,,,,,,,,
2018-03-31,FISV,,,,,,,,,,,,,,,,,,,,,,,,,,,,,,,,,0.03,,,0.73,,,,,,,,,,,,,,,,,,,,,,,,,,,,,,,,,,,,,,,,,,,,,,,,,2018-05-01,,0.76,,post-market,,,,,,,,,,,,,4.1096,,,,,,,,,,,,
2018-06-30,FISV,,,,,,,,,,,,,,,,,,,,,,,,,,,,,,,,,0.01,,,0.74,,,,,,,,,,,,,,,,,,,,,,,,,,,,,,,,,,,,,,,,,,,,,,,,,2018-07-31,,0.75,,post-market,,,,,,,,,,,,,1.3514,,,,,,,,,,,,
2018-09-30,FISV,,,,,,,,,,,,,,,,,,,,,,,,,,,,,,,,,-0.02,,,0.77,,,,,,,,,,,,,,,,,,,,,,,,,,,,,,,,,,,,,,,,,,,,,,,,,2018-10-31,,0.75,,post-market,,,,,,,,,,,,,-2.5974,,,,,,,,,,,,
2018-12-31,FISV,,,,,,,,,,,,,,,,,,,,,,,,,,,,,,,,,-0.01,,,0.85,,,,,,,,,,,,,,,,,,,,,,,,,,,,,,,,,,,,,,,,,,,,,,,,,2019-02-07,,0.84,,post-market,,,,,,,,,,,,,-1.1765,,,,,,,,,,,,
2019-03-31,FISV,,,,,,,,,,,,,,,,,,,,,,,,,,,,,,,,,0.02,,,0.82,,,,,,,,,,,,,,,,,,,,,,,,,,,,,,,,,,,,,,,,,,,,,,,,,2019-04-30,,0.84,,post-market,,,,,,,,,,,,,2.439,,,,,,,,,,,,
2019-06-30,FISV,,,,,,,,,,,,,,,,,,,,,,,,,,,,,,,,,0.01,,,0.81,,,,,,,,,,,,,,,,,,,,,,,,,,,,,,,,,,,,,,,,,,,,,,,,,2019-07-25,,0.82,,post-market,,,,,,,,,,,,,1.2346,,,,,,,,,,,,
2019-09-30,FISV,,,,,,,,,,,,,,,,,,,,,,,,,,,,,,,,,0.03,,,0.99,,,,,,,,,,,,,,,,,,,,,,,,,,,,,,,,,,,,,,,,,,,,,,,,,2019-11-06,,1.02,,post-market,,,,,,,,,,,,,3.0303,,,,,,,,,,,,
2019-12-31,FISV,,,,,,,,,,,,,,,,,,,,,,,,,,,,,,,,,-0.01,,,1.14,,,,,,,,,,,,,,,,,,,,,,,,,,,,,,,,,,,,,,,,,,,,,,,,,2020-02-04,,1.13,,post-market,,,,,,,,,,,,,-0.8772,,,,,,,,,,,,
2020-03-31,FISV,,,,,,,,,,,,,,,,,,,,,,,,,,,,,,,,,0.0,,,0.99,,,,,,,,,,,,,,,,,,,,,,,,,,,,,,,,,,,,,,,,,,,,,,,,,2020-05-07,,0.99,,post-market,,,,,,,,,,,,,0.0,,,,,,,,,,,,
2020-06-30,FISV,,,,,,,,,,,,,,,,,,,,,,,,,,,,,,,,,0.0,,,0.93,,,,,,,,,,,,,,,,,,,,,,,,,,,,,,,,,,,,,,,,,,,,,,,,,2020-08-05,,0.93,,post-market,,,,,,,,,,,,,0.0,,,,,,,,,,,,
2020-09-30,FISV,,,,,,,,,,,,,,,,,,,,,,,,,,,,,,,,,0.04,,,1.16,,,,,,,,,,,,,,,,,,,,,,,,,,,,,,,,,,,,,,,,,,,,,,,,,2020-10-27,,1.2,,post-market,,,,,,,,,,,,,3.4483,,,,,,,,,,,,
2020-12-31,FISV,,,,,,,,,,,,,,,,,,,,,,,,,,,,,,,,,0.01,,,1.29,,,,,,,,,,,,,,,,,,,,,,,,,,,,,,,,,,,,,,,,,,,,,,,,,2021-02-09,,1.3,,post-market,,,,,,,,,,,,,0.7752,,,,,,,,,,,,
2021-03-31,FISV,,,,,,,,,,,,,,,,,,,,,,,,,,,,,,,,,0.04,,,1.13,,,,,,,,,,,,,,,,,,,,,,,,,,,,,,,,,,,,,,,,,,,,,,,,,2021-04-27,,1.17,,pre-market,,,,,,,,,,,,,3.5398,,,,,,,,,,,,
2021-06-30,FISV,,,,,,,,,,,,,,,,,,,,,,,,,,,,,,,,,0.09,,,1.28,,,,,,,,,,,,,,,,,,,,,,,,,,,,,,,,,,,,,,,,,,,,,,,,,2021-07-27,,1.37,,pre-market,,,,,,,,,,,,,7.0313,,,,,,,,,,,,
2021-09-30,FISV,,,,,,,,,,,,,,,,,,,,,,,,,,,,,,,,,0.02,,,1.45,,,,,,,,,,,,,,,,,,,,,,,,,,,,,,,,,,,,,,,,,,,,,,,,,2021-10-27,,1.47,,pre-market,,,,,,,,,,,,,1.3793,,,,,,,,,,,,
2021-12-31,FISV,,,,,,,,,,,,,,,,,,,,,,,,,,,,,,,,,0.01,,,1.56,,,,,,,,,,,,,,,,,,,,,,,,,,,,,,,,,,,,,,,,,,,,,,,,,2022-02-08,,1.57,,pre-market,,,,,,,,,,,,,0.641,,,,,,,,,,,,
2022-03-31,FISV,,,,,,,,,,,,,,,,,,,,,,,,,,,,,,,,,0.05,,,1.35,,,,,,,,,,,,,,,,,,,,,,,,,,,,,,,,,,,,,,,,,,,,,,,,,2022-04-27,,1.4,,pre-market,,,,,,,,,,,,,3.7037,,,,,,,,,,,,
2022-06-30,FISV,,,,,,,,,,,,,,,,,,,,,,,,,,,,,,,,,0.01,,,1.55,,,,,,,,,,,,,,,,,,,,,,,,,,,,,,,,,,,,,,,,,,,,,,,,,2022-07-26,,1.56,,pre-market,,,,,,,,,,,,,0.6452,,,,,,,,,,,,
2022-09-30,FISV,,,,,,,,,,,,,,,,,,,,,,,,,,,,,,,,,-0.06,,,1.69,,,,,,,,,,,,,,,,,,,,,,,,,,,,,,,,,,,,,,,,,,,,,,,,,2022-10-27,,1.63,,pre-market,,,,,,,,,,,,,-3.5503,,,,,,,,,,,,
2022-12-31,FISV,,,,,,,,,,,,,,,,,,,,,,,,,,,,,,,,,0.0,,,1.91,,,,,,,,,,,,,,,,,,,,,,,,,,,,,,,,,,,,,,,,,,,,,,,,,2023-02-07,,1.91,,pre-market,,,,,,,,,,,,,0.0,,,,,,,,,,,,
2023-03-31,FISV,,,,,,,,,,,,,,,,,,,,,,,,,,,,,,,,,0.02,,,1.56,,,,,,,,,,,,,,,,,,,,,,,,,,,,,,,,,,,,,,,,,,,,,,,,,2023-04-25,,1.58,,pre-market,,,,,,,,,,,,,1.2821,,,,,,,,,,,,
2023-06-30,FISV,,,,,,,,,,,,,,,,,,,,,,,,,,,,,,,,,0.02,,,1.79,,,,,,,,,,,,,,,,,,,,,,,,,,,,,,,,,,,,,,,,,,,,,,,,,2023-07-26,,1.81,,pre-market,,,,,,,,,,,,,1.1173,,,,,,,,,,,,
2023-09-30,FISV,,,,,,,,,,,,,,,,,,,,,,,,,,,,,,,,,0.03,,,1.93,,,,,,,,,,,,,,,,,,,,,,,,,,,,,,,,,,,,,,,,,,,,,,,,,2023-10-24,,1.96,,pre-market,,,,,,,,,,,,,1.5544,,,,,,,,,,,,
2023-12-31,FISV,,,,,,,,,,,,,,,,,,,,,,,,,,,,,,,,,0.04,,,2.15,,,,,,,,,,,,,,,,,,,,,,,,,,,,,,,,,,,,,,,,,,,,,,,,,2024-02-06,,2.19,,pre-market,,,,,,,,,,,,,1.8605,,,,,,,,,,,,
2024-03-31,FISV,,,,,,,,,,,,,,,,,,,,,,,,,,,,,,,,,0.09,,,1.79,,,,,,,,,,,,,,,,,,,,,,,,,,,,,,,,,,,,,,,,,,,,,,,,,2024-04-23,,1.88,,pre-market,,,,,,,,,,,,,5.0279,,,,,,,,,,,,
2024-06-30,FISV,,,,,,,,,,,,,,,,,,,,,,,,,,,,,,,,,0.03,,,2.1,,,,,,,,,,,,,,,,,,,,,,,,,,,,,,,,,,,,,,,,,,,,,,,,,2024-07-24,,2.13,,pre-market,,,,,,,,,,,,,1.4286,,,,,,,,,,,,
2024-09-30,FISV,,,,,,,,,,,,,,,,,,,,,,,,,,,,,,,,,0.04,,,2.26,,,,,,,,,,,,,,,,,,,,,,,,,,,,,,,,,,,,,,,,,,,,,,,,,2024-10-22,,2.3,,pre-market,,,,,,,,,,,,,1.7699,,,,,,,,,,,,
2024-12-31,FISV,,,,,,,,,,,,,,,,,,,,,,,,,,,,,,,,,0.03,,,2.48,,,,,,,,,,,,,,,,,,,,,,,,,,,,,,,,,,,,,,,,,,,,,,,,,2025-02-05,,2.51,,pre-market,,,,,,,,,,,,,1.2097,,,,,,,,,,,,
2025-03-31,FISV,,,,,,,,,,,,,,,,,,,,,,,,,,,,,,,,,0.06,,,2.08,,,,,,,,,,,,,,,,,,,,,,,,,,,,,,,,,,,,,,,,,,,,,,,,,2025-04-24,,2.14,,pre-market,,,,,,,,,,,,,2.8846,,,,,,,,,,,,
2025-06-30,FISV,,,,,,,,,,,,,,,,,,,,,,,,,,,,,,,,,0.04,,,2.43,,,,,,,,,,,,,,,,,,,,,,,,,,,,,,,,,,,,,,,,,,,,,,,,,2025-07-23,,2.47,,pre-market,,,,,,,,,,,,,1.6461,,,,,,,,,,,,
2025-09-30,FISV,,,,,,,,,,,,,,,,,,,,,,,,,,,,,,,,,-0.61,,,2.65,,,,,,,,,,,,,,,,,,,,,,,,,,,,,,,,,,,,,,,,,,,,,,,,,2025-10-29,,2.04,,pre-market,,,,,,,,,,,,,-23.0189,,,,,,,,,,,,
2025-12-28,FISV,0.0,9.4,,,,,,,,,,,,,,,,,,,,,,,,,,,,,,0.0,-0.61,,,2.65,,7.04,,0.0,,,,,,,,,,,,,,,,,,,0.0,,,,,,,,,,,,,0.52,1.28,1.575,,,,,,,,0.0,,,2025-10-29,,2.04,,pre-market,,,0.0,0.0,0.0,0.0,,,,,162.38,107.12,-23.0189,,,,,,,,,9.4,,238.59,59.56
2025-12-28,FISV,0.0,9.4,,,,,,,,,,,,,,,,None,2165000000,2165000000,,,,,,None,541000000,,,,,0.0,-0.61,1394000000,1935000000,2.65,2025-09-30,7.04,,0.0,3098000000,972000000,173000000,,,None,422000000,10000000,,None,,,,,792000000,799000000,-422000000,None,0.0,,1662000000,1436000000,,,,,None,,,,,0.52,1.28,1.575,,,,,,,,0.0,,,2025-10-29,quarterly,2.04,USD,pre-market,None,,0.0,0.0,0.0,0.0,1762000000,,,,162.38,107.12,-23.0189,,,,,,,5263000000,,9.4,,238.59,59.56
2025-12-28,FISV,0.0,9.4,,,,,,,,,,,,,,,,None,2106000000,2106000000,,,,,,None,824000000,,,,,0.0,-0.61,1657000000,2481000000,2.65,2025-06-30,7.04,,0.0,3410000000,1276000000,246000000,,,None,376000000,11000000,,None,,,,,1026000000,1030000000,-365000000,None,0.0,,1714000000,1696000000,,,,,None,,,,,0.52,1.28,1.575,,,,,,,,0.0,,,2025-10-29,quarterly,2.04,USD,pre-market,None,,0.0,0.0,0.0,0.0,1711000000,,,,162.38,107.12,-23.0189,,,,,,,5516000000,,9.4,,238.59,59.56
2025-12-28,FISV,0.0,9.4,,,,,,,,,,,,,,,,None,2073000000,2073000000,,,,,,None,768000000,,,,,0.0,-0.61,1385000000,2153000000,2.65,2025-03-31,7.04,,0.0,3057000000,1038000000,190000000,,,None,339000000,8000000,,None,,,,,851000000,848000000,-331000000,None,0.0,,1662000000,1395000000,,,,,None,,,,,0.52,1.28,1.575,,,,,,,,0.0,,,2025-10-29,quarterly,2.04,USD,pre-market,None,,0.0,0.0,0.0,0.0,1682000000,,,,162.38,107.12,-23.0189,,,,,,,5130000000,,9.4,,238.59,59.56
2025-12-28,FISV,0.0,9.4,,,,,,,,,,,,,,,,None,2019000000,2019000000,,,,,,None,758000000,,,,,0.0,-0.61,1518000000,2276000000,2.65,2024-12-31,7.04,,0.0,3232000000,1141000000,193000000,,,None,334000000,11000000,,None,,,,,938000000,948000000,-323000000,None,0.0,,1564000000,1668000000,,,,,None,,,,,0.52,1.28,1.575,,,,,,,,0.0,,,2025-10-29,quarterly,2.04,USD,pre-market,None,,0.0,0.0,0.0,0.0,1564000000,,,,162.38,107.12,-23.0189,,,,,,,5251000000,,9.4,,238.59,59.56
2025-12-28,FISV,0.0,9.4,,,,,,,,,,,,,,,,None,2007000000,2007000000,,,,,,None,778000000,,,,,0.0,-0.61,1610000000,2388000000,2.65,2024-09-30,7.04,,0.0,3208000000,645000000,74000000,,,None,339000000,13000000,,None,,,,,564000000,571000000,-326000000,None,0.0,,1606000000,1602000000,,,,,None,,,,,0.52,1.28,1.575,,,,,,,,0.0,,,2025-10-29,quarterly,2.04,USD,pre-market,None,,0.0,0.0,0.0,0.0,1606000000,,,,162.38,107.12,-23.0189,,,,,,,5215000000,,9.4,,238.59,59.56
2025-12-28,FISV,0.0,9.4,,,,,,,,,,,,,,,,None,1982000000,1982000000,,,,,,None,785000000,,,,,0.0,-0.61,1432000000,2217000000,2.65,2024-06-30,7.04,,0.0,3125000000,1130000000,221000000,,,None,294000000,None,,None,,,,,894000000,None,None,None,0.0,,1697000000,1428000000,,,,,None,,,,,0.52,1.28,1.575,,,,,,,,0.0,,,2025-10-29,quarterly,2.04,None,pre-market,None,,0.0,0.0,0.0,0.0,None,,,,162.38,107.12,-23.0189,,,,,,,5107000000,,9.4,,238.59,59.56
2025-12-28,FISV,0.0,9.4,,,,,,,,,,,,,,,,None,2005000000,2005000000,,,,,,None,774000000,,,,,0.0,-0.61,1184000000,1958000000,2.65,2024-03-31,7.04,,0.0,2878000000,905000000,153000000,,,None,271000000,None,,None,,,,,735000000,None,None,None,0.0,,1697000000,1181000000,,,,,None,,,,,0.52,1.28,1.575,,,,,,,,0.0,,,2025-10-29,quarterly,2.04,None,pre-market,None,,0.0,0.0,0.0,0.0,None,,,,162.38,107.12,-23.0189,,,,,,,4883000000,,9.4,,238.59,59.56
2025-12-28,FISV,0.0,9.4,,,,,,,,,,,,,,,,None,1842000000,1842000000,,,,,,None,767000000,,,,,0.0,-0.61,1392000000,2159000000,2.65,2023-12-31,7.04,,0.0,3075000000,1099000000,210000000,,,None,289000000,None,,None,,,,,870000000,None,None,None,0.0,,1629000000,1446000000,,,,,None,,,,,0.52,1.28,1.575,,,,,,,,0.0,,,2025-10-29,quarterly,2.04,None,pre-market,None,,0.0,0.0,0.0,0.0,None,,,,162.38,107.12,-23.0189,,,,,,,4917000000,,9.4,,238.59,59.56
2025-12-28,FISV,0.0,9.4,,,,,,,,,,,,,,,,None,1894000000,1894000000,,,,,,None,769000000,,,,,0.0,-0.61,1478000000,2247000000,2.65,2023-09-30,7.04,,0.0,2979000000,1208000000,239000000,,,None,268000000,None,,None,,,,,952000000,None,None,None,0.0,,1476000000,1503000000,,,,,None,,,,,0.52,1.28,1.575,,,,,,,,0.0,,,2025-10-29,quarterly,2.04,None,pre-market,None,,0.0,0.0,0.0,0.0,None,,,,162.38,107.12,-23.0189,,,,,,,4873000000,,9.4,,238.59,59.56
2025-12-28,FISV,0.0,9.4,,,,,,,,,,,,,,,,None,1929000000,1929000000,,,,,,None,800000000,,,,,0.0,-0.61,1110000000,1910000000,2.65,2023-06-30,7.04,,0.0,2827000000,876000000,181000000,,,None,237000000,None,,None,,,,,683000000,None,None,None,0.0,,1696000000,1131000000,,,,,None,,,,,0.52,1.28,1.575,,,,,,,,0.0,,,2025-10-29,quarterly,2.04,None,pre-market,None,,0.0,0.0,0.0,0.0,None,,,,162.38,107.12,-23.0189,,,,,,,4756000000,,9.4,,238.59,59.56
2025-12-28,FISV,0.0,9.4,,,,,,,,,,,,,,,,None,2005000000,2005000000,,,,,,None,785000000,,,,,0.0,-0.61,922000000,1707000000,2.65,2023-03-31,7.04,,0.0,2542000000,700000000,124000000,,,None,210000000,None,,None,,,,,563000000,None,None,None,0.0,,1608000000,934000000,,,,,None,,,,,0.52,1.28,1.575,,,,,,,,0.0,,,2025-10-29,quarterly,2.04,None,pre-market,None,,0.0,0.0,0.0,0.0,None,,,,162.38,107.12,-23.0189,,,,,,,4547000000,,9.4,,238.59,59.56
2025-12-28,FISV,0.0,9.4,,,,,,,,,,,,,,,,None,1980000000,1980000000,,,,,,None,771000000,,,,,0.0,-0.61,1173000000,1944000000,2.65,2022-12-31,7.04,,0.0,2651000000,967000000,169000000,,,None,204000000,None,,None,,,,,782000000,None,None,None,0.0,,1472000000,1179000000,,,,,None,,,,,0.52,1.28,1.575,,,,,,,,0.0,,,2025-10-29,quarterly,2.04,None,pre-market,None,,0.0,0.0,0.0,0.0,None,,,,162.38,107.12,-23.0189,,,,,,,4631000000,,9.4,,238.59,59.56
2025-12-28,FISV,0.0,9.4,,,,,,,,,,,,,,,,None,1996000000,1996000000,,,,,,None,790000000,,,,,0.0,-0.61,845000000,1635000000,2.65,2022-09-30,7.04,,0.0,2522000000,640000000,147000000,,,None,193000000,None,,None,,,,,481000000,None,None,None,0.0,,1667000000,855000000,,,,,None,,,,,0.52,1.28,1.575,,,,,,,,0.0,,,2025-10-29,quarterly,2.04,None,pre-market,None,,0.0,0.0,0.0,0.0,None,,,,162.38,107.12,-23.0189,,,,,,,4518000000,,9.4,,238.59,59.56
2025-12-28,FISV,0.0,9.4,,,,,,,,,,,,,,,,None,2044000000,2044000000,,,,,,None,809000000,,,,,0.0,-0.61,794000000,1603000000,2.65,2022-06-30,7.04,,0.0,2406000000,746000000,137000000,,,None,176000000,None,,None,,,,,598000000,None,None,None,0.0,,1546000000,860000000,,,,,None,,,,,0.52,1.28,1.575,,,,,,,,0.0,,,2025-10-29,quarterly,2.04,None,pre-market,None,,0.0,0.0,0.0,0.0,None,,,,162.38,107.12,-23.0189,,,,,,,4450000000,,9.4,,238.59,59.56
2025-12-28,FISV,0.0,9.4,,,,,,,,,,,,,,,,None,1972000000,1972000000,,,,,,None,799000000,,,,,0.0,-0.61,845000000,1644000000,2.65,2022-03-31,7.04,,0.0,2166000000,780000000,98000000,,,None,171000000,None,,None,,,,,669000000,None,None,None,0.0,,1320000000,846000000,,,,,None,,,,,0.52,1.28,1.575,,,,,,,,0.0,,,2025-10-29,quarterly,2.04,None,pre-market,None,,0.0,0.0,0.0,0.0,None,,,,162.38,107.12,-23.0189,,,,,,,4138000000,,9.4,,238.59,59.56
2025-12-28,FISV,0.0,9.4,,,,,,,,,,,,,,,,None,2203000000,2203000000,,,,,,None,781000000,,,,,0.0,-0.61,568000000,1349000000,2.65,2021-12-31,7.04,,0.0,2054000000,418000000,63000000,,,None,170000000,None,,None,,,,,333000000,None,None,None,0.0,,1521000000,533000000,,,,,None,,,,,0.52,1.28,1.575,,,,,,,,0.0,,,2025-10-29,quarterly,2.04,None,pre-market,None,,0.0,0.0,0.0,0.0,None,,,,162.38,107.12,-23.0189,,,,,,,4257000000,,9.4,,238.59,59.56
2025-12-28,FISV,0.0,9.4,,,,,,,,,,,,,,,,None,2051000000,2051000000,,,,,,None,805000000,,,,,0.0,-0.61,651000000,1456000000,2.65,2021-09-30,7.04,,0.0,2112000000,500000000,54000000,,,None,173000000,None,,None,,,,,428000000,None,None,None,0.0,,1476000000,636000000,,,,,None,,,,,0.52,1.28,1.575,,,,,,,,0.0,,,2025-10-29,quarterly,2.04,None,pre-market,None,,0.0,0.0,0.0,0.0,None,,,,162.38,107.12,-23.0189,,,,,,,4163000000,,9.4,,238.59,59.56
2025-12-28,FISV,0.0,9.4,,,,,,,,,,,,,,,,None,1967000000,1967000000,,,,,,None,813000000,,,,,0.0,-0.61,646000000,1459000000,2.65,2021-06-30,7.04,,0.0,2084000000,512000000,228000000,,,None,176000000,None,,None,,,,,269000000,None,None,None,0.0,,1440000000,644000000,,,,,None,,,,,0.52,1.28,1.575,,,,,,,,0.0,,,2025-10-29,quarterly,2.04,None,pre-market,None,,0.0,0.0,0.0,0.0,None,,,,162.38,107.12,-23.0189,,,,,,,4051000000,,9.4,,238.59,59.56
2025-12-28,FISV,0.0,9.4,,,,,,,,,,,,,,,,None,1907000000,1907000000,,,,,,None,797000000,,,,,0.0,-0.61,497000000,1294000000,2.65,2021-03-31,7.04,,0.0,1848000000,336000000,18000000,,,None,177000000,None,,None,,,,,304000000,None,None,None,0.0,,1373000000,475000000,,,,,None,,,,,0.52,1.28,1.575,,,,,,,,0.0,,,2025-10-29,quarterly,2.04,None,pre-market,None,,0.0,0.0,0.0,0.0,None,,,,162.38,107.12,-23.0189,,,,,,,3755000000,,9.4,,238.59,59.56
2025-12-28,FISV,0.0,9.4,,,,,,,,,,,,,,,,None,1857000000,1857000000,,,,,,None,774000000,,,,,0.0,-0.61,510000000,1284000000,2.65,2020-12-31,7.04,,0.0,1975000000,333000000,20000000,,,None,174000000,None,,None,,,,,300000000,None,None,None,0.0,,1459000000,516000000,,,,,None,,,,,0.52,1.28,1.575,,,,,,,,0.0,,,2025-10-29,quarterly,2.04,None,pre-market,None,,0.0,0.0,0.0,0.0,None,,,,162.38,107.12,-23.0189,,,,,,,3832000000,,9.4,,238.59,59.56
2025-12-28,FISV,0.0,9.4,,,,,,,,,,,,,,,,None,1868000000,1868000000,,,,,,None,787000000,,,,,0.0,-0.61,557000000,1344000000,2.65,2020-09-30,7.04,,0.0,1918000000,400000000,124000000,,,None,176000000,None,,None,,,,,264000000,None,None,None,0.0,,1376000000,542000000,,,,,None,,,,,0.52,1.28,1.575,,,,,,,,0.0,,,2025-10-29,quarterly,2.04,None,pre-market,None,,0.0,0.0,0.0,0.0,None,,,,162.38,107.12,-23.0189,,,,,,,3786000000,,9.4,,238.59,59.56
2025-12-28,FISV,0.0,9.4,,,,,,,,,,,,,,,,None,1920000000,1920000000,,,,,,None,817000000,,,,,0.0,-0.61,168000000,985000000,2.65,2020-06-30,7.04,,0.0,1545000000,-18000000,-27000000,,,None,176000000,None,,None,,,,,2000000,None,None,None,0.0,,1380000000,165000000,,,,,None,,,,,0.52,1.28,1.575,,,,,,,,0.0,,,2025-10-29,quarterly,2.04,None,pre-market,None,,0.0,0.0,0.0,0.0,None,,,,162.38,107.12,-23.0189,,,,,,,3465000000,,9.4,,238.59,59.56
2025-12-28,FISV,0.0,9.4,,,,,,,,,,,,,,,,None,2167000000,2167000000,,,,,,None,832000000,,,,,0.0,-0.61,651000000,1483000000,2.65,2020-03-31,7.04,,0.0,1602000000,456000000,79000000,,,None,189000000,None,,None,,,,,392000000,None,None,None,0.0,,973000000,629000000,,,,,None,,,,,0.52,1.28,1.575,,,,,,,,0.0,,,2025-10-29,quarterly,2.04,None,pre-market,None,,0.0,0.0,0.0,0.0,None,,,,162.38,107.12,-23.0189,,,,,,,3769000000,,9.4,,238.59,59.56
2025-12-28,FISV,0.0,9.4,,,,,,,,,,,,,,,,None,2109000000,2109000000,,,,,,None,789000000,,,,,0.0,-0.61,472000000,1261000000,2.65,2019-12-31,7.04,,0.0,1936000000,295000000,54000000,,,None,194000000,None,,None,,,,,247000000,None,None,None,0.0,,1458000000,478000000,,,,,None,,,,,0.52,1.28,1.575,,,,,,,,0.0,,,2025-10-29,quarterly,2.04,None,pre-market,None,,0.0,0.0,0.0,0.0,None,,,,162.38,107.12,-23.0189,,,,,,,4045000000,,9.4,,238.59,59.56
2025-12-28,FISV,0.0,9.4,,,,,,,,,,,,,,,,None,1617000000,1617000000,,,,,,None,571000000,,,,,0.0,-0.61,420000000,991000000,2.65,2019-09-30,7.04,,0.0,1511000000,278000000,53000000,,,None,164000000,None,,None,,,,,198000000,None,None,None,0.0,,1137000000,374000000,,,,,None,,,,,0.52,1.28,1.575,,,,,,,,0.0,,,2025-10-29,quarterly,2.04,None,pre-market,None,,0.0,0.0,0.0,0.0,None,,,,162.38,107.12,-23.0189,,,,,,,3128000000,,9.4,,238.59,59.56
2025-12-28,FISV,0.0,9.4,,,,,,,,,,,,,,,,None,785000000,785000000,,,,,,None,146000000,,,,,0.0,-0.61,349000000,495000000,2.65,2019-06-30,7.04,,0.0,727000000,283000000,60000000,,,None,58000000,None,,None,,,,,223000000,None,None,None,0.0,,343000000,384000000,,,,,None,,,,,0.52,1.28,1.575,,,,,,,,0.0,,,2025-10-29,quarterly,2.04,None,pre-market,None,,0.0,0.0,0.0,0.0,None,,,,162.38,107.12,-23.0189,,,,,,,1512000000,,9.4,,238.59,59.56
2025-12-28,FISV,0.0,9.4,,,,,,,,,,,,,,,,None,798000000,798000000,,,,,,None,145000000,,,,,0.0,-0.61,315000000,460000000,2.65,2019-03-31,7.04,,0.0,704000000,256000000,31000000,,,None,57000000,None,,None,,,,,225000000,None,None,None,0.0,,331000000,373000000,,,,,None,,,,,0.52,1.28,1.575,,,,,,,,0.0,,,2025-10-29,quarterly,2.04,None,pre-market,None,,0.0,0.0,0.0,0.0,None,,,,162.38,107.12,-23.0189,,,,,,,1502000000,,9.4,,238.59,59.56
2025-12-28,FISV,0.0,9.4,,,,,,,,,,,,,,,,None,822000000,822000000,,,,,,None,150000000,,,,,0.0,-0.61,428000000,578000000,2.65,2018-12-31,7.04,,0.0,729000000,374000000,88000000,,,None,56000000,None,,None,,,,,286000000,None,None,None,0.0,,298000000,431000000,,,,,None,,,,,0.52,1.28,1.575,,,,,,,,0.0,,,2025-10-29,quarterly,2.04,None,pre-market,None,,0.0,0.0,0.0,0.0,None,,,,162.38,107.12,-23.0189,,,,,,,1551000000,,9.4,,238.59,59.56
2025-12-28,FISV,0.0,9.4,,,,,,,,,,,,,,,,None,749000000,749000000,,,,,,None,134000000,,,,,0.0,-0.61,349000000,483000000,2.65,2018-09-30,7.04,,0.0,663000000,305000000,78000000,,,None,45000000,None,,None,,,,,227000000,None,None,None,0.0,,307000000,356000000,,,,,None,,,,,0.52,1.28,1.575,,,,,,,,0.0,,,2025-10-29,quarterly,2.04,None,pre-market,None,,0.0,0.0,0.0,0.0,None,,,,162.38,107.12,-23.0189,,,,,,,1412000000,,9.4,,238.59,59.56
2025-12-28,FISV,0.0,9.4,,,,,,,,,,,,,,,,None,739000000,739000000,,,,,,None,131000000,,,,,0.0,-0.61,361000000,492000000,2.65,2018-06-30,7.04,,0.0,681000000,323000000,72000000,,,None,45000000,None,,None,,,,,251000000,None,None,None,0.0,,323000000,358000000,,,,,None,,,,,0.52,1.28,1.575,,,,,,,,0.0,,,2025-10-29,quarterly,2.04,None,pre-market,None,,0.0,0.0,0.0,0.0,None,,,,162.38,107.12,-23.0189,,,,,,,1420000000,,9.4,,238.59,59.56
2025-12-28,FISV,0.0,9.4,,,,,,,,,,,,,,,,None,759000000,759000000,,,,,,None,133000000,,,,,0.0,-0.61,608000000,741000000,2.65,2018-03-31,7.04,,0.0,681000000,563000000,140000000,,,None,45000000,None,,None,,,,,423000000,None,None,None,0.0,,73000000,608000000,,,,,None,,,,,0.52,1.28,1.575,,,,,,,,0.0,,,2025-10-29,quarterly,2.04,None,pre-market,None,,0.0,0.0,0.0,0.0,None,,,,162.38,107.12,-23.0189,,,,,,,1440000000,,9.4,,238.59,59.56
2025-12-28,FISV,0.0,9.4,,,,,,,,,,,,,,,,None,778000000,778000000,,,,,,None,111000000,,,,,0.0,-0.61,425000000,536000000,2.65,2017-12-31,7.04,,0.0,738000000,381000000,-151000000,,,None,45000000,None,,None,,,,,546000000,None,None,None,0.0,,313000000,425000000,,,,,None,,,,,0.52,1.28,1.575,,,,,,,,0.0,,,2025-10-29,quarterly,2.04,None,pre-market,None,,0.0,0.0,0.0,0.0,None,,,,162.38,107.12,-23.0189,,,,,,,1516000000,,9.4,,238.59,59.56
2025-12-28,FISV,0.0,9.4,,,,,,,,,,,,,,,,None,746000000,746000000,,,,,,None,111000000,,,,,0.0,-0.61,370000000,481000000,2.65,2017-09-30,7.04,,0.0,654000000,330000000,98000000,,,None,45000000,None,,None,,,,,232000000,None,None,None,0.0,,284000000,370000000,,,,,None,,,,,0.52,1.28,1.575,,,,,,,,0.0,,,2025-10-29,quarterly,2.04,None,pre-market,None,,0.0,0.0,0.0,0.0,None,,,,162.38,107.12,-23.0189,,,,,,,1400000000,,9.4,,238.59,59.56
2025-12-28,FISV,0.0,9.4,,,,,,,,,,,,,,,,None,748000000,748000000,,,,,,None,111000000,,,,,0.0,-0.61,374000000,485000000,2.65,2017-06-30,7.04,,0.0,638000000,330000000,109000000,,,None,44000000,None,,None,,,,,221000000,None,None,None,0.0,,266000000,372000000,,,,,None,,,,,0.52,1.28,1.575,,,,,,,,0.0,,,2025-10-29,quarterly,2.04,None,pre-market,None,,0.0,0.0,0.0,0.0,None,,,,162.38,107.12,-23.0189,,,,,,,1386000000,,9.4,,238.59,59.56
2025-12-28,FISV,0.0,9.4,,,,,,,,,,,,,,,,None,752000000,752000000,,,,,,None,108000000,,,,,0.0,-0.61,365000000,473000000,2.65,2017-03-31,7.04,,0.0,642000000,349000000,102000000,,,None,42000000,None,,None,,,,,247000000,None,None,None,0.0,,277000000,365000000,,,,,None,,,,,0.52,1.28,1.575,,,,,,,,0.0,,,2025-10-29,quarterly,2.04,None,pre-market,None,,0.0,0.0,0.0,0.0,None,,,,162.38,107.12,-23.0189,,,,,,,1394000000,,9.4,,238.59,59.56
2025-12-28,FISV,0.0,9.4,,,,,,,,,,,,,,,,None,761000000,761000000,,,,,,None,105000000,,,,,0.0,-0.61,375000000,480000000,2.65,2016-12-31,7.04,,0.0,670000000,334000000,119000000,,,None,42000000,None,,None,,,,,215000000,None,None,None,0.0,,295000000,375000000,,,,,None,,,,,0.52,1.28,1.575,,,,,,,,0.0,,,2025-10-29,quarterly,2.04,None,pre-market,None,,0.0,0.0,0.0,0.0,None,,,,162.38,107.12,-23.0189,,,,,,,1431000000,,9.4,,238.59,59.56
2025-12-28,FISV,0.0,9.4,,,,,,,,,,,,,,,,None,737000000,737000000,,,,,,None,104000000,,,,,0.0,-0.61,369000000,473000000,2.65,2016-09-30,7.04,,0.0,643000000,328000000,114000000,,,None,41000000,None,,None,,,,,214000000,None,None,None,0.0,,274000000,369000000,,,,,None,,,,,0.52,1.28,1.575,,,,,,,,0.0,,,2025-10-29,quarterly,2.04,None,pre-market,None,,0.0,0.0,0.0,0.0,None,,,,162.38,107.12,-23.0189,,,,,,,1380000000,,9.4,,238.59,59.56
2025-12-28,FISV,0.0,9.4,,,,,,,,,,,,,,,,None,727000000,727000000,,,,,,None,102000000,,,,,0.0,-0.61,362000000,464000000,2.65,2016-06-30,7.04,,0.0,636000000,322000000,110000000,,,None,40000000,None,,None,,,,,212000000,None,None,None,0.0,,274000000,362000000,,,,,None,,,,,0.52,1.28,1.575,,,,,,,,0.0,,,2025-10-29,quarterly,2.04,None,pre-market,None,,0.0,0.0,0.0,0.0,None,,,,162.38,107.12,-23.0189,,,,,,,1363000000,,9.4,,238.59,59.56
2025-12-28,FISV,0.0,9.4,,,,,,,,,,,,,,,,None,734000000,734000000,,,,,,None,100000000,,,,,0.0,-0.61,339000000,439000000,2.65,2016-03-31,7.04,,0.0,597000000,438000000,149000000,,,None,47000000,None,,None,,,,,289000000,None,None,None,0.0,,258000000,339000000,,,,,None,,,,,0.52,1.28,1.575,,,,,,,,0.0,,,2025-10-29,quarterly,2.04,None,pre-market,None,,0.0,0.0,0.0,0.0,None,,,,162.38,107.12,-23.0189,,,,,,,1331000000,,9.4,,238.59,59.56
2025-12-28,FISV,0.0,9.4,,,,,,,,,,,,,,,,None,763000000,763000000,,,,,,None,105000000,,,,,0.0,-0.61,328000000,433000000,2.65,2015-12-31,7.04,,0.0,605000000,287000000,98000000,,,None,38000000,None,,None,,,,,189000000,None,None,None,0.0,,276000000,329000000,,,,,None,,,,,0.52,1.28,1.575,,,,,,,,0.0,,,2025-10-29,quarterly,2.04,None,pre-market,None,,0.0,0.0,0.0,0.0,None,,,,162.38,107.12,-23.0189,,,,,,,1368000000,,9.4,,238.59,59.56
2025-12-28,FISV,0.0,9.4,,,,,,,,,,,,,,,,None,713000000,713000000,,,,,,None,106000000,,,,,0.0,-0.61,342000000,448000000,2.65,2015-09-30,7.04,,0.0,600000000,335000000,117000000,,,None,41000000,None,,None,,,,,218000000,None,None,None,0.0,,258000000,342000000,,,,,None,,,,,0.52,1.28,1.575,,,,,,,,0.0,,,2025-10-29,quarterly,2.04,None,pre-market,None,,0.0,0.0,0.0,0.0,None,,,,162.38,107.12,-23.0189,,,,,,,1313000000,,9.4,,238.59,59.56
2025-12-28,FISV,0.0,9.4,,,,,,,,,,,,,,,,None,710000000,710000000,,,,,,None,104000000,,,,,0.0,-0.61,241000000,345000000,2.65,2015-06-30,7.04,,0.0,588000000,193000000,66000000,,,None,49000000,None,,None,,,,,127000000,None,None,None,0.0,,262000000,326000000,,,,,None,,,,,0.52,1.28,1.575,,,,,,,,0.0,,,2025-10-29,quarterly,2.04,None,pre-market,None,,0.0,0.0,0.0,0.0,None,,,,162.38,107.12,-23.0189,,,,,,,1298000000,,9.4,,238.59,59.56
2025-12-28,FISV,0.0,9.4,,,,,,,,,,,,,,,,None,723000000,723000000,,,,,,None,102000000,,,,,0.0,-0.61,315000000,417000000,2.65,2015-03-31,7.04,,0.0,552000000,274000000,96000000,,,None,41000000,None,,None,,,,,178000000,None,None,None,0.0,,238000000,314000000,,,,,None,,,,,0.52,1.28,1.575,,,,,,,,0.0,,,2025-10-29,quarterly,2.04,None,pre-market,None,,0.0,0.0,0.0,0.0,None,,,,162.38,107.12,-23.0189,,,,,,,1275000000,,9.4,,238.59,59.56
2025-12-28,FISV,0.0,9.4,,,,,,,,,,,,,,,,None,752000000,752000000,,,,,,None,104000000,,,,,0.0,-0.61,317000000,421000000,2.65,2014-12-31,7.04,,0.0,564000000,278000000,97000000,,,None,41000000,None,,None,,,,,181000000,None,None,None,0.0,,247000000,317000000,,,,,None,,,,,0.52,1.28,1.575,,,,,,,,0.0,,,2025-10-29,quarterly,2.04,None,pre-market,None,,0.0,0.0,0.0,0.0,None,,,,162.38,107.12,-23.0189,,,,,,,1316000000,,9.4,,238.59,59.56
2025-12-28,FISV,0.0,9.4,,,,,,,,,,,,,,,,None,705000000,705000000,,,,,,None,101000000,,,,,0.0,-0.61,315000000,416000000,2.65,2014-09-30,7.04,,0.0,558000000,359000000,120000000,,,None,41000000,None,,None,,,,,239000000,None,None,None,0.0,,243000000,315000000,,,,,None,,,,,0.52,1.28,1.575,,,,,,,,0.0,,,2025-10-29,quarterly,2.04,None,pre-market,None,,0.0,0.0,0.0,0.0,None,,,,162.38,107.12,-23.0189,,,,,,,1263000000,,9.4,,238.59,59.56
2025-12-28,FISV,0.0,9.4,,,,,,,,,,,,,,,,None,703000000,703000000,,,,,,None,99000000,,,,,0.0,-0.61,308000000,407000000,2.65,2014-06-30,7.04,,0.0,550000000,267000000,101000000,,,None,41000000,None,,None,,,,,166000000,None,None,None,0.0,,243000000,307000000,,,,,None,,,,,0.52,1.28,1.575,,,,,,,,0.0,,,2025-10-29,quarterly,2.04,None,pre-market,None,,0.0,0.0,0.0,0.0,None,,,,162.38,107.12,-23.0189,,,,,,,1253000000,,9.4,,238.59,59.56
2025-12-28,FISV,0.0,9.4,,,,,,,,,,,,,,,,None,721000000,721000000,,,,,,None,100000000,,,,,0.0,-0.61,271000000,371000000,2.65,2014-03-31,7.04,,0.0,513000000,234000000,66000000,,,None,41000000,None,,None,,,,,168000000,None,None,None,0.0,,242000000,271000000,,,,,None,,,,,0.52,1.28,1.575,,,,,,,,0.0,,,2025-10-29,quarterly,2.04,None,pre-market,None,,0.0,0.0,0.0,0.0,None,,,,162.38,107.12,-23.0189,,,,,,,1234000000,,9.4,,238.59,59.56
2025-12-28,FISV,0.0,9.4,,,,,,,,,,,,,,,,None,700000000,700000000,,,,,,None,102000000,,,,,0.0,-0.61,298000000,400000000,2.65,2013-12-31,7.04,,0.0,563000000,330000000,110000000,,,None,41000000,None,,None,,,,,221000000,None,None,None,0.0,,266000000,297000000,,,,,None,,,,,0.52,1.28,1.575,,,,,,,,0.0,,,2025-10-29,quarterly,2.04,None,pre-market,None,,0.0,0.0,0.0,0.0,None,,,,162.38,107.12,-23.0189,,,,,,,1263000000,,9.4,,238.59,59.56
2025-12-28,FISV,0.0,9.4,,,,,,,,,,,,,,,,None,684000000,684000000,,,,,,None,101000000,,,,,0.0,-0.61,280000000,381000000,2.65,2013-09-30,7.04,,0.0,517000000,240000000,79000000,,,None,41000000,None,,None,,,,,159000000,None,None,None,0.0,,237000000,280000000,,,,,None,,,,,0.52,1.28,1.575,,,,,,,,0.0,,,2025-10-29,quarterly,2.04,None,pre-market,None,,0.0,0.0,0.0,0.0,None,,,,162.38,107.12,-23.0189,,,,,,,1201000000,,9.4,,238.59,59.56
2025-12-28,FISV,0.0,9.4,,,,,,,,,,,,,,,,None,680000000,680000000,,,,,,None,103000000,,,,,0.0,-0.61,273000000,376000000,2.65,2013-06-30,7.04,,0.0,518000000,233000000,81000000,,,None,41000000,None,,None,,,,,151000000,None,None,None,0.0,,245000000,273000000,,,,,None,,,,,0.52,1.28,1.575,,,,,,,,0.0,,,2025-10-29,quarterly,2.04,None,pre-market,None,,0.0,0.0,0.0,0.0,None,,,,162.38,107.12,-23.0189,,,,,,,1198000000,,9.4,,238.59,59.56
2025-12-28,FISV,0.0,9.4,,,,,,,,,,,,,,,,None,712000000,712000000,,,,,,None,97000000,,,,,0.0,-0.61,211000000,308000000,2.65,2013-03-31,7.04,,0.0,440000000,175000000,58000000,,,None,41000000,None,,None,,,,,117000000,None,None,None,0.0,,229000000,211000000,,,,,None,,,,,0.52,1.28,1.575,,,,,,,,0.0,,,2025-10-29,quarterly,2.04,None,pre-market,None,,0.0,0.0,0.0,0.0,None,,,,162.38,107.12,-23.0189,,,,,,,1152000000,,9.4,,238.59,59.56
2025-12-28,FISV,0.0,9.4,,,,,,,,,,,,,,,,None,657000000,657000000,,,,,,None,89000000,,,,,0.0,-0.61,290000000,379000000,2.65,2012-12-31,7.04,,0.0,499000000,253000000,94000000,,,None,39000000,None,,None,,,,,179000000,None,None,None,0.0,,210000000,289000000,,,,,None,,,,,0.52,1.28,1.575,,,,,,,,0.0,,,2025-10-29,quarterly,2.04,None,pre-market,None,,0.0,0.0,0.0,0.0,None,,,,162.38,107.12,-23.0189,,,,,,,1156000000,,9.4,,238.59,59.56
2025-12-28,FISV,0.0,9.4,,,,,,,,,,,,,,,,None,636000000,636000000,,,,,,None,89000000,,,,,0.0,-0.61,265000000,354000000,2.65,2012-09-30,7.04,,0.0,471000000,220000000,80000000,,,None,48000000,None,,None,,,,,139000000,None,None,None,0.0,,206000000,265000000,,,,,None,,,,,0.52,1.28,1.575,,,,,,,,0.0,,,2025-10-29,quarterly,2.04,None,pre-market,None,,0.0,0.0,0.0,0.0,None,,,,162.38,107.12,-23.0189,,,,,,,1107000000,,9.4,,238.59,59.56
2025-12-28,FISV,0.0,9.4,,,,,,,,,,,,,,,,None,626000000,626000000,,,,,,None,86000000,,,,,0.0,-0.61,263000000,349000000,2.65,2012-06-30,7.04,,0.0,461000000,222000000,60000000,,,None,44000000,None,,None,,,,,161000000,None,None,None,0.0,,204000000,257000000,,,,,None,,,,,0.52,1.28,1.575,,,,,,,,0.0,,,2025-10-29,quarterly,2.04,None,pre-market,None,,0.0,0.0,0.0,0.0,None,,,,162.38,107.12,-23.0189,,,,,,,1087000000,,9.4,,238.59,59.56
2025-12-28,FISV,0.0,9.4,,,,,,,,,,,,,,,,None,653000000,653000000,,,,,,None,87000000,,,,,0.0,-0.61,239000000,326000000,2.65,2012-03-31,7.04,,0.0,444000000,199000000,67000000,,,None,43000000,None,,None,,,,,132000000,None,None,None,0.0,,205000000,239000000,,,,,None,,,,,0.52,1.28,1.575,,,,,,,,0.0,,,2025-10-29,quarterly,2.04,None,pre-market,None,,0.0,0.0,0.0,0.0,None,,,,162.38,107.12,-23.0189,,,,,,,1097000000,,9.4,,238.59,59.56
2025-12-28,FISV,0.0,9.4,,,,,,,,,,,,,,,,None,663000000,663000000,,,,,,None,90000000,,,,,0.0,-0.61,287000000,377000000,2.65,2011-12-31,7.04,,0.0,498000000,241000000,88000000,,,None,50000000,None,,None,,,,,143000000,None,None,None,0.0,,217000000,281000000,,,,,None,,,,,0.52,1.28,1.575,,,,,,,,0.0,,,2025-10-29,quarterly,2.04,None,pre-market,None,,0.0,0.0,0.0,0.0,None,,,,162.38,107.12,-23.0189,,,,,,,1161000000,,9.4,,238.59,59.56
2025-12-28,FISV,0.0,9.4,,,,,,,,,,,,,,,,None,631000000,631000000,,,,,,None,86000000,,,,,0.0,-0.61,219000000,305000000,2.65,2011-09-30,7.04,,0.0,432000000,182000000,55000000,,,None,45000000,None,,None,,,,,127000000,None,None,None,0.0,,189000000,243000000,,,,,None,,,,,0.52,1.28,1.575,,,,,,,,0.0,,,2025-10-29,quarterly,2.04,None,pre-market,None,,0.0,0.0,0.0,0.0,None,,,,162.38,107.12,-23.0189,,,,,,,1063000000,,9.4,,238.59,59.56
2025-12-28,FISV,0.0,9.4,,,,,,,,,,,,,,,,None,624000000,624000000,,,,,,None,88000000,,,,,0.0,-0.61,191000000,279000000,2.65,2011-06-30,7.04,,0.0,441000000,146000000,49000000,,,None,49000000,None,,None,,,,,90000000,None,None,None,0.0,,190000000,251000000,,,,,None,,,,,0.52,1.28,1.575,,,,,,,,0.0,,,2025-10-29,quarterly,2.04,None,pre-market,None,,0.0,0.0,0.0,0.0,None,,,,162.38,107.12,-23.0189,,,,,,,1065000000,,9.4,,238.59,59.56
2025-12-28,FISV,0.0,9.4,,,,,,,,,,,,,,,,None,624000000,624000000,,,,,,None,85000000,,,,,0.0,-0.61,221000000,306000000,2.65,2011-03-31,7.04,,0.0,424000000,178000000,64000000,,,None,45000000,None,,None,,,,,112000000,None,None,None,0.0,,203000000,221000000,,,,,None,,,,,0.52,1.28,1.575,,,,,,,,0.0,,,2025-10-29,quarterly,2.04,None,pre-market,None,,0.0,0.0,0.0,0.0,None,,,,162.38,107.12,-23.0189,,,,,,,1048000000,,9.4,,238.59,59.56
2025-12-28,FISV,0.0,9.4,,,,,,,,,,,,,,,,None,613000000,613000000,,,,,,None,87000000,,,,,0.0,-0.61,251000000,338000000,2.65,2010-12-31,7.04,,0.0,465000000,196000000,77000000,,,None,58000000,None,,None,,,,,116000000,None,None,None,0.0,,198000000,267000000,,,,,None,,,,,0.52,1.28,1.575,,,,,,,,0.0,,,2025-10-29,quarterly,2.04,None,pre-market,None,,0.0,0.0,0.0,0.0,None,,,,162.38,107.12,-23.0189,,,,,,,1078000000,,9.4,,238.59,59.56
2025-12-28,FISV,0.0,9.4,,,,,,,,,,,,,,,,None,589000000,589000000,,,,,,None,85000000,,,,,0.0,-0.61,251000000,336000000,2.65,2010-09-30,7.04,,0.0,436000000,207000000,73000000,,,None,49000000,None,,None,,,,,132000000,None,None,None,0.0,,185000000,251000000,,,,,None,,,,,0.52,1.28,1.575,,,,,,,,0.0,,,2025-10-29,quarterly,2.04,None,pre-market,None,,0.0,0.0,0.0,0.0,None,,,,162.38,107.12,-23.0189,,,,,,,1025000000,,9.4,,238.59,59.56
2025-12-28,FISV,0.0,9.4,,,,,,,,,,,,,,,,None,586000000,586000000,,,,,,None,83000000,,,,,0.0,-0.61,251000000,334000000,2.65,2010-06-30,7.04,,0.0,436000000,208000000,78000000,,,None,46000000,None,,None,,,,,127000000,None,None,None,0.0,,185000000,251000000,,,,,None,,,,,0.52,1.28,1.575,,,,,,,,0.0,,,2025-10-29,quarterly,2.04,None,pre-market,None,,0.0,0.0,0.0,0.0,None,,,,162.38,107.12,-23.0189,,,,,,,1022000000,,9.4,,238.59,59.56
2025-12-28,FISV,0.0,9.4,,,,,,,,,,,,,,,,None,598000000,598000000,,,,,,None,84000000,,,,,0.0,-0.61,238000000,322000000,2.65,2010-03-31,7.04,,0.0,410000000,196000000,73000000,,,None,45000000,None,,None,,,,,121000000,None,None,None,0.0,,172000000,238000000,,,,,None,,,,,0.52,1.28,1.575,,,,,,,,0.0,,,2025-10-29,quarterly,2.04,None,pre-market,None,,0.0,0.0,0.0,0.0,None,,,,162.38,107.12,-23.0189,,,,,,,1008000000,,9.4,,238.59,59.56
2025-12-28,FISV,0.0,9.4,,,,,,,,,,,,,,,,None,611000000,611000000,,,,,,None,85000000,,,,,0.0,-0.61,264000000,349000000,2.65,2009-12-31,7.04,,0.0,451000000,207000000,79000000,,,None,59000000,None,,None,,,,,118000000,None,None,None,0.0,,195000000,256000000,,,,,None,,,,,0.52,1.28,1.575,,,,,,,,0.0,,,2025-10-29,quarterly,2.04,None,pre-market,None,,0.0,0.0,0.0,0.0,None,,,,162.38,107.12,-23.0189,,,,,,,1062000000,,9.4,,238.59,59.56
2025-12-28,FISV,0.0,9.4,,,,,,,,,,,,,,,,None,579000000,579000000,,,,,,None,84000000,,,,,0.0,-0.61,231000000,315000000,2.65,2009-09-30,7.04,,0.0,413000000,184000000,60000000,,,None,52000000,None,,None,,,,,115000000,None,None,None,0.0,,182000000,231000000,,,,,None,,,,,0.52,1.28,1.575,,,,,,,,0.0,,,2025-10-29,quarterly,2.04,None,pre-market,None,,0.0,0.0,0.0,0.0,None,,,,162.38,107.12,-23.0189,,,,,,,992000000,,9.4,,238.59,59.56
2025-12-28,FISV,0.0,9.4,,,,,,,,,,,,,,,,None,590000000,590000000,,,,,,None,83000000,,,,,0.0,-0.61,234000000,317000000,2.65,2009-06-30,7.04,,0.0,410000000,183000000,68000000,,,None,55000000,None,,None,,,,,140000000,None,None,None,0.0,,176000000,234000000,,,,,None,,,,,0.52,1.28,1.575,,,,,,,,0.0,,,2025-10-29,quarterly,2.04,None,pre-market,None,,0.0,0.0,0.0,0.0,None,,,,162.38,107.12,-23.0189,,,,,,,1000000000,,9.4,,238.59,59.56
2025-12-28,FISV,0.0,9.4,,,,,,,,,,,,,,,,None,600000000,600000000,,,,,,None,81000000,,,,,0.0,-0.61,225000000,306000000,2.65,2009-03-31,7.04,,0.0,423000000,172000000,66000000,,,None,54000000,None,,None,,,,,103000000,None,None,None,0.0,,198000000,225000000,,,,,None,,,,,0.52,1.28,1.575,,,,,,,,0.0,,,2025-10-29,quarterly,2.04,None,pre-market,None,,0.0,0.0,0.0,0.0,None,,,,162.38,107.12,-23.0189,,,,,,,1023000000,,9.4,,238.59,59.56
2025-12-28,FISV,0.0,9.4,,,,,,,,,,,,,,,,None,640000000,640000000,,,,,,None,86000000,,,,,0.0,-0.61,227000000,313000000,2.65,2008-12-31,7.04,,0.0,421000000,116000000,48000000,,,None,None,None,,None,,,,,62000000,None,None,None,0.0,,202000000,219000000,,,,,None,,,,,0.52,1.28,1.575,,,,,,,,0.0,,,2025-10-29,quarterly,2.04,None,pre-market,None,,0.0,0.0,0.0,0.0,None,,,,162.38,107.12,-23.0189,,,,,,,1061000000,,9.4,,238.59,59.56
2025-12-28,FISV,0.0,9.4,,,,,,,,,,,,,,,,None,662000000,662000000,,,,,,None,90000000,,,,,0.0,-0.61,195000000,285000000,2.65,2008-09-30,7.04,,0.0,418000000,176000000,105000000,,,None,None,None,,None,,,,,78000000,None,None,None,0.0,,204000000,214000000,,,,,None,,,,,0.52,1.28,1.575,,,,,,,,0.0,,,2025-10-29,quarterly,2.04,None,pre-market,None,,0.0,0.0,0.0,0.0,None,,,,162.38,107.12,-23.0189,,,,,,,1080000000,,9.4,,238.59,59.56
2025-12-28,FISV,0.0,9.4,,,,,,,,,,,,,,,,None,849000000,849000000,,,,,,None,96000000,,,,,0.0,-0.61,227000000,323000000,2.65,2008-06-30,7.04,,0.0,443000000,166000000,64000000,,,None,61000000,None,,None,,,,,100000000,None,None,None,0.0,,216000000,227000000,,,,,None,,,,,0.52,1.28,1.575,,,,,,,,0.0,,,2025-10-29,quarterly,2.04,None,pre-market,None,,0.0,0.0,0.0,0.0,None,,,,162.38,107.12,-23.0189,,,,,,,1292000000,,9.4,,238.59,59.56
2025-12-28,FISV,0.0,9.4,,,,,,,,,,,,,,,,None,872000000,872000000,,,,,,None,90000000,,,,,0.0,-0.61,226000000,316000000,2.65,2008-03-31,7.04,,0.0,438000000,158000000,61000000,,,None,None,None,,None,,,,,329000000,None,None,None,0.0,,212000000,226000000,,,,,None,,,,,0.52,1.28,1.575,,,,,,,,0.0,,,2025-10-29,quarterly,2.04,None,pre-market,None,,0.0,0.0,0.0,0.0,None,,,,162.38,107.12,-23.0189,,,,,,,1310000000,,9.4,,238.59,59.56
2025-12-28,FISV,0.0,9.4,,,,,,,,,,,,,,,,None,131599000,131599000,,,,,,None,41386000,,,,,0.0,-0.61,155060000,196446000,2.65,2007-12-31,7.04,,0.0,251537000,119269000,44934000,,,None,None,None,,None,,,,,96326000,None,None,None,0.0,,96477000,155060000,,,,,None,,,,,0.52,1.28,1.575,,,,,,,,0.0,,,2025-10-29,quarterly,2.04,None,pre-market,None,,0.0,0.0,0.0,0.0,None,,,,162.38,107.12,-23.0189,,,,,,,383136000,,9.4,,238.59,59.56
2025-12-28,FISV,0.0,9.4,,,,,,,,,,,,,,,,None,612000000,612000000,,,,,,None,51000000,,,,,0.0,-0.61,192000000,243000000,2.65,2007-09-30,7.04,,0.0,312000000,180000000,68000000,,,None,None,None,,None,,,,,121000000,None,None,None,0.0,,120000000,192000000,,,,,None,,,,,0.52,1.28,1.575,,,,,,,,0.0,,,2025-10-29,quarterly,2.04,None,pre-market,None,,0.0,0.0,0.0,0.0,None,,,,162.38,107.12,-23.0189,,,,,,,924000000,,9.4,,238.59,59.56
2025-12-28,FISV,0.0,9.4,,,,,,,,,,,,,,,,None,624000000,624000000,,,,,,None,58000000,,,,,0.0,-0.61,182000000,240000000,2.65,2007-06-30,7.04,,0.0,315000000,171000000,66000000,,,None,None,None,,None,,,,,108000000,None,None,None,0.0,,133000000,182000000,,,,,None,,,,,0.52,1.28,1.575,,,,,,,,0.0,,,2025-10-29,quarterly,2.04,None,pre-market,None,,0.0,0.0,0.0,0.0,None,,,,162.38,107.12,-23.0189,,,,,,,939000000,,9.4,,238.59,59.56
2025-12-28,FISV,0.0,9.4,,,,,,,,,,,,,,,,None,869000000,869000000,,,,,,None,43000000,,,,,0.0,-0.61,193000000,236000000,2.65,2007-03-31,7.04,,0.0,350000000,185000000,71000000,,,None,None,None,,None,,,,,114000000,None,None,None,0.0,,157000000,193000000,,,,,None,,,,,0.52,1.28,1.575,,,,,,,,0.0,,,2025-10-29,quarterly,2.04,None,pre-market,None,,0.0,0.0,0.0,0.0,None,,,,162.38,107.12,-23.0189,,,,,,,1219000000,,9.4,,238.59,59.56
2025-12-28,FISV,0.0,9.4,,,,,,,,,,,,,,,,None,861958000,861958000,,,,,,None,56158000,,,,,0.0,-0.61,181399000,237557000,2.65,2006-12-31,7.04,,0.0,335783000,172270000,66324000,,,None,None,None,,None,,,,,105946000,None,None,None,0.0,,154384000,181399000,,,,,None,,,,,0.52,1.28,1.575,,,,,,,,0.0,,,2025-10-29,quarterly,2.04,None,pre-market,None,,0.0,0.0,0.0,0.0,None,,,,162.38,107.12,-23.0189,,,,,,,1197741000,,9.4,,238.59,59.56
2025-12-28,FISV,0.0,9.4,,,,,,,,,,,,,,,,None,802233000,802233000,,,,,,None,47414000,,,,,0.0,-0.61,180379000,227793000,2.65,2006-09-30,7.04,,0.0,320284000,168797000,63641000,,,None,None,None,,None,,,,,110088000,None,None,None,0.0,,139905000,180379000,,,,,None,,,,,0.52,1.28,1.575,,,,,,,,0.0,,,2025-10-29,quarterly,2.04,None,pre-market,None,,0.0,0.0,0.0,0.0,None,,,,162.38,107.12,-23.0189,,,,,,,1122517000,,9.4,,238.59,59.56
2025-12-28,FISV,0.0,9.4,,,,,,,,,,,,,,,,None,743357000,743357000,,,,,,None,40139000,,,,,0.0,-0.61,176568000,216707000,2.65,2006-06-30,7.04,,0.0,314137000,166217000,61639000,,,None,None,None,,None,,,,,117669000,None,None,None,0.0,,137569000,176568000,,,,,None,,,,,0.52,1.28,1.575,,,,,,,,0.0,,,2025-10-29,quarterly,2.04,None,pre-market,None,,0.0,0.0,0.0,0.0,None,,,,162.38,107.12,-23.0189,,,,,,,1057494000,,9.4,,238.59,59.56
2025-12-28,FISV,0.0,9.4,,,,,,,,,,,,,,,,None,758062000,758062000,,,,,,None,47366000,,,,,0.0,-0.61,192953000,240319000,2.65,2006-03-31,7.04,,0.0,338606000,186847000,70636000,,,None,None,None,,None,,,,,116211000,None,None,None,0.0,,145653000,192953000,,,,,None,,,,,0.52,1.28,1.575,,,,,,,,0.0,,,2025-10-29,quarterly,2.04,None,pre-market,None,,0.0,0.0,0.0,0.0,None,,,,162.38,107.12,-23.0189,,,,,,,1096668000,,9.4,,238.59,59.56
2025-12-28,FISV,0.0,9.4,,,,,,,,,,,,,,,,None,1962363000,1962363000,,,,,,None,46727000,,,,,0.0,-0.61,198616000,245343000,2.65,2005-12-31,7.04,,0.0,-884070000,236090000,87714000,,,None,None,None,,None,,,,,150476000,None,None,None,0.0,,-1082686000,198616000,,,,,None,,,,,0.52,1.28,1.575,,,,,,,,0.0,,,2025-10-29,quarterly,2.04,None,pre-market,None,,0.0,0.0,0.0,0.0,None,,,,162.38,107.12,-23.0189,,,,,,,1078293000,,9.4,,238.59,59.56
2025-12-28,FISV,0.0,9.4,,,,,,,,,,,,,,,,None,710467000,710467000,,,,,,None,44283000,,,,,0.0,-0.61,171519000,215802000,2.65,2005-09-30,7.04,,0.0,301178000,168090000,58751000,,,None,None,None,,None,,,,,112939000,None,None,None,0.0,,129659000,171519000,,,,,None,,,,,0.52,1.28,1.575,,,,,,,,0.0,,,2025-10-29,quarterly,2.04,None,pre-market,None,,0.0,0.0,0.0,0.0,None,,,,162.38,107.12,-23.0189,,,,,,,1011645000,,9.4,,238.59,59.56
2025-12-28,FISV,0.0,9.4,,,,,,,,,,,,,,,,None,8013000000,8013000000,,,,,,None,3095000000,,,,,0.0,-0.61,5744000000,8839000000,2.65,2024-12-31,7.04,,0.0,12443000000,3821000000,641000000,,,None,1238000000,43000000,,None,,,,,3131000000,3180000000,-1195000000,None,0.0,,6564000000,5879000000,,,,,None,,,,,0.52,1.28,1.575,,,,,,,,0.0,,,2025-10-29,annual,2.04,USD,pre-market,None,,0.0,0.0,0.0,0.0,6564000000,,,,162.38,107.12,-23.0189,,,,,,,20456000000,,9.4,,238.59,59.56
2025-12-28,FISV,0.0,9.4,,,,,,,,,,,,,,,,None,7670000000,7670000000,,,,,,None,3121000000,,,,,0.0,-0.61,4902000000,8023000000,2.65,2023-12-31,7.04,,0.0,11423000000,3883000000,754000000,,,None,1004000000,28000000,,None,,,,,3068000000,3129000000,-976000000,None,0.0,,6409000000,5014000000,,,,,None,,,,,0.52,1.28,1.575,,,,,,,,0.0,,,2025-10-29,annual,2.04,USD,pre-market,None,,0.0,0.0,0.0,0.0,6576000000,,,,162.38,107.12,-23.0189,,,,,,,19093000000,,9.4,,238.59,59.56
2025-12-28,FISV,0.0,9.4,,,,,,,,,,,,,,,,None,7992000000,7992000000,,,,,,None,3169000000,,,,,0.0,-0.61,3659000000,6828000000,2.65,2022-12-31,7.04,,0.0,9745000000,3133000000,551000000,,,None,746000000,13000000,,None,,,,,2530000000,2582000000,-733000000,None,0.0,,6005000000,3740000000,,,,,None,,,,,0.52,1.28,1.575,,,,,,,,0.0,,,2025-10-29,annual,2.04,USD,pre-market,None,,0.0,0.0,0.0,0.0,6059000000,,,,162.38,107.12,-23.0189,,,,,,,17737000000,,9.4,,238.59,59.56
2025-12-28,FISV,0.0,9.4,,,,,,,,,,,,,,,,None,8128000000,8128000000,,,,,,None,3196000000,,,,,0.0,-0.61,2362000000,5558000000,2.65,2021-12-31,7.04,,0.0,8098000000,1766000000,363000000,,,None,696000000,3000000,,None,,,,,1334000000,1403000000,-693000000,None,0.0,,5810000000,2288000000,,,,,None,,,,,0.52,1.28,1.575,,,,,,,,0.0,,,2025-10-29,annual,2.04,USD,pre-market,None,,0.0,0.0,0.0,0.0,5810000000,,,,162.38,107.12,-23.0189,,,,,,,16226000000,,9.4,,238.59,59.56
2025-12-28,FISV,0.0,9.4,,,,,,,,,,,,,,,,None,7812000000,7812000000,,,,,,None,3210000000,,,,,0.0,-0.61,1887000000,5097000000,2.65,2020-12-31,7.04,,0.0,7040000000,1171000000,196000000,,,None,716000000,None,,None,,,,,958000000,None,None,None,0.0,,5188000000,1852000000,,,,,None,,,,,0.52,1.28,1.575,,,,,,,,0.0,,,2025-10-29,annual,2.04,None,pre-market,None,,0.0,0.0,0.0,0.0,None,,,,162.38,107.12,-23.0189,,,,,,,14852000000,,9.4,,238.59,59.56
2025-12-28,FISV,0.0,9.4,,,,,,,,,,,,,,,,None,5309000000,5309000000,,,,,,None,1651000000,,,,,0.0,-0.61,1590000000,3241000000,2.65,2019-12-31,7.04,,0.0,4878000000,1112000000,198000000,,,None,507000000,None,,None,,,,,893000000,None,None,None,0.0,,3269000000,1609000000,,,,,None,,,,,0.52,1.28,1.575,,,,,,,,0.0,,,2025-10-29,annual,2.04,None,pre-market,None,,0.0,0.0,0.0,0.0,None,,,,162.38,107.12,-23.0189,,,,,,,10187000000,,9.4,,238.59,59.56
2025-12-28,FISV,0.0,9.4,,,,,,,,,,,,,,,,None,3069000000,3069000000,,,,,,None,545000000,,,,,0.0,-0.61,1744000000,2289000000,2.65,2018-12-31,7.04,,0.0,2754000000,1565000000,378000000,,,None,189000000,None,,None,,,,,1187000000,None,None,None,0.0,,1001000000,1753000000,,,,,None,,,,,0.52,1.28,1.575,,,,,,,,0.0,,,2025-10-29,annual,2.04,None,pre-market,None,,0.0,0.0,0.0,0.0,None,,,,162.38,107.12,-23.0189,,,,,,,5823000000,,9.4,,238.59,59.56
2025-12-28,FISV,0.0,9.4,,,,,,,,,,,,,,,,None,3024000000,3024000000,,,,,,None,429000000,,,,,0.0,-0.61,1533000000,1962000000,2.65,2017-12-31,7.04,,0.0,2672000000,1390000000,158000000,,,None,175000000,None,,None,,,,,1246000000,None,None,None,0.0,,1140000000,1532000000,,,,,None,,,,,0.52,1.28,1.575,,,,,,,,0.0,,,2025-10-29,annual,2.04,None,pre-market,None,,0.0,0.0,0.0,0.0,None,,,,162.38,107.12,-23.0189,,,,,,,5696000000,,9.4,,238.59,59.56
2025-12-28,FISV,0.0,9.4,,,,,,,,,,,,,,,,None,2959000000,2959000000,,,,,,None,421000000,,,,,0.0,-0.61,1438000000,1859000000,2.65,2016-12-31,7.04,,0.0,2546000000,1422000000,492000000,,,None,163000000,None,,None,,,,,930000000,None,None,None,0.0,,1101000000,1445000000,,,,,None,,,,,0.52,1.28,1.575,,,,,,,,0.0,,,2025-10-29,annual,2.04,None,pre-market,None,,0.0,0.0,0.0,0.0,None,,,,162.38,107.12,-23.0189,,,,,,,5505000000,,9.4,,238.59,59.56
2025-12-28,FISV,0.0,9.4,,,,,,,,,,,,,,,,None,2909000000,2909000000,,,,,,None,417000000,,,,,0.0,-0.61,1227000000,1644000000,2.65,2015-12-31,7.04,,0.0,2345000000,1089000000,377000000,,,None,170000000,None,,None,,,,,712000000,None,None,None,0.0,,1034000000,1311000000,,,,,None,,,,,0.52,1.28,1.575,,,,,,,,0.0,,,2025-10-29,annual,2.04,None,pre-market,None,,0.0,0.0,0.0,0.0,None,,,,162.38,107.12,-23.0189,,,,,,,5254000000,,9.4,,238.59,59.56
2025-12-28,FISV,0.0,9.4,,,,,,,,,,,,,,,,None,2881000000,2881000000,,,,,,None,404000000,,,,,0.0,-0.61,1211000000,1615000000,2.65,2014-12-31,7.04,,0.0,2185000000,1138000000,384000000,,,None,164000000,None,,None,,,,,754000000,None,None,None,0.0,,975000000,1210000000,,,,,None,,,,,0.52,1.28,1.575,,,,,,,,0.0,,,2025-10-29,annual,2.04,None,pre-market,None,,0.0,0.0,0.0,0.0,None,,,,162.38,107.12,-23.0189,,,,,,,5066000000,,9.4,,238.59,59.56
2025-12-28,FISV,0.0,9.4,,,,,,,,,,,,,,,,None,2776000000,2776000000,,,,,,None,403000000,,,,,0.0,-0.61,1061000000,1464000000,2.65,2013-12-31,7.04,,0.0,2038000000,978000000,328000000,,,None,163000000,None,,None,,,,,648000000,None,None,None,0.0,,977000000,1061000000,,,,,None,,,,,0.52,1.28,1.575,,,,,,,,0.0,,,2025-10-29,annual,2.04,None,pre-market,None,,0.0,0.0,0.0,0.0,None,,,,162.38,107.12,-23.0189,,,,,,,4814000000,,9.4,,238.59,59.56
2025-12-28,FISV,0.0,9.4,,,,,,,,,,,,,,,,None,2564000000,2564000000,,,,,,None,350000000,,,,,0.0,-0.61,1055000000,1405000000,2.65,2012-12-31,7.04,,0.0,1872000000,892000000,300000000,,,None,174000000,None,,None,,,,,611000000,None,None,None,0.0,,824000000,1048000000,,,,,None,,,,,0.52,1.28,1.575,,,,,,,,0.0,,,2025-10-29,annual,2.04,None,pre-market,None,,0.0,0.0,0.0,0.0,None,,,,162.38,107.12,-23.0189,,,,,,,4436000000,,9.4,,238.59,59.56
2025-12-28,FISV,0.0,9.4,,,,,,,,,,,,,,,,None,2504000000,2504000000,,,,,,None,345000000,,,,,0.0,-0.61,911000000,1256000000,2.65,2011-12-31,7.04,,0.0,1785000000,741000000,254000000,,,None,188000000,None,,None,,,,,472000000,None,None,None,0.0,,795000000,990000000,,,,,None,,,,,0.52,1.28,1.575,,,,,,,,0.0,,,2025-10-29,annual,2.04,None,pre-market,None,,0.0,0.0,0.0,0.0,None,,,,162.38,107.12,-23.0189,,,,,,,4289000000,,9.4,,238.59,59.56
2025-12-28,FISV,0.0,9.4,,,,,,,,,,,,,,,,None,2386000000,2386000000,,,,,,None,339000000,,,,,0.0,-0.61,991000000,1330000000,2.65,2010-12-31,7.04,,0.0,1747000000,807000000,301000000,,,None,198000000,None,,None,,,,,496000000,None,None,None,0.0,,740000000,1007000000,,,,,None,,,,,0.52,1.28,1.575,,,,,,,,0.0,,,2025-10-29,annual,2.04,None,pre-market,None,,0.0,0.0,0.0,0.0,None,,,,162.38,107.12,-23.0189,,,,,,,4133000000,,9.4,,238.59,59.56
2025-12-28,FISV,0.0,9.4,,,,,,,,,,,,,,,,None,2380000000,2380000000,,,,,,None,333000000,,,,,0.0,-0.61,954000000,1287000000,2.65,2009-12-31,7.04,,0.0,1697000000,746000000,273000000,,,None,220000000,None,,None,,,,,476000000,None,None,None,0.0,,751000000,946000000,,,,,None,,,,,0.52,1.28,1.575,,,,,,,,0.0,,,2025-10-29,annual,2.04,None,pre-market,None,,0.0,0.0,0.0,0.0,None,,,,162.38,107.12,-23.0189,,,,,,,4077000000,,9.4,,238.59,59.56
2025-12-28,FISV,0.0,9.4,,,,,,,,,,,,,,,,None,2866000000,2866000000,,,,,,None,350000000,,,,,0.0,-0.61,900000000,1250000000,2.65,2008-12-31,7.04,,0.0,1721000000,646000000,288000000,,,None,260000000,None,,None,,,,,569000000,None,None,None,0.0,,813000000,908000000,,,,,None,,,,,0.52,1.28,1.575,,,,,,,,0.0,,,2025-10-29,annual,2.04,None,pre-market,None,,0.0,0.0,0.0,0.0,None,,,,162.38,107.12,-23.0189,,,,,,,4587000000,,9.4,,238.59,59.56
2025-12-28,FISV,0.0,9.4,,,,,,,,,,,,,,,,None,2618000000,2618000000,,,,,,None,186000000,,,,,0.0,-0.61,746000000,932000000,2.65,2007-12-31,7.04,,0.0,1279000000,670000000,256000000,,,None,76000000,None,,None,,,,,439000000,None,None,None,0.0,,540000000,739000000,,,,,None,,,,,0.52,1.28,1.575,,,,,,,,0.0,,,2025-10-29,annual,2.04,None,pre-market,None,,0.0,0.0,0.0,0.0,None,,,,162.38,107.12,-23.0189,,,,,,,3897000000,,9.4,,238.59,59.56
2025-12-28,FISV,0.0,9.4,,,,,,,,,,,,,,,,None,2417000000,2417000000,,,,,,None,199000000,,,,,0.0,-0.61,665000000,864000000,2.65,2006-12-31,7.04,,0.0,1149000000,624000000,236000000,,,None,None,None,,None,,,,,449914000,None,None,None,0.0,,484000000,665000000,,,,,None,,,,,0.52,1.28,1.575,,,,,,,,0.0,,,2025-10-29,annual,2.04,None,pre-market,None,,0.0,0.0,0.0,0.0,None,,,,162.38,107.12,-23.0189,,,,,,,3566000000,,9.4,,238.59,59.56
2025-12-28,FISV,0.0,9.4,,,,,,,,,,,,,,,,None,2170000000,2170000000,,,,,,None,179000000,,,,,0.0,-0.61,662000000,841000000,2.65,2005-12-31,7.04,,0.0,1071000000,728000000,274000000,,,None,None,None,,None,,,,,516438000,None,None,None,0.0,,409000000,662000000,,,,,None,,,,,0.52,1.28,1.575,,,,,,,,0.0,,,2025-10-29,annual,2.04,None,pre-market,None,,0.0,0.0,0.0,0.0,None,,,,162.38,107.12,-23.0189,,,,,,,3241000000,,9.4,,238.59,59.56
2025-12-28,FISV,0.0,9.4,None,,2167000000,1068000000,1068000000,,,,,,,,,8000000,541800000,None,2170000000,2170000000,4644000000,None,876000000,3957000000,None,None,179000000,,,,,0.0,-0.61,662000000,841000000,2.65,2025-09-30,7.04,37449000000,0.0,1071000000,728000000,274000000,4892000000,4892000000,None,None,None,None,None,None,27276000000,None,1084000000,516438000,None,None,None,0.0,,409000000,662000000,19132000000,15535000000,None,893000000,None,,,,,0.52,1.28,1.575,,,,,,,,0.0,,None,2025-10-29,quarterly,2.04,USD,pre-market,None,26244000000,0.0,0.0,0.0,0.0,None,30199000000,1323000000,None,162.38,107.12,-23.0189,79370000000,24157000000,22375000000,54226000000,55213000000,31851000000,3241000000,25121000000,9.4,None,238.59,59.56
2025-12-28,FISV,0.0,9.4,None,,1857000000,999000000,999000000,,,,,,,,,8000000,552700000,None,2170000000,2170000000,768000000,None,1100000000,4356000000,None,None,179000000,,,,,0.0,-0.61,662000000,841000000,2.65,2025-06-30,7.04,37465000000,0.0,1071000000,728000000,274000000,10418000000,10418000000,None,None,None,None,None,None,26749000000,None,1071000000,516438000,None,None,None,0.0,,409000000,662000000,21119000000,21018000000,None,953000000,None,,,,,0.52,1.28,1.575,,,,,,,,0.0,,None,2025-10-29,quarterly,2.04,USD,pre-market,None,25452000000,0.0,0.0,0.0,0.0,None,29836000000,1647000000,None,162.38,107.12,-23.0189,81531000000,26474000000,24318000000,55768000000,55057000000,31450000000,3241000000,25215000000,9.4,None,238.59,59.56
2025-12-28,FISV,0.0,9.4,None,,1759000000,641000000,641000000,,,,,,,,,8000000,564700000,None,2170000000,2170000000,663000000,None,856000000,4328000000,None,None,179000000,,,,,0.0,-0.61,662000000,841000000,2.65,2025-03-31,7.04,36983000000,0.0,1071000000,728000000,274000000,10502000000,10502000000,None,None,None,None,None,None,25800000000,None,1538000000,516438000,None,None,None,0.0,,409000000,662000000,20622000000,18848000000,None,882000000,None,,,,,0.52,1.28,1.575,,,,,,,,0.0,,None,2025-10-29,quarterly,2.04,USD,pre-market,None,24426000000,0.0,0.0,0.0,0.0,None,28415000000,1399000000,None,162.38,107.12,-23.0189,80402000000,25591000000,23293000000,53881000000,54811000000,30588000000,3241000000,25884000000,9.4,None,238.59,59.56
2025-12-28,FISV,0.0,9.4,None,,1098000000,1236000000,1236000000,,,,,,,,,8000000,582100000,None,2170000000,2170000000,511000000,None,784000000,3725000000,None,None,179000000,,,,,0.0,-0.61,662000000,841000000,2.65,2024-12-31,7.04,36584000000,0.0,1071000000,728000000,274000000,9940000000,9940000000,None,None,None,None,None,None,23074000000,None,1506000000,516438000,None,None,None,0.0,,409000000,662000000,18516000000,17489000000,None,863000000,None,,,,,0.52,1.28,1.575,,,,,,,,0.0,,None,2025-10-29,quarterly,2.04,USD,pre-market,None,23575000000,0.0,0.0,0.0,0.0,None,24956000000,1226000000,None,162.38,107.12,-23.0189,77176000000,23477000000,22157000000,49490000000,53699000000,27333000000,3241000000,27068000000,9.4,None,238.59,59.56
2025-12-28,FISV,0.0,9.4,None,,1100000000,617000000,617000000,,,,,,,,,8000000,576900000,None,2170000000,2170000000,483000000,None,868000000,3827000000,None,None,179000000,,,,,0.0,-0.61,662000000,841000000,2.65,2024-09-30,7.04,37133000000,0.0,1071000000,728000000,274000000,10322000000,10322000000,None,None,None,None,None,None,23426000000,None,1585000000,516438000,None,None,None,0.0,,409000000,662000000,20681000000,20399000000,None,958000000,None,,,,,0.52,1.28,1.575,,,,,,,,0.0,,None,2025-10-29,quarterly,2.04,USD,pre-market,None,22637000000,0.0,0.0,0.0,0.0,None,25394000000,1309000000,None,162.38,107.12,-23.0189,79792000000,25125000000,23565000000,51389000000,54667000000,27824000000,3241000000,27751000000,9.4,None,238.59,59.56
2025-12-28,FISV,0.0,9.4,None,,None,609000000,609000000,,,,,,,,,8000000,585400000,None,2170000000,2170000000,522000000,None,None,3744000000,None,None,179000000,,,,,0.0,-0.61,662000000,841000000,2.65,2024-06-30,7.04,36867000000,0.0,1071000000,728000000,274000000,10552000000,10552000000,None,None,None,None,None,None,None,None,None,516438000,None,None,None,0.0,,409000000,662000000,33974000000,32471000000,None,None,None,,,,,0.52,1.28,1.575,,,,,,,,0.0,,None,2025-10-29,quarterly,2.04,None,pre-market,None,22073000000,0.0,0.0,0.0,0.0,None,25619000000,1218000000,None,162.38,107.12,-23.0189,93417000000,38327000000,36201000000,64639000000,55090000000,28438000000,3241000000,28154000000,9.4,None,238.59,59.56
2025-12-28,FISV,0.0,9.4,None,,None,596000000,596000000,,,,,,,,,8000000,594800000,None,2170000000,2170000000,540000000,None,None,3574000000,None,None,179000000,,,,,0.0,-0.61,662000000,841000000,2.65,2024-03-31,7.04,37038000000,0.0,1071000000,728000000,274000000,10926000000,10926000000,None,None,None,None,None,None,None,None,None,516438000,None,None,None,0.0,,409000000,662000000,32924000000,31859000000,None,None,None,,,,,0.52,1.28,1.575,,,,,,,,0.0,,None,2025-10-29,quarterly,2.04,None,pre-market,None,21179000000,0.0,0.0,0.0,0.0,None,24539000000,785000000,None,162.38,107.12,-23.0189,92698000000,37094000000,35118000000,63115000000,55604000000,27997000000,3241000000,28801000000,9.4,None,238.59,59.56
2025-12-28,FISV,0.0,9.4,None,,None,1204000000,1204000000,,,,,,,,,8000000,602700000,None,2170000000,2170000000,449000000,None,None,3582000000,None,None,179000000,,,,,0.0,-0.61,662000000,841000000,2.65,2023-12-31,7.04,37205000000,0.0,1071000000,728000000,274000000,11210000000,11210000000,None,None,None,None,None,None,None,None,None,516438000,None,None,None,0.0,,409000000,662000000,30025000000,30335000000,None,None,None,,,,,0.52,1.28,1.575,,,,,,,,0.0,,None,2025-10-29,quarterly,2.04,None,pre-market,None,20444000000,0.0,0.0,0.0,0.0,None,23236000000,873000000,None,162.38,107.12,-23.0189,90890000000,34811000000,33552000000,60221000000,56079000000,26669000000,3241000000,29857000000,9.4,None,238.59,59.56
2025-12-28,FISV,0.0,9.4,None,,None,1349000000,1349000000,,,,,,,,,8000000,610300000,None,2170000000,2170000000,441000000,None,None,3461000000,None,None,179000000,,,,,0.0,-0.61,662000000,841000000,2.65,2023-09-30,7.04,36836000000,0.0,1071000000,728000000,274000000,11439000000,11439000000,None,None,None,None,None,None,None,None,None,516438000,None,None,None,0.0,,409000000,662000000,23771000000,23684000000,None,None,None,,,,,0.52,1.28,1.575,,,,,,,,0.0,,None,2025-10-29,quarterly,2.04,None,pre-market,None,19574000000,0.0,0.0,0.0,0.0,None,23306000000,764000000,None,162.38,107.12,-23.0189,84154000000,28581000000,26629000000,53768000000,55573000000,27139000000,3241000000,29573000000,9.4,None,238.59,59.56
2025-12-28,FISV,0.0,9.4,None,,None,1082000000,1082000000,,,,,,,,,8000000,619200000,None,2170000000,2170000000,412000000,None,None,3465000000,None,None,179000000,,,,,0.0,-0.61,662000000,841000000,2.65,2023-06-30,7.04,37109000000,0.0,1071000000,728000000,274000000,11779000000,11779000000,None,None,None,None,None,None,None,None,None,516438000,None,None,None,0.0,,409000000,662000000,16897000000,16649000000,None,None,None,,,,,0.52,1.28,1.575,,,,,,,,0.0,,None,2025-10-29,quarterly,2.04,None,pre-market,None,18622000000,0.0,0.0,0.0,0.0,None,23321000000,726000000,None,162.38,107.12,-23.0189,77599000000,21444000000,19462000000,46722000000,56155000000,27260000000,3241000000,29991000000,9.4,None,238.59,59.56
2025-12-28,FISV,0.0,9.4,None,,None,1046000000,1046000000,,,,,,,,,8000000,631300000,None,2170000000,2170000000,425000000,None,None,3340000000,None,None,179000000,,,,,0.0,-0.61,662000000,841000000,2.65,2023-03-31,7.04,37017000000,0.0,1071000000,728000000,274000000,11994000000,11994000000,None,None,None,None,None,None,None,None,None,516438000,None,None,None,0.0,,409000000,662000000,15903000000,15949000000,None,None,None,,,,,0.52,1.28,1.575,,,,,,,,0.0,,None,2025-10-29,quarterly,2.04,None,pre-market,None,17939000000,0.0,0.0,0.0,0.0,None,22529000000,586000000,None,162.38,107.12,-23.0189,76548000000,20289000000,18863000000,45594000000,56259000000,26731000000,3241000000,30077000000,9.4,None,238.59,59.56
2025-12-28,FISV,0.0,9.4,None,,None,902000000,902000000,,,,,,,,,8000000,638600000,None,2170000000,2170000000,652000000,None,None,3585000000,None,None,179000000,,,,,0.0,-0.61,662000000,841000000,2.65,2022-12-31,7.04,36811000000,0.0,1071000000,728000000,274000000,12415000000,12415000000,None,None,None,None,None,None,None,None,None,516438000,None,None,None,0.0,,409000000,662000000,23057000000,23286000000,None,None,None,,,,,0.52,1.28,1.575,,,,,,,,0.0,,None,2025-10-29,quarterly,2.04,None,pre-market,None,17376000000,0.0,0.0,0.0,0.0,None,21542000000,592000000,None,162.38,107.12,-23.0189,83869000000,27544000000,26458000000,52181000000,56325000000,25723000000,3241000000,30828000000,9.4,None,238.59,59.56
2025-12-28,FISV,0.0,9.4,None,,None,893000000,893000000,,,,,,,,,8000000,645000000,None,2170000000,2170000000,469000000,None,None,3303000000,None,None,179000000,,,,,0.0,-0.61,662000000,841000000,2.65,2022-09-30,7.04,36241000000,0.0,1071000000,728000000,274000000,12456000000,12456000000,None,None,None,None,None,None,None,None,None,516438000,None,None,None,0.0,,409000000,662000000,15679000000,16149000000,None,None,None,,,,,0.52,1.28,1.575,,,,,,,,0.0,,None,2025-10-29,quarterly,2.04,None,pre-market,None,16594000000,0.0,0.0,0.0,0.0,None,21375000000,528000000,None,162.38,107.12,-23.0189,75640000000,19875000000,18724000000,44497000000,55765000000,25773000000,3241000000,30326000000,9.4,None,238.59,59.56
2025-12-28,FISV,0.0,9.4,None,,None,883000000,883000000,,,,,,,,,8000000,650800000,None,2170000000,2170000000,545000000,None,None,3194000000,None,None,179000000,,,,,0.0,-0.61,662000000,841000000,2.65,2022-06-30,7.04,36829000000,0.0,1071000000,728000000,274000000,13016000000,13016000000,None,None,None,None,None,None,None,None,None,516438000,None,None,None,0.0,,409000000,662000000,16204000000,16621000000,None,None,None,,,,,0.52,1.28,1.575,,,,,,,,0.0,,None,2025-10-29,quarterly,2.04,None,pre-market,None,16113000000,0.0,0.0,0.0,0.0,None,21515000000,600000000,None,162.38,107.12,-23.0189,77212000000,20281000000,19351000000,45242000000,56931000000,25891000000,3241000000,31109000000,9.4,None,238.59,59.56
2025-12-28,FISV,0.0,9.4,None,,None,863000000,863000000,,,,,,,,,8000000,657200000,None,2170000000,2170000000,439000000,None,None,2911000000,None,None,179000000,,,,,0.0,-0.61,662000000,841000000,2.65,2022-03-31,7.04,36538000000,0.0,1071000000,728000000,274000000,13442000000,13442000000,None,None,None,None,None,None,None,None,None,516438000,None,None,None,0.0,,409000000,662000000,14669000000,15095000000,None,None,None,,,,,0.52,1.28,1.575,,,,,,,,0.0,,None,2025-10-29,quarterly,2.04,None,pre-market,None,15515000000,0.0,0.0,0.0,0.0,None,21070000000,552000000,None,162.38,107.12,-23.0189,75470000000,18443000000,17730000000,43328000000,57027000000,25598000000,3241000000,31272000000,9.4,None,238.59,59.56
2025-12-28,FISV,0.0,9.4,None,,None,835000000,835000000,,,,,,,,,8000000,663900000,None,2170000000,2170000000,593000000,None,None,2860000000,None,None,179000000,,,,,0.0,-0.61,662000000,841000000,2.65,2021-12-31,7.04,36433000000,0.0,1071000000,728000000,274000000,14009000000,14009000000,None,None,None,None,None,None,None,None,None,516438000,None,None,None,0.0,,409000000,662000000,15175000000,15672000000,None,None,None,,,,,0.52,1.28,1.575,,,,,,,,0.0,,None,2025-10-29,quarterly,2.04,None,pre-market,None,14846000000,0.0,0.0,0.0,0.0,None,21237000000,508000000,None,162.38,107.12,-23.0189,76249000000,18870000000,18295000000,44299000000,57379000000,26004000000,3241000000,30952000000,9.4,None,238.59,59.56
2025-12-28,FISV,0.0,9.4,None,,None,933000000,933000000,,,,,,,,,8000000,669700000,None,2170000000,2170000000,496000000,None,None,2793000000,None,None,179000000,,,,,0.0,-0.61,662000000,841000000,2.65,2021-09-30,7.04,36303000000,0.0,1071000000,728000000,274000000,14268000000,14268000000,None,None,None,None,None,None,None,None,None,516438000,None,None,None,0.0,,409000000,662000000,14699000000,15128000000,None,None,None,,,,,0.52,1.28,1.575,,,,,,,,0.0,,None,2025-10-29,quarterly,2.04,None,pre-market,None,14442000000,0.0,0.0,0.0,0.0,None,20989000000,449000000,None,162.38,107.12,-23.0189,75767000000,18425000000,17562000000,43183000000,57342000000,25621000000,3241000000,31596000000,9.4,None,238.59,59.56
2025-12-28,FISV,0.0,9.4,None,,None,841000000,841000000,,,,,,,,,8000000,672700000,None,2170000000,2170000000,479000000,None,None,2663000000,None,None,179000000,,,,,0.0,-0.61,662000000,841000000,2.65,2021-06-30,7.04,36668000000,0.0,1071000000,728000000,274000000,14711000000,14711000000,None,None,None,94680000,None,None,None,None,None,516438000,None,None,None,0.0,,409000000,662000000,14128320000,14943000000,None,None,None,,,,,0.52,1.28,1.575,,,,,,,,0.0,,None,2025-10-29,quarterly,2.04,None,pre-market,None,14014000000,0.0,0.0,0.0,0.0,None,20843000000,418000000,None,162.38,107.12,-23.0189,75776000000,17727000000,17251000000,42983000000,58049000000,25732000000,3241000000,31793000000,9.4,None,238.59,59.56
2025-12-28,FISV,0.0,9.4,None,,None,831000000,831000000,,,,,,,,,8000000,679900000,None,2170000000,2170000000,483000000,None,None,2617000000,None,None,179000000,,,,,0.0,-0.61,662000000,841000000,2.65,2021-03-31,7.04,36380000000,0.0,1071000000,728000000,274000000,14995000000,14995000000,None,None,None,94738000,None,None,None,None,None,516438000,None,None,None,0.0,,409000000,662000000,12897262000,13623000000,None,None,None,,,,,0.52,1.28,1.575,,,,,,,,0.0,,None,2025-10-29,quarterly,2.04,None,pre-market,None,13745000000,0.0,0.0,0.0,0.0,None,21204000000,366000000,None,162.38,107.12,-23.0189,74840000000,16440000000,15905000000,41995000000,58400000000,26090000000,3241000000,31851000000,9.4,None,238.59,59.56
2025-12-28,FISV,0.0,9.4,None,,None,906000000,906000000,,,,,,,,,8000000,681200000,None,2170000000,2170000000,437000000,None,None,2482000000,None,None,179000000,,,,,0.0,-0.61,662000000,841000000,2.65,2020-12-31,7.04,36322000000,0.0,1071000000,728000000,274000000,15358000000,15358000000,None,None,None,None,None,None,None,None,None,516438000,None,None,None,0.0,,409000000,662000000,12831000000,13438000000,None,None,None,,,,,0.52,1.28,1.575,,,,,,,,0.0,,None,2025-10-29,quarterly,2.04,None,pre-market,None,13441000000,0.0,0.0,0.0,0.0,None,20684000000,384000000,None,162.38,107.12,-23.0189,74619000000,16219000000,15637000000,41290000000,58400000000,25653000000,3241000000,32330000000,9.4,None,238.59,59.56
2025-12-28,FISV,0.0,9.4,None,,None,937000000,937000000,,,,,,,,,8000000,680300000,None,2170000000,2170000000,373000000,None,None,2323000000,None,None,179000000,,,,,0.0,-0.61,662000000,841000000,2.65,2020-09-30,7.04,35908000000,0.0,1071000000,728000000,274000000,15649000000,15649000000,None,None,None,82817000,None,None,None,None,None,516438000,None,None,None,0.0,,409000000,662000000,10682183000,11292000000,None,None,None,,,,,0.52,1.28,1.575,,,,,,,,0.0,,None,2025-10-29,quarterly,2.04,None,pre-market,None,13141000000,0.0,0.0,0.0,0.0,None,21259000000,365000000,None,162.38,107.12,-23.0189,72372000000,14025000000,13263000000,39683000000,58347000000,26420000000,3241000000,31692000000,9.4,None,238.59,59.56
2025-12-28,FISV,0.0,9.4,None,,None,869000000,869000000,,,,,,,,,8000000,680800000,None,2170000000,2170000000,400000000,None,None,2512000000,None,None,179000000,,,,,0.0,-0.61,662000000,841000000,2.65,2020-06-30,7.04,36088000000,0.0,1071000000,728000000,274000000,16636000000,16636000000,None,None,None,79857000,None,None,None,None,None,516438000,None,None,None,0.0,,409000000,662000000,14021143000,14755000000,None,None,None,,,,,0.52,1.28,1.575,,,,,,,,0.0,,None,2025-10-29,quarterly,2.04,None,pre-market,None,12877000000,0.0,0.0,0.0,0.0,None,21874000000,359000000,None,162.38,107.12,-23.0189,77093000000,17482000000,16760000000,43807000000,59611000000,27047000000,3241000000,31583000000,9.4,None,238.59,59.56
2025-12-28,FISV,0.0,9.4,None,,None,896000000,896000000,,,,,,,,,8000000,691200000,None,2170000000,2170000000,370000000,None,None,2582000000,None,None,179000000,,,,,0.0,-0.61,662000000,841000000,2.65,2020-03-31,7.04,35695000000,0.0,1071000000,728000000,274000000,17004000000,17004000000,None,None,None,78088000,None,None,None,None,None,516438000,None,None,None,0.0,,409000000,662000000,9376912000,10126000000,None,None,None,,,,,0.52,1.28,1.575,,,,,,,,0.0,,None,2025-10-29,quarterly,2.04,None,pre-market,None,12875000000,0.0,0.0,0.0,0.0,None,21968000000,338000000,None,162.38,107.12,-23.0189,72598000000,12933000000,12119000000,39052000000,59665000000,26933000000,3241000000,31843000000,9.4,None,238.59,59.56
2025-12-28,FISV,0.0,9.4,None,,None,893000000,893000000,,,,,,,,,8000000,694700000,None,2170000000,2170000000,392000000,None,None,2782000000,None,None,179000000,,,,,0.0,-0.61,662000000,841000000,2.65,2019-12-31,7.04,36038000000,0.0,1071000000,728000000,274000000,17642000000,17642000000,None,None,None,78829000,None,None,None,None,None,516438000,None,None,None,0.0,,409000000,662000000,13292171000,13769000000,None,None,None,,,,,0.52,1.28,1.575,,,,,,,,0.0,,None,2025-10-29,quarterly,2.04,None,pre-market,None,12528000000,0.0,0.0,0.0,0.0,None,21899000000,287000000,None,162.38,107.12,-23.0189,77539000000,17046000000,15727000000,42682000000,60493000000,26955000000,3241000000,32979000000,9.4,None,238.59,59.56
2025-12-28,FISV,0.0,9.4,None,,None,1028000000,1028000000,,,,,,,,,8000000,596900000,None,2170000000,2170000000,402000000,None,None,2653000000,None,None,179000000,,,,,0.0,-0.61,662000000,841000000,2.65,2019-09-30,7.04,35517000000,0.0,1071000000,728000000,274000000,17737000000,17737000000,None,None,None,86817000,None,None,None,None,None,516438000,None,None,None,0.0,,409000000,662000000,14223183000,14816299000,None,None,None,,,,,0.52,1.28,1.575,,,,,,,,0.0,,None,2025-10-29,quarterly,2.04,None,pre-market,None,12281000000,0.0,0.0,0.0,0.0,None,22491000000,368000000,None,162.38,107.12,-23.0189,77864000000,17991000000,16661000000,44012000000,59873000000,27351000000,3241000000,32669000000,9.4,None,238.59,59.56
2025-12-28,FISV,0.0,9.4,None,,None,8441000000,8441000000,,,,,,,,,8000000,399600000,None,2170000000,2170000000,107000000,None,None,989000000,None,None,179000000,,,,,0.0,-0.61,662000000,841000000,2.65,2019-06-30,7.04,5702000000,0.0,1071000000,728000000,274000000,2102000000,2102000000,None,None,None,None,None,None,None,None,None,516438000,None,None,None,0.0,,409000000,662000000,779000000,873220000,None,None,None,,,,,0.52,1.28,1.575,,,,,,,,0.0,,None,2025-10-29,quarterly,2.04,None,pre-market,None,12083000000,0.0,0.0,0.0,0.0,None,14157000000,83000000,None,162.38,107.12,-23.0189,19640000000,10209000000,2054000000,17094000000,9431000000,15040000000,3241000000,2546000000,9.4,None,238.59,59.56
2025-12-28,FISV,0.0,9.4,None,,None,452000000,452000000,,,,,,,,,8000000,399100000,None,2170000000,2170000000,98000000,None,None,1044000000,None,None,179000000,,,,,0.0,-0.61,662000000,841000000,2.65,2019-03-31,7.04,5703000000,0.0,1071000000,728000000,274000000,2117000000,2117000000,None,None,None,None,None,None,None,None,None,516438000,None,None,None,0.0,,409000000,662000000,779000000,928087000,None,None,None,,,,,0.52,1.28,1.575,,,,,,,,0.0,,None,2025-10-29,quarterly,2.04,None,pre-market,None,11860000000,0.0,0.0,0.0,0.0,None,6263000000,85000000,None,162.38,107.12,-23.0189,11676000000,2275000000,2120000000,9282000000,9401000000,7162000000,3241000000,2394000000,9.4,None,238.59,59.56
2025-12-28,FISV,0.0,9.4,None,,None,415000000,415000000,,,,,,,,,8000000,404700000,None,2170000000,2170000000,127000000,None,None,1049000000,None,None,179000000,,,,,0.0,-0.61,662000000,841000000,2.65,2018-12-31,7.04,5702000000,0.0,1071000000,728000000,274000000,2143000000,2143000000,None,None,None,69382000,None,None,None,None,None,516438000,None,None,None,0.0,,409000000,662000000,690618000,906624000,None,None,None,,,,,0.52,1.28,1.575,,,,,,,,0.0,,None,2025-10-29,quarterly,2.04,None,pre-market,None,11635000000,0.0,0.0,0.0,0.0,None,5959000000,4000000,None,162.38,107.12,-23.0189,11262000000,2224000000,2010000000,8969000000,9038000000,6959000000,3241000000,2293000000,9.4,None,238.59,59.56
2025-12-28,FISV,0.0,9.4,None,,None,673000000,673000000,,,,,,,,,8000000,412000000,None,2170000000,2170000000,97000000,None,None,949000000,None,None,179000000,,,,,0.0,-0.61,662000000,841000000,2.65,2018-09-30,7.04,5450000000,0.0,1071000000,728000000,274000000,1802000000,1802000000,None,None,None,None,None,None,None,None,None,516438000,None,None,None,0.0,,409000000,662000000,716000000,917274000,None,None,None,,,,,0.52,1.28,1.575,,,,,,,,0.0,,None,2025-10-29,quarterly,2.04,None,pre-market,None,11349000000,0.0,0.0,0.0,0.0,None,5275000000,452000000,None,162.38,107.12,-23.0189,10748000000,2338000000,2320000000,8087000000,8410000000,5767000000,3241000000,2661000000,9.4,None,238.59,59.56
2025-12-28,FISV,0.0,9.4,None,,None,348000000,348000000,,,,,,,,,8000000,416400000,None,2170000000,2170000000,95000000,None,None,932000000,None,None,179000000,,,,,0.0,-0.61,662000000,841000000,2.65,2018-06-30,7.04,5456000000,0.0,1071000000,728000000,274000000,1833000000,1833000000,None,None,None,None,None,None,None,None,None,516438000,None,None,None,0.0,,409000000,662000000,524000000,661970000,None,None,None,,,,,0.52,1.28,1.575,,,,,,,,0.0,,None,2025-10-29,quarterly,2.04,None,pre-market,None,11122000000,0.0,0.0,0.0,0.0,None,4806000000,1000000,None,162.38,107.12,-23.0189,10218000000,1804000000,1655000000,7368000000,8414000000,5713000000,3241000000,2850000000,9.4,None,238.59,59.56
2025-12-28,FISV,0.0,9.4,None,,None,382000000,382000000,,,,,,,,,8000000,421600000,None,2170000000,2170000000,81000000,None,None,878000000,None,None,179000000,,,,,0.0,-0.61,662000000,841000000,2.65,2018-03-31,7.04,5454000000,0.0,1071000000,728000000,274000000,1855000000,1855000000,None,None,None,72507000,None,None,None,None,None,516438000,None,None,None,0.0,,409000000,662000000,508000000,696372000,None,None,None,,,,,0.52,1.28,1.575,,,,,,,,0.0,,None,2025-10-29,quarterly,2.04,None,pre-market,None,10871000000,0.0,0.0,0.0,0.0,None,4604000000,1000000,None,162.38,107.12,-23.0189,10167000000,1768000000,1683000000,7196000000,8399000000,5513000000,3241000000,2971000000,9.4,None,238.59,59.56
2025-12-28,FISV,0.0,9.4,None,,None,325000000,325000000,,,,,,,,,4000000,425000000,None,2170000000,2170000000,80000000,None,None,997000000,None,None,179000000,,,,,0.0,-0.61,662000000,841000000,2.65,2017-12-31,7.04,5590000000,0.0,1071000000,728000000,274000000,1882000000,1882000000,None,None,None,76420000,None,None,None,None,None,516438000,None,None,None,0.0,,409000000,662000000,653000000,600000000,None,None,None,,,,,0.52,1.28,1.575,,,,,,,,0.0,,None,2025-10-29,quarterly,2.04,None,pre-market,None,10240000000,0.0,0.0,0.0,0.0,None,4900000000,3000000,None,162.38,107.12,-23.0189,10289000000,1975000000,1938000000,7558000000,8314000000,5620000000,3241000000,2731000000,9.4,None,238.59,59.56
2025-12-28,FISV,0.0,9.4,None,,None,325000000,325000000,,,,,,,,,4000000,429000000,None,2170000000,2170000000,83000000,None,None,898000000,None,None,179000000,,,,,0.0,-0.61,662000000,841000000,2.65,2017-09-30,7.04,5612000000,0.0,1071000000,728000000,274000000,1888000000,1888000000,None,None,None,None,None,None,None,None,None,516438000,None,None,None,0.0,,409000000,662000000,647000000,726207000,None,None,None,,,,,0.52,1.28,1.575,,,,,,,,0.0,,None,2025-10-29,quarterly,2.04,None,pre-market,None,9694000000,0.0,0.0,0.0,0.0,None,5111000000,93000000,None,162.38,107.12,-23.0189,10199000000,1870000000,1850000000,7849000000,8329000000,5999000000,3241000000,2350000000,9.4,None,238.59,59.56
2025-12-28,FISV,0.0,9.4,None,,None,299000000,299000000,,,,,,,,,4000000,432600000,None,2170000000,2170000000,85000000,None,None,845000000,None,None,179000000,,,,,0.0,-0.61,662000000,841000000,2.65,2017-06-30,7.04,5435000000,0.0,1071000000,728000000,274000000,1807000000,1807000000,None,None,None,None,None,None,None,None,None,516438000,None,None,None,0.0,,409000000,662000000,488000000,586528000,None,None,None,,,,,0.52,1.28,1.575,,,,,,,,0.0,,None,2025-10-29,quarterly,2.04,None,pre-market,None,9462000000,0.0,0.0,0.0,0.0,None,4741000000,95000000,None,162.38,107.12,-23.0189,9685000000,1632000000,1707000000,7294000000,8053000000,5587000000,3241000000,2391000000,9.4,None,238.59,59.56
2025-12-28,FISV,0.0,9.4,None,,None,308000000,308000000,,,,,,,,,4000000,438400000,None,2170000000,2170000000,83000000,None,None,861000000,None,None,179000000,,,,,0.0,-0.61,662000000,841000000,2.65,2017-03-31,7.04,5432000000,0.0,1071000000,728000000,274000000,1838000000,1838000000,None,None,None,None,None,None,None,None,None,516438000,None,None,None,0.0,,409000000,662000000,446000000,574000000,None,None,None,,,,,0.52,1.28,1.575,,,,,,,,0.0,,None,2025-10-29,quarterly,2.04,None,pre-market,None,9241000000,0.0,0.0,0.0,0.0,None,4638000000,91000000,None,162.38,107.12,-23.0189,9696000000,1615000000,1790000000,7272000000,8081000000,5482000000,3241000000,2424000000,9.4,None,238.59,59.56
2025-12-28,FISV,0.0,9.4,None,,None,300000000,300000000,,,,,,,,,4000000,439800000,None,2170000000,2170000000,110000000,None,None,902000000,None,None,179000000,,,,,0.0,-0.61,662000000,841000000,2.65,2016-12-31,7.04,5373000000,0.0,1071000000,728000000,274000000,1833000000,1833000000,None,None,None,None,None,None,None,None,None,516438000,None,None,None,0.0,,409000000,662000000,526000000,696403000,None,None,None,,,,,0.52,1.28,1.575,,,,,,,,0.0,,None,2025-10-29,quarterly,2.04,None,pre-market,None,8994000000,0.0,0.0,0.0,0.0,None,4562000000,95000000,None,162.38,107.12,-23.0189,9743000000,1728000000,1820000000,7202000000,8015000000,5382000000,3241000000,2541000000,9.4,None,238.59,59.56
2025-12-28,FISV,0.0,9.4,None,,None,303000000,303000000,,,,,,,,,4000000,445400000,None,2170000000,2170000000,73000000,None,None,830000000,None,None,179000000,,,,,0.0,-0.61,662000000,841000000,2.65,2016-09-30,7.04,5375000000,0.0,1071000000,728000000,274000000,1868000000,1868000000,None,None,None,None,None,None,None,None,None,516438000,None,None,None,0.0,,409000000,662000000,467000000,641243000,None,None,None,,,,,0.52,1.28,1.575,,,,,,,,0.0,,None,2025-10-29,quarterly,2.04,None,pre-market,None,8779000000,0.0,0.0,0.0,0.0,None,4630000000,6000000,None,162.38,107.12,-23.0189,9637000000,1600000000,1548000000,7068000000,8037000000,5520000000,3241000000,2569000000,9.4,None,238.59,59.56
2025-12-28,FISV,0.0,9.4,None,,None,263000000,263000000,,,,,,,,,4000000,451200000,None,2170000000,2170000000,71000000,None,None,812000000,None,None,179000000,,,,,0.0,-0.61,662000000,841000000,2.65,2016-06-30,7.04,5380000000,0.0,1071000000,728000000,274000000,1893000000,1893000000,None,None,None,None,None,None,None,None,None,516438000,None,None,None,0.0,,409000000,662000000,411000000,543692000,None,None,None,,,,,0.52,1.28,1.575,,,,,,,,0.0,,None,2025-10-29,quarterly,2.04,None,pre-market,None,8565000000,0.0,0.0,0.0,0.0,None,4554000000,6000000,None,162.38,107.12,-23.0189,9530000000,1486000000,1452000000,6888000000,8044000000,5436000000,3241000000,2642000000,9.4,None,238.59,59.56
2025-12-28,FISV,0.0,9.4,None,,None,283000000,283000000,,,,,,,,,4000000,454600000,None,2170000000,2170000000,66000000,None,None,805000000,None,None,179000000,,,,,0.0,-0.61,662000000,841000000,2.65,2016-03-31,7.04,5380000000,0.0,1071000000,728000000,274000000,1909000000,1909000000,None,None,None,None,None,None,None,None,None,516438000,None,None,None,0.0,,409000000,662000000,388000000,519000000,None,None,None,,,,,0.52,1.28,1.575,,,,,,,,0.0,,None,2025-10-29,quarterly,2.04,None,pre-market,None,8353000000,0.0,0.0,0.0,0.0,None,4449000000,4000000,None,162.38,107.12,-23.0189,9552000000,1476000000,1542000000,6868000000,8076000000,5326000000,3241000000,2684000000,9.4,None,238.59,59.56
2025-12-28,FISV,0.0,9.4,None,,None,275000000,275000000,,,,,,,,,4000000,463200000,None,2170000000,2170000000,74000000,None,None,802000000,None,None,179000000,,,,,0.0,-0.61,662000000,841000000,2.65,2015-12-31,7.04,5200000000,0.0,1071000000,728000000,274000000,1872000000,1872000000,None,None,None,None,None,None,None,None,None,516438000,None,None,None,0.0,,409000000,662000000,429000000,588825000,None,None,None,,,,,0.52,1.28,1.575,,,,,,,,0.0,,None,2025-10-29,quarterly,2.04,None,pre-market,None,8064000000,0.0,0.0,0.0,0.0,None,4293000000,5000000,None,162.38,107.12,-23.0189,9340000000,1506000000,1502000000,6680000000,7834000000,5178000000,3241000000,2660000000,9.4,None,238.59,59.56
2025-12-28,FISV,0.0,9.4,None,,None,309000000,309000000,,,,,,,,,4000000,474000000,None,2170000000,2170000000,77000000,None,None,783000000,None,None,179000000,,,,,0.0,-0.61,662000000,841000000,2.65,2015-09-30,7.04,5201000000,0.0,1071000000,728000000,274000000,1906000000,1906000000,None,None,None,None,None,None,None,None,None,516438000,None,None,None,0.0,,409000000,662000000,439000000,600811000,None,None,None,,,,,0.52,1.28,1.575,,,,,,,,0.0,,None,2025-10-29,quarterly,2.04,None,pre-market,None,7875000000,0.0,0.0,0.0,0.0,None,4235000000,5000000,None,162.38,107.12,-23.0189,9387000000,1531000000,1411000000,6518000000,7856000000,5107000000,3241000000,2869000000,9.4,None,238.59,59.56
2025-12-28,FISV,0.0,9.4,None,,None,530000000,530000000,,,,,,,,,4000000,480800000,None,2170000000,2170000000,77000000,None,None,746000000,None,None,179000000,,,,,0.0,-0.61,662000000,841000000,2.65,2015-06-30,7.04,5204000000,0.0,1071000000,728000000,274000000,1940000000,1940000000,None,None,None,None,None,None,None,None,None,516438000,None,None,None,0.0,,409000000,662000000,438000000,492872000,None,None,None,,,,,0.52,1.28,1.575,,,,,,,,0.0,,None,2025-10-29,quarterly,2.04,None,pre-market,None,7657000000,0.0,0.0,0.0,0.0,None,4236000000,5000000,None,162.38,107.12,-23.0189,9588000000,1714000000,1336000000,6445000000,7874000000,5109000000,3241000000,3143000000,9.4,None,238.59,59.56
2025-12-28,FISV,0.0,9.4,None,,None,296000000,296000000,,,,,,,,,4000000,486000000,None,2170000000,2170000000,56000000,None,None,765000000,None,None,179000000,,,,,0.0,-0.61,662000000,841000000,2.65,2015-03-31,7.04,5204000000,0.0,1071000000,728000000,274000000,1974000000,1974000000,None,None,None,None,None,None,None,None,None,516438000,None,None,None,0.0,,409000000,662000000,437000000,572136000,None,None,None,,,,,0.52,1.28,1.575,,,,,,,,0.0,,None,2025-10-29,quarterly,2.04,None,pre-market,None,7530000000,0.0,0.0,0.0,0.0,None,3852000000,95000000,None,162.38,107.12,-23.0189,9335000000,1498000000,1501000000,6117000000,7837000000,4616000000,3241000000,3218000000,9.4,None,238.59,59.56
2025-12-28,FISV,0.0,9.4,None,,None,294000000,294000000,,,,,,,,,4000000,494400000,None,2170000000,2170000000,61000000,None,None,798000000,None,None,179000000,,,,,0.0,-0.61,662000000,841000000,2.65,2014-12-31,7.04,5209000000,0.0,1071000000,728000000,274000000,2003000000,2003000000,None,None,None,None,None,None,None,None,None,516438000,None,None,None,0.0,,409000000,662000000,352000000,547448000,None,None,None,,,,,0.52,1.28,1.575,,,,,,,,0.0,,None,2025-10-29,quarterly,2.04,None,pre-market,None,7352000000,0.0,0.0,0.0,0.0,None,3803000000,92000000,None,162.38,107.12,-23.0189,9337000000,1486000000,1486000000,6042000000,7851000000,4556000000,3241000000,3295000000,9.4,None,238.59,59.56
2025-12-28,FISV,0.0,9.4,None,,None,409000000,409000000,,,,,,,,,4000000,503600000,None,2170000000,2170000000,54000000,None,None,748000000,None,None,179000000,,,,,0.0,-0.61,662000000,841000000,2.65,2014-09-30,7.04,5212000000,0.0,1071000000,728000000,274000000,2042000000,2042000000,None,None,None,None,None,None,None,None,None,516438000,None,None,None,0.0,,409000000,662000000,422000000,556692000,None,None,None,,,,,0.52,1.28,1.575,,,,,,,,0.0,,None,2025-10-29,quarterly,2.04,None,pre-market,None,7171000000,0.0,0.0,0.0,0.0,None,3848000000,92000000,None,162.38,107.12,-23.0189,9438000000,1579000000,1397000000,5976000000,7859000000,4579000000,3241000000,3462000000,9.4,None,238.59,59.56
2025-12-28,FISV,0.0,9.4,None,,None,329000000,329000000,,,,,,,,,4000000,506800000,None,2170000000,2170000000,55000000,None,None,730000000,None,None,179000000,,,,,0.0,-0.61,662000000,841000000,2.65,2014-06-30,7.04,5217000000,0.0,1071000000,728000000,274000000,2070000000,2070000000,None,None,None,213522000,None,None,None,None,None,516438000,None,None,None,0.0,,409000000,662000000,252478000,1190493000,None,None,None,,,,,0.52,1.28,1.575,,,,,,,,0.0,,None,2025-10-29,quarterly,2.04,None,pre-market,None,6932000000,0.0,0.0,0.0,0.0,None,3848000000,92000000,None,162.38,107.12,-23.0189,9403000000,1525000000,1368000000,5928000000,7878000000,4560000000,3241000000,3475000000,9.4,None,238.59,59.56
2025-12-28,FISV,0.0,9.4,None,,None,307000000,307000000,,,,,,,,,4000000,517200000,None,2170000000,2170000000,61000000,None,None,752000000,None,None,179000000,,,,,0.0,-0.61,662000000,841000000,2.65,2014-03-31,7.04,5215000000,0.0,1071000000,728000000,274000000,2101000000,2101000000,None,None,None,203129000,None,None,None,None,None,516438000,None,None,None,0.0,,409000000,662000000,284871000,595281000,None,None,None,,,,,0.52,1.28,1.575,,,,,,,,0.0,,None,2025-10-29,quarterly,2.04,None,pre-market,None,6766000000,0.0,0.0,0.0,0.0,None,3848000000,92000000,None,162.38,107.12,-23.0189,9473000000,1547000000,1438000000,6030000000,7926000000,4592000000,3241000000,3443000000,9.4,None,238.59,59.56
2025-12-28,FISV,0.0,9.4,None,,None,400000000,400000000,,,,,,,,,4000000,513400000,None,2170000000,2170000000,67000000,None,None,751000000,None,None,179000000,,,,,0.0,-0.61,662000000,841000000,2.65,2013-12-31,7.04,5216000000,0.0,1071000000,728000000,274000000,2142000000,2142000000,None,None,None,None,None,None,None,None,None,516438000,None,None,None,0.0,,409000000,662000000,421000000,473112000,None,None,None,,,,,0.52,1.28,1.575,,,,,,,,0.0,,None,2025-10-29,quarterly,2.04,None,pre-market,None,6598000000,0.0,0.0,0.0,0.0,None,3848000000,92000000,None,162.38,107.12,-23.0189,9513000000,1572000000,1332000000,5928000000,7941000000,4596000000,3241000000,3585000000,9.4,None,238.59,59.56
2025-12-28,FISV,0.0,9.4,None,,None,321000000,321000000,,,,,,,,,2000000,527600000,None,2170000000,2170000000,61000000,None,None,710000000,None,None,179000000,,,,,0.0,-0.61,662000000,841000000,2.65,2013-09-30,7.04,5217000000,0.0,1071000000,728000000,274000000,2180000000,2180000000,None,None,None,161469000,None,None,None,None,None,516438000,None,None,None,0.0,,409000000,662000000,334531000,545722000,None,None,None,,,,,0.52,1.28,1.575,,,,,,,,0.0,,None,2025-10-29,quarterly,2.04,None,pre-market,None,6377000000,0.0,0.0,0.0,0.0,None,3931000000,2000000,None,162.38,107.12,-23.0189,9456000000,1527000000,1228000000,5996000000,7929000000,4768000000,3241000000,3460000000,9.4,None,238.59,59.56
2025-12-28,FISV,0.0,9.4,None,,None,320000000,320000000,,,,,,,,,2000000,537200000,None,2170000000,2170000000,58000000,None,None,691000000,None,None,179000000,,,,,0.0,-0.61,662000000,841000000,2.65,2013-06-30,7.04,5231000000,0.0,1071000000,728000000,274000000,2209000000,2209000000,None,None,None,None,None,None,None,None,None,516438000,None,None,None,0.0,,409000000,662000000,443000000,511352000,None,None,None,,,,,0.52,1.28,1.575,,,,,,,,0.0,,None,2025-10-29,quarterly,2.04,None,pre-market,None,6218000000,0.0,0.0,0.0,0.0,None,3953000000,2000000,None,162.38,107.12,-23.0189,9434000000,1454000000,1173000000,5971000000,7980000000,4798000000,3241000000,3463000000,9.4,None,238.59,59.56
2025-12-28,FISV,0.0,9.4,None,,None,356000000,356000000,,,,,,,,,2000000,540400000,None,2170000000,2170000000,95000000,None,None,674000000,None,None,179000000,,,,,0.0,-0.61,662000000,841000000,2.65,2013-03-31,7.04,5231000000,0.0,1071000000,728000000,274000000,2252000000,2252000000,None,None,None,None,None,None,None,None,None,516438000,None,None,None,0.0,,409000000,662000000,423000000,498040000,None,None,None,,,,,0.52,1.28,1.575,,,,,,,,0.0,,None,2025-10-29,quarterly,2.04,None,pre-market,None,6067000000,0.0,0.0,0.0,0.0,None,4049000000,2000000,None,162.38,107.12,-23.0189,9563000000,1453000000,1190000000,6066000000,8110000000,4876000000,3241000000,3497000000,9.4,None,238.59,59.56
2025-12-28,FISV,0.0,9.4,None,,None,358000000,358000000,,,,,,,,,2000000,540400000,None,2170000000,2170000000,97000000,None,None,661000000,None,None,179000000,,,,,0.0,-0.61,662000000,841000000,2.65,2012-12-31,7.04,4719000000,0.0,1071000000,728000000,274000000,1760000000,1760000000,None,None,None,108543000,None,None,None,None,None,516438000,None,None,None,0.0,,409000000,662000000,315457000,456153000,None,None,None,,,,,0.52,1.28,1.575,,,,,,,,0.0,,None,2025-10-29,quarterly,2.04,None,pre-market,None,5950000000,0.0,0.0,0.0,0.0,None,3230000000,2000000,None,162.38,107.12,-23.0189,8497000000,1412000000,1105000000,5080000000,7085000000,3975000000,3241000000,3417000000,9.4,None,238.59,59.56
2025-12-28,FISV,0.0,9.4,None,,None,307000000,307000000,,,,,,,,,2000000,546400000,None,2170000000,2170000000,84000000,None,None,643000000,None,None,179000000,,,,,0.0,-0.61,662000000,841000000,2.65,2012-09-30,7.04,4719000000,0.0,1071000000,728000000,274000000,1782000000,1782000000,None,None,None,None,None,None,None,None,None,516438000,None,None,None,0.0,,409000000,662000000,375000000,499000000,None,None,None,,,,,0.52,1.28,1.575,,,,,,,,0.0,,None,2025-10-29,quarterly,2.04,None,pre-market,None,5771000000,0.0,0.0,0.0,0.0,None,3449000000,2000000,None,162.38,107.12,-23.0189,8453000000,1325000000,1051000000,5195000000,7128000000,4144000000,3241000000,3258000000,9.4,None,238.59,59.56
2025-12-28,FISV,0.0,9.4,None,,None,302000000,302000000,,,,,,,,,2000000,551200000,None,2170000000,2170000000,94000000,None,None,606000000,None,None,179000000,,,,,0.0,-0.61,662000000,841000000,2.65,2012-06-30,7.04,4718000000,0.0,1071000000,728000000,274000000,1814000000,1814000000,None,None,None,None,None,None,None,None,None,516438000,None,None,None,0.0,,409000000,662000000,375000000,508000000,None,None,None,,,,,0.52,1.28,1.575,,,,,,,,0.0,,None,2025-10-29,quarterly,2.04,None,pre-market,None,5632000000,0.0,0.0,0.0,0.0,None,3415000000,178000000,None,162.38,107.12,-23.0189,8416000000,1283000000,1235000000,5163000000,7133000000,3928000000,3241000000,3253000000,9.4,None,238.59,59.56
2025-12-28,FISV,0.0,9.4,None,,None,311000000,311000000,,,,,,,,,2000000,562000000,None,2170000000,2170000000,85000000,None,None,650000000,None,None,179000000,,,,,0.0,-0.61,662000000,841000000,2.65,2012-03-31,7.04,4721000000,0.0,1071000000,728000000,274000000,1851000000,1851000000,None,None,None,None,None,None,None,None,None,516438000,None,None,None,0.0,,409000000,662000000,355000000,600000000,None,None,None,,,,,0.52,1.28,1.575,,,,,,,,0.0,,None,2025-10-29,quarterly,2.04,None,pre-market,None,5471000000,0.0,0.0,0.0,0.0,None,3396000000,178000000,None,162.38,107.12,-23.0189,8484000000,1316000000,1353000000,5269000000,7168000000,3916000000,3241000000,3215000000,9.4,None,238.59,59.56
2025-12-28,FISV,0.0,9.4,None,,None,337000000,337000000,,,,,,,,,2000000,560400000,None,2170000000,2170000000,96000000,None,None,666000000,None,None,179000000,,,,,0.0,-0.61,662000000,841000000,2.65,2011-12-31,7.04,4720000000,0.0,1071000000,728000000,274000000,1881000000,1881000000,None,None,None,44000000,None,None,None,None,None,516438000,None,None,None,0.0,,409000000,662000000,309000000,626000000,None,None,None,,,,,0.52,1.28,1.575,,,,,,,,0.0,,None,2025-10-29,quarterly,2.04,None,pre-market,None,5339000000,0.0,0.0,0.0,0.0,None,3395000000,179000000,None,162.38,107.12,-23.0189,8548000000,1356000000,1384000000,5290000000,7192000000,3906000000,3241000000,3258000000,9.4,None,238.59,59.56
2025-12-28,FISV,0.0,9.4,None,,None,281000000,281000000,,,,,,,,,2000000,570400000,None,2170000000,2170000000,95000000,None,None,579000000,None,None,179000000,,,,,0.0,-0.61,662000000,841000000,2.65,2011-09-30,7.04,4709000000,0.0,1071000000,728000000,274000000,1950000000,1950000000,None,None,None,None,None,None,None,None,None,516438000,None,None,None,0.0,,409000000,662000000,351000000,541000000,None,None,None,,,,,0.52,1.28,1.575,,,,,,,,0.0,,None,2025-10-29,quarterly,2.04,None,pre-market,None,5196000000,0.0,0.0,0.0,0.0,None,3518000000,4000000,None,162.38,107.12,-23.0189,8451000000,1211000000,1042000000,5299000000,7240000000,4257000000,3241000000,3152000000,9.4,None,238.59,59.56
2025-12-28,FISV,0.0,9.4,None,,None,675000000,675000000,,,,,,,,,2000000,576800000,None,2170000000,2170000000,None,None,None,547000000,None,None,179000000,,,,,0.0,-0.61,662000000,841000000,2.65,2011-06-30,7.04,4392000000,0.0,1071000000,728000000,274000000,1855000000,1855000000,None,None,None,None,None,None,None,None,None,516438000,None,None,None,0.0,,409000000,662000000,301000000,518000000,None,None,None,,,,,0.52,1.28,1.575,,,,,,,,0.0,,None,2025-10-29,quarterly,2.04,None,pre-market,None,5069000000,0.0,0.0,0.0,0.0,None,3653000000,303000000,None,162.38,107.12,-23.0189,8396000000,1523000000,1154000000,5310000000,6873000000,4156000000,3241000000,3086000000,9.4,None,238.59,59.56
2025-12-28,FISV,0.0,9.4,None,,None,517000000,517000000,,,,,,,,,2000000,590800000,None,2170000000,2170000000,None,None,None,528000000,None,None,179000000,,,,,0.0,-0.61,662000000,841000000,2.65,2011-03-31,7.04,4388000000,0.0,1071000000,728000000,274000000,1895000000,1895000000,None,None,None,None,None,None,None,None,None,516438000,None,None,None,0.0,,409000000,662000000,301000000,594000000,None,None,None,,,,,0.52,1.28,1.575,,,,,,,,0.0,,None,2025-10-29,quarterly,2.04,None,pre-market,None,4979000000,0.0,0.0,0.0,0.0,None,3355000000,3000000,None,162.38,107.12,-23.0189,8257000000,1346000000,946000000,5119000000,6911000000,4173000000,3241000000,3138000000,9.4,None,238.59,59.56
2025-12-28,FISV,0.0,9.4,None,,None,563000000,563000000,,,,,,,,,2000000,598400000,None,2170000000,2170000000,537000000,None,None,572000000,None,None,179000000,,,,,0.0,-0.61,662000000,841000000,2.65,2010-12-31,7.04,4377000000,0.0,1071000000,728000000,274000000,1879000000,1879000000,None,None,None,None,None,None,None,None,None,516438000,None,None,None,0.0,,409000000,662000000,282000000,None,None,None,None,,,,,0.52,1.28,1.575,,,,,,,,0.0,,None,2025-10-29,quarterly,2.04,None,pre-market,None,4867000000,0.0,0.0,0.0,0.0,None,3356000000,3000000,None,162.38,107.12,-23.0189,8281000000,1417000000,891000000,5052000000,6864000000,4161000000,3241000000,3229000000,9.4,None,238.59,59.56
2025-12-28,FISV,0.0,9.4,None,,None,743000000,743000000,,,,,,,,,None,603600000,None,2170000000,2170000000,None,None,None,543000000,None,None,179000000,,,,,0.0,-0.61,662000000,841000000,2.65,2010-09-30,7.04,4377000000,0.0,1071000000,728000000,274000000,1911000000,1911000000,None,None,None,None,None,None,None,None,None,516438000,None,None,None,0.0,,409000000,662000000,447000000,534000000,None,None,None,,,,,0.52,1.28,1.575,,,,,,,,0.0,,None,2025-10-29,quarterly,2.04,None,pre-market,None,None,0.0,0.0,0.0,0.0,None,3706000000,253000000,None,162.38,107.12,-23.0189,8614000000,1733000000,1114000000,5386000000,6881000000,4272000000,3241000000,3228000000,9.4,None,238.59,59.56
2025-12-28,FISV,0.0,9.4,None,,None,338000000,338000000,,,,,,,,,None,610400000,None,2170000000,2170000000,None,None,None,500000000,None,None,179000000,,,,,0.0,-0.61,662000000,841000000,2.65,2010-06-30,7.04,4375000000,0.0,1071000000,728000000,274000000,1941000000,1941000000,None,None,None,None,None,None,None,None,None,516438000,None,None,None,0.0,,409000000,662000000,308000000,470000000,None,None,None,,,,,0.52,1.28,1.575,,,,,,,,0.0,,None,2025-10-29,quarterly,2.04,None,pre-market,None,None,0.0,0.0,0.0,0.0,None,3439000000,58000000,None,162.38,107.12,-23.0189,8182000000,1146000000,846000000,5061000000,7036000000,4215000000,3241000000,3121000000,9.4,None,238.59,59.56
2025-12-28,FISV,0.0,9.4,None,,None,416000000,416000000,,,,,,,,,2000000,614800000,None,2170000000,2170000000,None,None,None,514000000,None,None,179000000,,,,,0.0,-0.61,662000000,841000000,2.65,2010-03-31,7.04,4369000000,0.0,1071000000,728000000,274000000,1970000000,1970000000,None,None,None,None,None,None,None,None,None,516438000,None,None,None,0.0,,409000000,662000000,314000000,510000000,None,None,None,,,,,0.52,1.28,1.575,,,,,,,,0.0,,None,2025-10-29,quarterly,2.04,None,pre-market,None,4492000000,0.0,0.0,0.0,0.0,None,3514000000,133000000,None,162.38,107.12,-23.0189,8309000000,1244000000,990000000,5191000000,7065000000,4201000000,3241000000,3118000000,9.4,None,238.59,59.56
2025-12-28,FISV,0.0,9.4,None,,None,363000000,363000000,,,,,,,,,2000000,618000000,None,2170000000,2170000000,104000000,None,None,554000000,None,None,179000000,,,,,0.0,-0.61,662000000,841000000,2.65,2009-12-31,7.04,4371000000,0.0,1071000000,728000000,274000000,2006000000,2006000000,None,None,None,None,None,None,None,None,None,516438000,None,None,None,0.0,,409000000,662000000,360000000,461000000,None,None,None,,,,,0.52,1.28,1.575,,,,,,,,0.0,,None,2025-10-29,quarterly,2.04,None,pre-market,None,4371000000,0.0,0.0,0.0,0.0,None,3641000000,259000000,None,162.38,107.12,-23.0189,8378000000,1277000000,1161000000,5352000000,7101000000,4191000000,3241000000,3026000000,9.4,None,238.59,59.56
2025-12-28,FISV,0.0,9.4,None,,None,278000000,278000000,,,,,,,,,2000000,621200000,None,2170000000,2170000000,102000000,None,None,518000000,None,None,179000000,,,,,0.0,-0.61,662000000,841000000,2.65,2009-09-30,7.04,4368000000,0.0,1071000000,728000000,274000000,2020000000,2020000000,None,None,None,313000000,None,None,None,None,None,516438000,None,None,None,0.0,,409000000,662000000,886000000,1182000000,None,None,None,,,,,0.52,1.28,1.575,,,,,,,,0.0,,None,2025-10-29,quarterly,2.04,None,pre-market,None,4253000000,0.0,0.0,0.0,0.0,None,3777000000,4000000,None,162.38,107.12,-23.0189,9096000000,1995000000,1589000000,6182000000,7101000000,4593000000,3241000000,2914000000,9.4,None,238.59,59.56
2025-12-28,FISV,0.0,9.4,None,,None,309000000,309000000,,,,,,,,,2000000,623200000,None,2170000000,2170000000,101000000,None,None,542000000,None,None,179000000,,,,,0.0,-0.61,662000000,841000000,2.65,2009-06-30,7.04,4407000000,0.0,1071000000,728000000,274000000,2068000000,2068000000,None,None,None,355000000,None,None,None,None,None,516438000,None,None,None,0.0,,409000000,662000000,867000000,1240000000,None,None,None,,,,,0.52,1.28,1.575,,,,,,,,0.0,,None,2025-10-29,quarterly,2.04,None,pre-market,None,4138000000,0.0,0.0,0.0,0.0,None,3880000000,129000000,None,162.38,107.12,-23.0189,9190000000,2073000000,1781000000,6354000000,7117000000,4573000000,3241000000,2836000000,9.4,None,238.59,59.56
2025-12-28,FISV,0.0,9.4,None,,None,312000000,312000000,,,,,,,,,2000000,624000000,None,2170000000,2170000000,94000000,None,None,552000000,None,None,179000000,,,,,0.0,-0.61,662000000,841000000,2.65,2009-03-31,7.04,4408000000,0.0,1071000000,728000000,274000000,2093000000,2093000000,None,None,None,369000000,None,None,None,None,None,516438000,None,None,None,0.0,,409000000,662000000,954000000,1362000000,None,None,None,,,,,0.52,1.28,1.575,,,,,,,,0.0,,None,2025-10-29,quarterly,2.04,None,pre-market,None,3998000000,0.0,0.0,0.0,0.0,None,4007000000,255000000,None,162.38,107.12,-23.0189,9336000000,2187000000,2040000000,6628000000,7149000000,4588000000,3241000000,2708000000,9.4,None,238.59,59.56
2025-12-28,FISV,0.0,9.4,None,,None,232000000,232000000,,,,,,,,,2000000,633200000,None,2170000000,2170000000,97000000,None,None,591000000,None,None,179000000,,,,,0.0,-0.61,662000000,841000000,2.65,2008-12-31,7.04,4409000000,0.0,1071000000,728000000,274000000,2121000000,2121000000,None,None,None,366000000,None,None,None,None,None,516438000,None,None,None,0.0,,409000000,662000000,956000000,1357000000,None,None,None,,,,,0.52,1.28,1.575,,,,,,,,0.0,,None,2025-10-29,quarterly,2.04,None,pre-market,None,3895000000,0.0,0.0,0.0,0.0,None,4105000000,262000000,None,162.38,107.12,-23.0189,9331000000,2145000000,2047000000,6737000000,7186000000,4690000000,3241000000,2594000000,9.4,None,238.59,59.56
2025-12-28,FISV,0.0,9.4,None,,None,472000000,472000000,,,,,,,,,2000000,655200000,None,2170000000,2170000000,105000000,None,None,561000000,None,None,179000000,,,,,0.0,-0.61,662000000,841000000,2.65,2008-09-30,7.04,4364000000,0.0,1071000000,728000000,274000000,2133000000,2133000000,None,None,None,398000000,None,None,None,None,None,516438000,None,None,None,0.0,,409000000,662000000,1025000000,1421000000,None,None,None,,,,,0.52,1.28,1.575,,,,,,,,0.0,,None,2025-10-29,quarterly,2.04,None,pre-market,None,3833000000,0.0,0.0,0.0,0.0,None,4259000000,8000000,None,162.38,107.12,-23.0189,9588000000,2456000000,1818000000,6813000000,7132000000,4995000000,3241000000,2775000000,9.4,None,238.59,59.56
2025-12-28,FISV,0.0,9.4,None,,None,211000000,211000000,,,,,,,,,2000000,659200000,None,2170000000,2170000000,174000000,None,None,808000000,None,None,179000000,,,,,0.0,-0.61,662000000,841000000,2.65,2008-06-30,7.04,4837000000,0.0,1071000000,728000000,274000000,2280000000,2280000000,None,None,None,458000000,None,None,None,None,None,516438000,None,None,None,0.0,,409000000,662000000,1054000000,1477000000,None,None,None,,,,,0.52,1.28,1.575,,,,,,,,0.0,,None,2025-10-29,quarterly,2.04,None,pre-market,None,3754000000,0.0,0.0,0.0,0.0,None,4516000000,263000000,None,162.38,107.12,-23.0189,10102000000,2531000000,2250000000,7254000000,7571000000,5004000000,3241000000,2848000000,9.4,None,238.59,59.56
2025-12-28,FISV,0.0,9.4,None,,None,371000000,371000000,,,,,,,,,2000000,661600000,None,2170000000,2170000000,171000000,None,None,842000000,None,None,179000000,,,,,0.0,-0.61,662000000,841000000,2.65,2008-03-31,7.04,4818000000,0.0,1071000000,728000000,274000000,2305000000,2305000000,None,None,None,439000000,None,None,None,None,None,516438000,None,None,None,0.0,,409000000,662000000,1259000000,1742000000,None,None,None,,,,,0.52,1.28,1.575,,,,,,,,0.0,,None,2025-10-29,quarterly,2.04,None,pre-market,None,3655000000,0.0,0.0,0.0,0.0,None,4776000000,468000000,None,162.38,107.12,-23.0189,10520000000,2911000000,2730000000,7828000000,7609000000,5098000000,3241000000,2692000000,9.4,None,238.59,59.56
2025-12-28,FISV,0.0,9.4,None,,None,297000000,297000000,,,,,,,,,2000000,664400000,None,2170000000,2170000000,181000000,None,None,836000000,None,None,179000000,,,,,0.0,-0.61,662000000,841000000,2.65,2007-12-31,7.04,4817000000,0.0,1071000000,728000000,274000000,2324000000,2324000000,None,None,None,424000000,None,None,None,None,None,516438000,None,None,None,0.0,,409000000,662000000,2647000000,2712000000,None,None,None,,,,,0.52,1.28,1.575,,,,,,,,0.0,,None,2025-10-29,quarterly,2.04,None,pre-market,None,3326000000,0.0,0.0,0.0,0.0,None,5405000000,513000000,None,162.38,107.12,-23.0189,11846000000,4204000000,3754000000,9379000000,7642000000,5625000000,3241000000,2467000000,9.4,None,238.59,59.56
2025-12-28,FISV,0.0,9.4,None,,None,161250000,161250000,,,,,,,,,1979000,666400000,None,2170000000,2170000000,245449000,None,None,658212000,None,None,179000000,,,,,0.0,-0.61,662000000,841000000,2.65,2007-09-30,7.04,2386495000,0.0,1071000000,728000000,274000000,591717000,591717000,None,None,None,193887000,None,None,None,None,None,516438000,None,None,None,0.0,,409000000,662000000,1987459000,2179493000,None,None,None,,,,,0.52,1.28,1.575,,,,,,,,0.0,,None,2025-10-29,quarterly,2.04,None,pre-market,None,3229565000,0.0,0.0,0.0,0.0,None,971956000,60953000,None,162.38,107.12,-23.0189,6277939000,3000808000,2737046000,3896038000,3277131000,1158992000,3241000000,2381901000,9.4,None,238.59,59.56
2025-12-28,FISV,0.0,9.4,None,,None,151580000,151580000,,,,,,,,,1979000,679600000,None,2170000000,2170000000,231150000,None,None,564180000,None,None,179000000,,,,,0.0,-0.61,662000000,841000000,2.65,2007-06-30,7.04,2390693000,0.0,1071000000,728000000,274000000,593105000,593105000,None,None,None,188813000,None,None,None,None,None,516438000,None,None,None,0.0,,409000000,662000000,2271729000,2449192000,None,None,None,,,,,0.52,1.28,1.575,,,,,,,,0.0,,None,2025-10-29,quarterly,2.04,None,pre-market,None,3108690000,0.0,0.0,0.0,0.0,None,879800000,None,None,162.38,107.12,-23.0189,6453326000,3176302000,2930264000,4061328000,3277024000,1131064000,3241000000,2391998000,9.4,None,238.59,59.56
2025-12-28,FISV,0.0,9.4,None,,None,200795000,200795000,,,,,,,,,1979000,690400000,None,2170000000,2170000000,223023000,None,None,598976000,None,None,179000000,,,,,0.0,-0.61,662000000,841000000,2.65,2007-03-31,7.04,2396799000,0.0,1071000000,728000000,274000000,623999000,623999000,None,None,None,None,None,None,None,None,None,516438000,None,None,None,0.0,,409000000,662000000,176160000,385263000,None,None,None,,,,,0.52,1.28,1.575,,,,,,,,0.0,,None,2025-10-29,quarterly,2.04,None,pre-market,None,3000454000,0.0,0.0,0.0,0.0,None,821904000,None,None,162.38,107.12,-23.0189,6363106000,975931000,880236000,3933361000,5387175000,3053125000,3241000000,2429745000,9.4,None,238.59,59.56
2025-12-28,FISV,0.0,9.4,None,,None,185328000,185328000,,,,,,,,,1978000,699164000,None,2170000000,2170000000,228000000,None,None,578000000,None,None,179000000,,,,,0.0,-0.61,662000000,841000000,2.65,2006-12-31,7.04,2363078000,0.0,1071000000,728000000,274000000,614818000,614818000,None,None,None,None,None,None,None,None,None,516438000,None,None,None,0.0,,409000000,662000000,199462000,390604000,None,None,None,,,,,0.52,1.28,1.575,,,,,,,,0.0,,None,2025-10-29,quarterly,2.04,None,pre-market,None,2886891000,0.0,0.0,0.0,0.0,None,747256000,None,None,162.38,107.12,-23.0189,6207923000,962790000,876604000,3782301000,5245133000,2905697000,3241000000,2425622000,9.4,None,238.59,59.56
2025-12-28,FISV,0.0,9.4,None,,None,170897000,170897000,,,,,,,,,1978000,703500000,None,2170000000,2170000000,238054000,None,None,591684000,None,None,179000000,,,,,0.0,-0.61,662000000,841000000,2.65,2006-09-30,7.04,2372500000,0.0,1071000000,728000000,274000000,616645000,616645000,None,None,None,None,None,None,None,None,None,516438000,None,None,None,0.0,,409000000,662000000,154106000,354263000,None,None,None,,,,,0.52,1.28,1.575,,,,,,,,0.0,,None,2025-10-29,quarterly,2.04,None,pre-market,None,2780945000,0.0,0.0,0.0,0.0,None,829144000,None,None,162.38,107.12,-23.0189,6165044000,916687000,824396000,3717732000,5248357000,2893336000,3241000000,2447312000,9.4,None,238.59,59.56
2025-12-28,FISV,0.0,9.4,None,,None,151979000,151979000,,,,,,,,,1978000,710204000,None,2170000000,2170000000,269128000,None,None,583224000,None,None,179000000,,,,,0.0,-0.61,662000000,841000000,2.65,2006-06-30,7.04,2317329000,0.0,1071000000,728000000,274000000,601773000,601773000,None,None,None,None,None,None,None,None,None,516438000,None,None,None,0.0,,409000000,662000000,114035000,300242000,None,None,None,,,,,0.52,1.28,1.575,,,,,,,,0.0,,None,2025-10-29,quarterly,2.04,None,pre-market,None,2670857000,0.0,0.0,0.0,0.0,None,783095000,None,None,162.38,107.12,-23.0189,6471208000,849238000,802702000,4075708000,5621970000,3273006000,3241000000,2395500000,9.4,None,238.59,59.56
2025-12-28,FISV,0.0,9.4,None,,None,204775000,204775000,,,,,,,,,1978000,727132000,None,2170000000,2170000000,268973000,None,None,550346000,None,None,179000000,,,,,0.0,-0.61,662000000,841000000,2.65,2006-03-31,7.04,2287302000,0.0,1071000000,728000000,274000000,597462000,597462000,None,None,None,None,None,None,None,None,None,516438000,None,None,None,0.0,,409000000,662000000,117862000,340068000,None,None,None,,,,,0.52,1.28,1.575,,,,,,,,0.0,,None,2025-10-29,quarterly,2.04,None,pre-market,None,2553188000,0.0,0.0,0.0,0.0,None,757935000,None,None,162.38,107.12,-23.0189,6089155000,872983000,853072000,3706019000,5216172000,2852947000,3241000000,2383136000,9.4,None,238.59,59.56
2025-12-28,FISV,0.0,9.4,None,,None,184471000,184471000,,,,,,,,,1975000,742412000,None,2170000000,2170000000,242000000,None,None,553000000,None,None,179000000,,,,,0.0,-0.61,662000000,841000000,2.65,2005-12-31,7.04,None,0.0,1071000000,728000000,274000000,2843310000,2843310000,None,None,None,None,None,None,None,None,None,516438000,None,None,None,0.0,,409000000,662000000,106184000,370000000,None,None,None,,,,,0.52,1.28,1.575,,,,,,,,0.0,,None,2025-10-29,quarterly,2.04,None,pre-market,None,2436977000,0.0,0.0,0.0,0.0,None,595385000,None,None,162.38,107.12,-23.0189,6039516000,843655000,851773000,3573776000,5195861000,2722003000,3241000000,2465740000,9.4,None,238.59,59.56
2025-12-28,FISV,0.0,9.4,None,,None,174013000,174013000,,,,,,,,,1975000,758704000,None,2170000000,2170000000,232819000,None,None,518200000,None,None,179000000,,,,,0.0,-0.61,662000000,841000000,2.65,2005-09-30,7.04,None,0.0,1071000000,728000000,274000000,2848073000,2848073000,None,None,None,None,None,None,None,None,None,516438000,None,None,None,0.0,,409000000,662000000,104902000,341129000,None,None,None,,,,,0.52,1.28,1.575,,,,,,,,0.0,,None,2025-10-29,quarterly,2.04,None,pre-market,None,2286501000,0.0,0.0,0.0,0.0,None,638667000,50000000,None,162.38,107.12,-23.0189,6112904000,797115000,830790000,3615224000,5315789000,2784434000,3241000000,2497680000,9.4,None,238.59,59.56
2025-12-28,FISV,0.0,9.4,None,,1098000000,1236000000,1236000000,,,,,,,,,8000000,582100000,None,2170000000,2170000000,511000000,None,784000000,3725000000,None,None,179000000,,,,,0.0,-0.61,662000000,841000000,2.65,2024-12-31,7.04,36584000000,0.0,1071000000,728000000,274000000,9940000000,9940000000,None,None,None,None,None,None,23074000000,None,1506000000,516438000,None,None,None,0.0,,409000000,662000000,18516000000,17489000000,None,863000000,None,,,,,0.52,1.28,1.575,,,,,,,,0.0,,None,2025-10-29,annual,2.04,USD,pre-market,None,23575000000,0.0,0.0,0.0,0.0,None,24956000000,1226000000,None,162.38,107.12,-23.0189,77176000000,23477000000,22157000000,49490000000,53699000000,27333000000,3241000000,27068000000,9.4,None,238.59,59.56
2025-12-28,FISV,0.0,9.4,None,,1083000000,1204000000,1204000000,,,,,,,,,8000000,615900000,None,2170000000,2170000000,449000000,None,442000000,3582000000,None,None,179000000,,,,,0.0,-0.61,662000000,841000000,2.65,2023-12-31,7.04,37205000000,0.0,1071000000,728000000,274000000,11210000000,11210000000,None,None,None,None,None,None,21711000000,None,2262000000,516438000,None,None,None,0.0,,409000000,662000000,30025000000,30598000000,None,978000000,None,,,,,0.52,1.28,1.575,,,,,,,,0.0,,None,2025-10-29,annual,2.04,USD,pre-market,None,20444000000,0.0,0.0,0.0,0.0,None,23901000000,873000000,None,162.38,107.12,-23.0189,90890000000,34811000000,33552000000,60221000000,56079000000,26669000000,3241000000,29857000000,9.4,None,238.59,59.56
2025-12-28,FISV,0.0,9.4,None,,933000000,902000000,902000000,,,,,,,,,8000000,647900000,None,2170000000,2170000000,652000000,None,198000000,3585000000,None,None,179000000,,,,,0.0,-0.61,662000000,841000000,2.65,2022-12-31,7.04,36811000000,0.0,1071000000,728000000,274000000,12415000000,12415000000,None,None,None,None,None,None,20411000000,None,2403000000,516438000,None,None,None,0.0,,409000000,662000000,23057000000,23286000000,None,936000000,None,,,,,0.52,1.28,1.575,,,,,,,,0.0,,None,2025-10-29,annual,2.04,USD,pre-market,None,17376000000,0.0,0.0,0.0,0.0,None,21542000000,592000000,None,162.38,107.12,-23.0189,83869000000,27544000000,26458000000,52181000000,56325000000,25723000000,3241000000,30828000000,9.4,None,238.59,59.56
2025-12-28,FISV,0.0,9.4,None,,796000000,835000000,835000000,,,,,,,,,8000000,671600000,None,2170000000,2170000000,593000000,None,240000000,2860000000,None,None,179000000,,,,,0.0,-0.61,662000000,841000000,2.65,2021-12-31,7.04,36433000000,0.0,1071000000,728000000,274000000,14009000000,14009000000,None,None,None,None,None,None,20201000000,None,2561000000,516438000,None,None,None,0.0,,409000000,662000000,15175000000,15672000000,None,878000000,None,,,,,0.52,1.28,1.575,,,,,,,,0.0,,None,2025-10-29,annual,2.04,USD,pre-market,None,14846000000,0.0,0.0,0.0,0.0,None,21237000000,508000000,None,162.38,107.12,-23.0189,76249000000,18870000000,18295000000,44299000000,57379000000,26004000000,3241000000,30952000000,9.4,None,238.59,59.56
2025-12-28,FISV,0.0,9.4,None,,None,906000000,906000000,,,,,,,,,8000000,683400000,None,2170000000,2170000000,437000000,None,None,2482000000,None,None,179000000,,,,,0.0,-0.61,662000000,841000000,2.65,2020-12-31,7.04,36322000000,0.0,1071000000,728000000,274000000,15358000000,15358000000,None,None,None,None,None,None,None,None,None,516438000,None,None,None,0.0,,409000000,662000000,12831000000,13438000000,None,None,None,,,,,0.52,1.28,1.575,,,,,,,,0.0,,None,2025-10-29,annual,2.04,None,pre-market,None,13441000000,0.0,0.0,0.0,0.0,None,20684000000,384000000,None,162.38,107.12,-23.0189,74619000000,16219000000,15637000000,41290000000,58400000000,25653000000,3241000000,32330000000,9.4,None,238.59,59.56
2025-12-28,FISV,0.0,9.4,None,,None,893000000,893000000,,,,,,,,,8000000,522600000,None,2170000000,2170000000,392000000,None,None,2782000000,None,None,179000000,,,,,0.0,-0.61,662000000,841000000,2.65,2019-12-31,7.04,36038000000,0.0,1071000000,728000000,274000000,17642000000,17642000000,None,None,None,None,None,None,None,None,None,516438000,None,None,None,0.0,,409000000,662000000,13371000000,13769000000,None,None,None,,,,,0.52,1.28,1.575,,,,,,,,0.0,,None,2025-10-29,annual,2.04,None,pre-market,None,12528000000,0.0,0.0,0.0,0.0,None,21899000000,287000000,None,162.38,107.12,-23.0189,77539000000,17046000000,15727000000,42682000000,60493000000,26955000000,3241000000,32979000000,9.4,None,238.59,59.56
2025-12-28,FISV,0.0,9.4,None,,None,415000000,415000000,,,,,,,,,8000000,413700000,None,2170000000,2170000000,127000000,None,None,1049000000,None,None,179000000,,,,,0.0,-0.61,662000000,841000000,2.65,2018-12-31,7.04,5702000000,0.0,1071000000,728000000,274000000,2143000000,2143000000,None,None,None,69382000,None,None,None,None,None,516438000,None,None,None,0.0,,409000000,662000000,690618000,906624000,None,None,None,,,,,0.52,1.28,1.575,,,,,,,,0.0,,None,2025-10-29,annual,2.04,None,pre-market,None,11635000000,0.0,0.0,0.0,0.0,None,5959000000,4000000,None,162.38,107.12,-23.0189,11262000000,2224000000,2010000000,8969000000,9038000000,6959000000,3241000000,2293000000,9.4,None,238.59,59.56
2025-12-28,FISV,0.0,9.4,None,,None,325000000,325000000,,,,,,,,,4000000,431200000,None,2170000000,2170000000,80000000,None,None,997000000,None,None,179000000,,,,,0.0,-0.61,662000000,841000000,2.65,2017-12-31,7.04,5590000000,0.0,1071000000,728000000,274000000,1882000000,1882000000,None,None,None,76420000,None,None,None,None,None,516438000,None,None,None,0.0,,409000000,662000000,653000000,600000000,None,None,None,,,,,0.52,1.28,1.575,,,,,,,,0.0,,None,2025-10-29,annual,2.04,None,pre-market,None,10240000000,0.0,0.0,0.0,0.0,None,4900000000,3000000,None,162.38,107.12,-23.0189,10289000000,1975000000,1938000000,7558000000,8314000000,5620000000,3241000000,2731000000,9.4,None,238.59,59.56
2025-12-28,FISV,0.0,9.4,None,,None,300000000,300000000,,,,,,,,,4000000,447800000,None,2170000000,2170000000,110000000,None,None,902000000,None,None,179000000,,,,,0.0,-0.61,662000000,841000000,2.65,2016-12-31,7.04,5373000000,0.0,1071000000,728000000,274000000,1833000000,1833000000,None,None,None,None,None,None,None,None,None,516438000,None,None,None,0.0,,409000000,662000000,526000000,696403000,None,None,None,,,,,0.52,1.28,1.575,,,,,,,,0.0,,None,2025-10-29,annual,2.04,None,pre-market,None,8994000000,0.0,0.0,0.0,0.0,None,4562000000,95000000,None,162.38,107.12,-23.0189,9743000000,1728000000,1820000000,7202000000,8015000000,5382000000,3241000000,2541000000,9.4,None,238.59,59.56
2025-12-28,FISV,0.0,9.4,None,,None,275000000,275000000,,,,,,,,,4000000,476000000,None,2170000000,2170000000,74000000,None,None,802000000,None,None,179000000,,,,,0.0,-0.61,662000000,841000000,2.65,2015-12-31,7.04,5200000000,0.0,1071000000,728000000,274000000,1872000000,1872000000,None,None,None,None,None,None,None,None,None,516438000,None,None,None,0.0,,409000000,662000000,429000000,588825000,None,None,None,,,,,0.52,1.28,1.575,,,,,,,,0.0,,None,2025-10-29,annual,2.04,None,pre-market,None,8064000000,0.0,0.0,0.0,0.0,None,4293000000,5000000,None,162.38,107.12,-23.0189,9340000000,1506000000,1502000000,6680000000,7834000000,5178000000,3241000000,2660000000,9.4,None,238.59,59.56
2025-12-28,FISV,0.0,9.4,None,,None,294000000,294000000,,,,,,,,,4000000,505400000,None,2170000000,2170000000,61000000,None,None,798000000,None,None,179000000,,,,,0.0,-0.61,662000000,841000000,2.65,2014-12-31,7.04,5209000000,0.0,1071000000,728000000,274000000,2003000000,2003000000,None,None,None,None,None,None,None,None,None,516438000,None,None,None,0.0,,409000000,662000000,352000000,547448000,None,None,None,,,,,0.52,1.28,1.575,,,,,,,,0.0,,None,2025-10-29,annual,2.04,None,pre-market,None,7352000000,0.0,0.0,0.0,0.0,None,3803000000,92000000,None,162.38,107.12,-23.0189,9337000000,1486000000,1486000000,6042000000,7851000000,4556000000,3241000000,3295000000,9.4,None,238.59,59.56
2025-12-28,FISV,0.0,9.4,None,,None,400000000,400000000,,,,,,,,,4000000,513400000,None,2170000000,2170000000,67000000,None,None,751000000,None,None,179000000,,,,,0.0,-0.61,662000000,841000000,2.65,2013-12-31,7.04,5216000000,0.0,1071000000,728000000,274000000,2142000000,2142000000,None,None,None,None,None,None,None,None,None,516438000,None,None,None,0.0,,409000000,662000000,421000000,473112000,None,None,None,,,,,0.52,1.28,1.575,,,,,,,,0.0,,None,2025-10-29,annual,2.04,None,pre-market,None,6598000000,0.0,0.0,0.0,0.0,None,3848000000,92000000,None,162.38,107.12,-23.0189,9513000000,1572000000,1332000000,5928000000,7941000000,4596000000,3241000000,3585000000,9.4,None,238.59,59.56
2025-12-28,FISV,0.0,9.4,None,,None,358000000,358000000,,,,,,,,,2000000,550000000,None,2170000000,2170000000,97000000,None,None,663000000,None,None,179000000,,,,,0.0,-0.61,662000000,841000000,2.65,2012-12-31,7.04,4719000000,0.0,1071000000,728000000,274000000,1760000000,1760000000,None,None,None,108543000,None,None,None,None,None,516438000,None,None,None,0.0,,409000000,662000000,313457000,603153000,None,None,None,,,,,0.52,1.28,1.575,,,,,,,,0.0,,None,2025-10-29,annual,2.04,None,pre-market,None,5950000000,0.0,0.0,0.0,0.0,None,3230000000,2000000,None,162.38,107.12,-23.0189,8497000000,1412000000,1105000000,5080000000,7085000000,3975000000,3241000000,3417000000,9.4,None,238.59,59.56
2025-12-28,FISV,0.0,9.4,None,,None,337000000,337000000,,,,,,,,,2000000,576800000,None,2170000000,2170000000,96000000,None,None,666000000,None,None,179000000,,,,,0.0,-0.61,662000000,841000000,2.65,2011-12-31,7.04,4720000000,0.0,1071000000,728000000,274000000,1881000000,1881000000,None,None,None,44000000,None,None,None,None,None,516438000,None,None,None,0.0,,409000000,662000000,309000000,720941000,None,None,None,,,,,0.52,1.28,1.575,,,,,,,,0.0,,None,2025-10-29,annual,2.04,None,pre-market,None,5339000000,0.0,0.0,0.0,0.0,None,3395000000,179000000,None,162.38,107.12,-23.0189,8548000000,1356000000,1384000000,5290000000,7192000000,3906000000,3241000000,3258000000,9.4,None,238.59,59.56
2025-12-28,FISV,0.0,9.4,None,,None,563000000,563000000,,,,,,,,,2000000,606800000,None,2170000000,2170000000,92000000,None,None,572000000,None,None,179000000,,,,,0.0,-0.61,662000000,841000000,2.65,2010-12-31,7.04,4377000000,0.0,1071000000,728000000,274000000,1879000000,1879000000,None,None,None,None,None,None,None,None,None,516438000,None,None,None,0.0,,409000000,662000000,282000000,445000000,None,None,None,,,,,0.52,1.28,1.575,,,,,,,,0.0,,None,2025-10-29,annual,2.04,None,pre-market,None,4867000000,0.0,0.0,0.0,0.0,None,3356000000,3000000,None,162.38,107.12,-23.0189,8281000000,1417000000,891000000,5052000000,6864000000,4161000000,3241000000,3229000000,9.4,None,238.59,59.56
2025-12-28,FISV,0.0,9.4,None,,None,363000000,363000000,,,,,,,,,2000000,621600000,None,2170000000,2170000000,104000000,None,None,554000000,None,None,179000000,,,,,0.0,-0.61,662000000,841000000,2.65,2009-12-31,7.04,4371000000,0.0,1071000000,728000000,274000000,2006000000,2006000000,None,None,None,None,None,None,None,None,None,516438000,None,None,None,0.0,,409000000,662000000,360000000,461000000,None,None,None,,,,,0.52,1.28,1.575,,,,,,,,0.0,,None,2025-10-29,annual,2.04,None,pre-market,None,4371000000,0.0,0.0,0.0,0.0,None,3641000000,259000000,None,162.38,107.12,-23.0189,8378000000,1277000000,1161000000,5352000000,7101000000,4191000000,3241000000,3026000000,9.4,None,238.59,59.56
2025-12-28,FISV,0.0,9.4,None,,None,232000000,232000000,,,,,,,,,2000000,652400000,None,2170000000,2170000000,97000000,None,None,601000000,None,None,179000000,,,,,0.0,-0.61,662000000,841000000,2.65,2008-12-31,7.04,4409000000,0.0,1071000000,728000000,274000000,2121000000,2121000000,None,None,None,366000000,None,None,None,None,None,516438000,None,None,None,0.0,,409000000,662000000,946000000,1357000000,None,None,None,,,,,0.52,1.28,1.575,,,,,,,,0.0,,None,2025-10-29,annual,2.04,None,pre-market,None,3895000000,0.0,0.0,0.0,0.0,None,4105000000,255000000,None,162.38,107.12,-23.0189,9331000000,2145000000,2047000000,6737000000,7186000000,4690000000,3241000000,2594000000,9.4,None,238.59,59.56
2025-12-28,FISV,0.0,9.4,None,,None,297000000,297000000,,,,,,,,,2000000,675200000,None,2170000000,2170000000,181000000,None,None,840000000,None,None,179000000,,,,,0.0,-0.61,662000000,841000000,2.65,2007-12-31,7.04,4817000000,0.0,1071000000,728000000,274000000,2324000000,2324000000,None,None,None,424000000,None,None,None,None,None,516438000,None,None,None,0.0,,409000000,662000000,2643000000,2712000000,None,None,None,,,,,0.52,1.28,1.575,,,,,,,,0.0,,None,2025-10-29,annual,2.04,None,pre-market,None,3326000000,0.0,0.0,0.0,0.0,None,5405000000,513000000,None,162.38,107.12,-23.0189,11846000000,4204000000,3754000000,9379000000,7642000000,5625000000,3241000000,2467000000,9.4,None,238.59,59.56
2025-12-28,FISV,0.0,9.4,None,,None,185328000,185328000,,,,,,,,,1978000,710000000,None,2170000000,2170000000,228000000,None,None,578000000,None,None,179000000,,,,,0.0,-0.61,662000000,841000000,2.65,2006-12-31,7.04,2363078000,0.0,1071000000,728000000,274000000,614818000,614818000,None,None,None,None,None,None,None,None,None,516438000,None,None,None,0.0,,409000000,662000000,199462000,390604000,None,None,None,,,,,0.52,1.28,1.575,,,,,,,,0.0,,None,2025-10-29,annual,2.04,None,pre-market,None,2886891000,0.0,0.0,0.0,0.0,None,747256000,None,None,162.38,107.12,-23.0189,6207923000,962790000,876604000,3782301000,5245133000,2905697000,3241000000,2425622000,9.4,None,238.59,59.56
2025-12-28,FISV,0.0,9.4,None,,None,184471000,184471000,,,,,,,,,1975000,764000000,None,2170000000,2170000000,242000000,None,None,553402000,None,None,179000000,,,,,0.0,-0.61,662000000,841000000,2.65,2005-12-31,7.04,None,0.0,1071000000,728000000,274000000,2843310000,2843310000,None,None,None,None,None,None,None,None,None,516438000,None,None,None,0.0,,409000000,662000000,105782000,370000000,None,None,None,,,,,0.52,1.28,1.575,,,,,,,,0.0,,None,2025-10-29,annual,2.04,None,pre-market,None,2436977000,0.0,0.0,0.0,0.0,None,595385000,None,None,162.38,107.12,-23.0189,6039516000,843655000,851773000,3573776000,5195861000,2722003000,3241000000,2465740000,9.4,None,238.59,59.56
2025-12-28,FISV,0.0,9.4,None,507000000,None,184471000,184471000,-1369000000,-634000000,None,None,None,None,None,None,1975000,764000000,None,2170000000,2170000000,242000000,None,None,553402000,None,None,179000000,788000000,None,None,None,0.0,-0.61,662000000,841000000,2.65,2025-09-30,7.04,None,0.0,1071000000,728000000,274000000,2843310000,2843310000,None,None,None,None,None,None,None,None,None,799000000,None,None,None,0.0,1805000000,409000000,662000000,105782000,370000000,None,None,None,None,None,None,None,0.52,1.28,1.575,None,None,None,None,None,-1053000000,None,0.0,None,None,2025-10-29,quarterly,2.04,USD,pre-market,None,2436977000,0.0,0.0,0.0,0.0,None,595385000,None,None,162.38,107.12,-23.0189,6039516000,843655000,851773000,3573776000,5195861000,2722003000,3241000000,2465740000,9.4,None,238.59,59.56
2025-12-28,FISV,0.0,9.4,None,479000000,None,184471000,184471000,-1793000000,-338000000,None,None,None,None,None,None,1975000,764000000,None,2170000000,2170000000,242000000,None,None,553402000,None,None,179000000,802000000,None,None,None,0.0,-0.61,662000000,841000000,2.65,2025-06-30,7.04,None,0.0,1071000000,728000000,274000000,2843310000,2843310000,None,None,None,None,None,None,None,None,None,1030000000,None,None,None,0.0,1665000000,409000000,662000000,105782000,370000000,None,None,None,None,None,None,None,0.52,1.28,1.575,None,None,None,None,None,-2290000000,None,0.0,None,None,2025-10-29,quarterly,2.04,USD,pre-market,None,2436977000,0.0,0.0,0.0,0.0,None,595385000,None,None,162.38,107.12,-23.0189,6039516000,843655000,851773000,3573776000,5195861000,2722003000,3241000000,2465740000,9.4,None,238.59,59.56
2025-12-28,FISV,0.0,9.4,None,335000000,None,184471000,184471000,627000000,-925000000,None,None,None,None,None,None,1975000,764000000,None,2170000000,2170000000,242000000,None,None,553402000,None,None,179000000,768000000,None,None,None,0.0,-0.61,662000000,841000000,2.65,2025-03-31,7.04,None,0.0,1071000000,728000000,274000000,2843310000,2843310000,None,None,None,None,None,None,None,None,None,848000000,None,None,None,0.0,648000000,409000000,662000000,105782000,370000000,None,None,None,None,None,None,None,0.52,1.28,1.575,None,None,None,None,None,-2352000000,None,0.0,None,None,2025-10-29,quarterly,2.04,USD,pre-market,None,2436977000,0.0,0.0,0.0,0.0,None,595385000,None,None,162.38,107.12,-23.0189,6039516000,843655000,851773000,3573776000,5195861000,2722003000,3241000000,2465740000,9.4,None,238.59,59.56
2025-12-28,FISV,0.0,9.4,None,399000000,None,184471000,184471000,-1980000000,-664000000,None,None,None,None,None,None,1975000,764000000,None,2170000000,2170000000,242000000,None,None,553402000,None,None,179000000,758000000,None,None,None,0.0,-0.61,662000000,841000000,2.65,2024-12-31,7.04,None,0.0,1071000000,728000000,274000000,2843310000,2843310000,None,None,None,None,None,None,None,None,None,948000000,None,None,None,0.0,2221000000,409000000,662000000,105782000,370000000,None,None,None,None,None,None,None,0.52,1.28,1.575,None,None,None,None,None,-1346000000,None,0.0,None,None,2025-10-29,quarterly,2.04,USD,pre-market,None,2436977000,0.0,0.0,0.0,0.0,None,595385000,None,None,162.38,107.12,-23.0189,6039516000,843655000,851773000,3573776000,5195861000,2722003000,3241000000,2465740000,9.4,None,238.59,59.56
2025-12-28,FISV,0.0,9.4,None,402000000,None,184471000,184471000,-1071000000,-533000000,None,None,None,None,None,None,1975000,764000000,None,2170000000,2170000000,242000000,None,None,553402000,None,None,179000000,798000000,1103000000,1103000000,None,0.0,-0.61,662000000,841000000,2.65,2024-09-30,7.04,None,0.0,1071000000,728000000,274000000,2843310000,2843310000,None,None,None,None,None,None,None,None,None,564000000,None,None,None,0.0,2238000000,409000000,662000000,105782000,370000000,None,None,None,None,None,None,None,0.52,1.28,1.575,None,None,None,None,None,-1261000000,None,0.0,None,None,2025-10-29,quarterly,2.04,USD,pre-market,None,2436977000,0.0,0.0,0.0,0.0,None,595385000,None,None,162.38,107.12,-23.0189,6039516000,843655000,851773000,3573776000,5195861000,2722003000,3241000000,2465740000,9.4,None,238.59,59.56
2025-12-28,FISV,0.0,9.4,None,348000000,None,184471000,184471000,-925000000,-810000000,None,None,None,None,None,None,1975000,764000000,None,2170000000,2170000000,242000000,None,None,553402000,None,None,179000000,796000000,None,None,None,0.0,-0.61,662000000,841000000,2.65,2024-06-30,7.04,None,0.0,1071000000,728000000,274000000,2843310000,2843310000,None,None,None,None,None,None,None,None,None,894000000,None,None,None,0.0,1341000000,409000000,662000000,105782000,370000000,None,None,None,None,None,None,None,0.52,1.28,1.575,None,None,None,None,None,-1556000000,None,0.0,None,None,2025-10-29,quarterly,2.04,None,pre-market,None,2436977000,0.0,0.0,0.0,0.0,None,595385000,None,None,162.38,107.12,-23.0189,6039516000,843655000,851773000,3573776000,5195861000,2722003000,3241000000,2465740000,9.4,None,238.59,59.56
2025-12-28,FISV,0.0,9.4,None,420000000,None,184471000,184471000,-189000000,-397000000,None,None,None,None,None,None,1975000,764000000,None,2170000000,2170000000,242000000,None,None,553402000,None,None,179000000,774000000,None,None,None,0.0,-0.61,662000000,841000000,2.65,2024-03-31,7.04,None,0.0,1071000000,728000000,274000000,2843310000,2843310000,None,None,None,None,None,None,None,None,None,735000000,None,None,None,0.0,831000000,409000000,662000000,105782000,370000000,None,None,None,None,None,None,None,0.52,1.28,1.575,None,None,None,None,None,-1674000000,None,0.0,None,None,2025-10-29,quarterly,2.04,None,pre-market,None,2436977000,0.0,0.0,0.0,0.0,None,595385000,None,None,162.38,107.12,-23.0189,6039516000,843655000,851773000,3573776000,5195861000,2722003000,3241000000,2465740000,9.4,None,238.59,59.56
2025-12-28,FISV,0.0,9.4,None,354000000,None,184471000,184471000,-1320000000,-358000000,None,None,None,None,None,None,1975000,764000000,None,2170000000,2170000000,242000000,None,None,553402000,None,None,179000000,767000000,None,None,None,0.0,-0.61,662000000,841000000,2.65,2023-12-31,7.04,None,0.0,1071000000,728000000,274000000,2843310000,2843310000,None,None,None,None,None,None,None,None,None,870000000,None,None,None,0.0,1595000000,409000000,662000000,105782000,370000000,None,None,None,None,None,None,None,0.52,1.28,1.575,None,None,None,None,None,-1037000000,None,0.0,None,None,2025-10-29,quarterly,2.04,None,pre-market,None,2436977000,0.0,0.0,0.0,0.0,None,595385000,None,None,162.38,107.12,-23.0189,6039516000,843655000,851773000,3573776000,5195861000,2722003000,3241000000,2465740000,9.4,None,238.59,59.56
2025-12-28,FISV,0.0,9.4,None,355000000,None,184471000,184471000,-1286000000,-97000000,None,None,-76000000,None,None,None,1975000,764000000,None,2170000000,2170000000,242000000,None,None,553402000,None,None,179000000,769000000,None,None,None,0.0,-0.61,662000000,841000000,2.65,2023-09-30,7.04,None,0.0,1071000000,728000000,274000000,2843310000,2843310000,None,None,None,None,None,None,None,None,None,969000000,None,None,None,0.0,1559000000,409000000,662000000,105782000,370000000,None,None,None,None,None,None,None,0.52,1.28,1.575,None,None,None,None,None,-1187000000,None,0.0,None,None,2025-10-29,quarterly,2.04,None,pre-market,None,2436977000,0.0,0.0,0.0,0.0,None,595385000,None,None,162.38,107.12,-23.0189,6039516000,843655000,851773000,3573776000,5195861000,2722003000,3241000000,2465740000,9.4,None,238.59,59.56
2025-12-28,FISV,0.0,9.4,None,340000000,None,184471000,184471000,-601000000,-299000000,None,None,-206000000,None,None,None,1975000,764000000,None,2170000000,2170000000,242000000,None,None,553402000,None,None,179000000,800000000,None,None,None,0.0,-0.61,662000000,841000000,2.65,2023-06-30,7.04,None,0.0,1071000000,728000000,274000000,2843310000,2843310000,None,None,None,None,None,None,None,None,None,695000000,None,None,None,0.0,878000000,409000000,662000000,105782000,370000000,None,None,None,None,None,None,None,0.52,1.28,1.575,None,None,None,None,None,-1073000000,None,0.0,None,None,2025-10-29,quarterly,2.04,None,pre-market,None,2436977000,0.0,0.0,0.0,0.0,None,595385000,None,None,162.38,107.12,-23.0189,6039516000,843655000,851773000,3573776000,5195861000,2722003000,3241000000,2465740000,9.4,None,238.59,59.56
2025-12-28,FISV,0.0,9.4,None,339000000,None,184471000,184471000,-1149000000,-314000000,None,None,-224000000,None,None,None,1975000,764000000,None,2170000000,2170000000,242000000,None,None,553402000,None,None,179000000,785000000,None,None,None,0.0,-0.61,662000000,841000000,2.65,2023-03-31,7.04,None,0.0,1071000000,728000000,274000000,2843310000,2843310000,None,None,None,None,None,None,None,None,None,576000000,None,None,None,0.0,1130000000,409000000,662000000,105782000,370000000,None,None,None,None,None,None,None,0.52,1.28,1.575,None,None,None,None,None,-1530000000,None,0.0,None,None,2025-10-29,quarterly,2.04,None,pre-market,None,2436977000,0.0,0.0,0.0,0.0,None,595385000,None,None,162.38,107.12,-23.0189,6039516000,843655000,851773000,3573776000,5195861000,2722003000,3241000000,2465740000,9.4,None,238.59,59.56
2025-12-28,FISV,0.0,9.4,None,331000000,None,184471000,184471000,-1281000000,-578000000,None,None,-50000000,None,None,None,1975000,764000000,None,2170000000,2170000000,242000000,None,None,553402000,None,None,179000000,771000000,None,None,None,0.0,-0.61,662000000,841000000,2.65,2022-12-31,7.04,None,0.0,1071000000,728000000,274000000,2843310000,2843310000,None,None,None,None,None,None,None,None,None,798000000,None,None,None,0.0,1633000000,409000000,662000000,105782000,370000000,None,None,None,None,None,None,None,0.52,1.28,1.575,None,None,None,None,None,-768000000,None,0.0,None,None,2025-10-29,quarterly,2.04,None,pre-market,None,2436977000,0.0,0.0,0.0,0.0,None,595385000,None,None,162.38,107.12,-23.0189,6039516000,843655000,851773000,3573776000,5195861000,2722003000,3241000000,2465740000,9.4,None,238.59,59.56
2025-12-28,FISV,0.0,9.4,None,430000000,None,184471000,184471000,-443000000,-374000000,None,None,21000000,None,None,None,1975000,764000000,None,2170000000,2170000000,242000000,None,None,553402000,None,None,179000000,790000000,None,None,None,0.0,-0.61,662000000,841000000,2.65,2022-09-30,7.04,None,0.0,1071000000,728000000,274000000,2843310000,2843310000,None,None,None,None,None,None,None,None,None,493000000,None,None,None,0.0,1180000000,409000000,662000000,105782000,370000000,None,None,None,None,None,None,None,0.52,1.28,1.575,None,None,None,None,None,-831000000,None,0.0,None,None,2025-10-29,quarterly,2.04,None,pre-market,None,2436977000,0.0,0.0,0.0,0.0,None,595385000,None,None,162.38,107.12,-23.0189,6039516000,843655000,851773000,3573776000,5195861000,2722003000,3241000000,2465740000,9.4,None,238.59,59.56
2025-12-28,FISV,0.0,9.4,None,387000000,None,184471000,184471000,323000000,-1060000000,None,None,-94000000,None,None,None,1975000,764000000,None,2170000000,2170000000,242000000,None,None,553402000,None,None,179000000,809000000,None,None,None,0.0,-0.61,662000000,841000000,2.65,2022-06-30,7.04,None,0.0,1071000000,728000000,274000000,2843310000,2843310000,None,None,None,None,None,None,None,None,None,609000000,None,None,None,0.0,990000000,409000000,662000000,105782000,370000000,None,None,None,None,None,None,None,0.52,1.28,1.575,None,None,None,None,None,-534000000,None,0.0,None,None,2025-10-29,quarterly,2.04,None,pre-market,None,2436977000,0.0,0.0,0.0,0.0,None,595385000,None,None,162.38,107.12,-23.0189,6039516000,843655000,851773000,3573776000,5195861000,2722003000,3241000000,2465740000,9.4,None,238.59,59.56
2025-12-28,FISV,0.0,9.4,None,331000000,None,184471000,184471000,-1077000000,-100000000,None,None,-130000000,None,None,None,1975000,764000000,None,2170000000,2170000000,242000000,None,None,553402000,None,None,179000000,799000000,None,None,None,0.0,-0.61,662000000,841000000,2.65,2022-03-31,7.04,None,0.0,1071000000,728000000,274000000,2843310000,2843310000,None,None,None,None,None,None,None,None,None,682000000,None,None,None,0.0,815000000,409000000,662000000,105782000,370000000,None,None,None,None,None,None,None,0.52,1.28,1.575,None,None,None,None,None,-544000000,None,0.0,None,None,2025-10-29,quarterly,2.04,None,pre-market,None,2436977000,0.0,0.0,0.0,0.0,None,595385000,None,None,162.38,107.12,-23.0189,6039516000,843655000,851773000,3573776000,5195861000,2722003000,3241000000,2465740000,9.4,None,238.59,59.56
2025-12-28,FISV,0.0,9.4,None,346000000,None,184471000,184471000,-49000000,-665000000,None,None,-6000000,None,None,None,1975000,764000000,None,2170000000,2170000000,242000000,None,None,553402000,None,None,179000000,781000000,None,None,None,0.0,-0.61,662000000,841000000,2.65,2021-12-31,7.04,None,0.0,1071000000,728000000,274000000,2843310000,2843310000,None,None,None,None,None,None,None,None,None,355000000,None,None,None,0.0,1343000000,409000000,662000000,105782000,370000000,None,None,None,None,None,None,None,0.52,1.28,1.575,None,None,None,None,None,-1018000000,None,0.0,None,None,2025-10-29,quarterly,2.04,None,pre-market,None,2436977000,0.0,0.0,0.0,0.0,None,595385000,None,None,162.38,107.12,-23.0189,6039516000,843655000,851773000,3573776000,5195861000,2722003000,3241000000,2465740000,9.4,None,238.59,59.56
2025-12-28,FISV,0.0,9.4,None,320000000,None,184471000,184471000,-315000000,-267000000,None,None,-186000000,None,None,None,1975000,764000000,None,2170000000,2170000000,242000000,None,None,553402000,None,None,179000000,805000000,None,None,None,0.0,-0.61,662000000,841000000,2.65,2021-09-30,7.04,None,0.0,1071000000,728000000,274000000,2843310000,2843310000,None,None,None,None,None,None,None,None,None,446000000,None,None,None,0.0,678000000,409000000,662000000,105782000,370000000,None,None,None,None,None,None,None,0.52,1.28,1.575,None,None,None,None,None,-407000000,None,0.0,None,None,2025-10-29,quarterly,2.04,None,pre-market,None,2436977000,0.0,0.0,0.0,0.0,None,595385000,None,None,162.38,107.12,-23.0189,6039516000,843655000,851773000,3573776000,5195861000,2722003000,3241000000,2465740000,9.4,None,238.59,59.56
2025-12-28,FISV,0.0,9.4,None,260000000,None,184471000,184471000,-1066000000,10000000,None,None,-400000,None,None,None,1975000,764000000,None,2170000000,2170000000,242000000,None,None,553402000,None,None,179000000,813000000,None,None,None,0.0,-0.61,662000000,841000000,2.65,2021-06-30,7.04,None,0.0,1071000000,728000000,274000000,2843310000,2843310000,None,None,None,None,None,None,None,None,None,284000000,None,None,None,0.0,1061000000,409000000,662000000,105782000,370000000,None,None,None,None,None,None,None,0.52,1.28,1.575,None,None,None,None,None,-619000000,None,0.0,None,None,2025-10-29,quarterly,2.04,None,pre-market,None,2436977000,0.0,0.0,0.0,0.0,None,595385000,None,None,162.38,107.12,-23.0189,6039516000,843655000,851773000,3573776000,5195861000,2722003000,3241000000,2465740000,9.4,None,238.59,59.56
2025-12-28,FISV,0.0,9.4,None,234000000,None,184471000,184471000,-311000000,-708000000,None,None,-12463000,None,None,None,1975000,764000000,None,2170000000,2170000000,242000000,None,None,553402000,None,None,179000000,797000000,None,None,None,0.0,-0.61,662000000,841000000,2.65,2021-03-31,7.04,None,0.0,1071000000,728000000,274000000,2843310000,2843310000,None,None,None,None,None,None,None,None,None,318000000,None,None,None,0.0,952000000,409000000,662000000,105782000,370000000,None,None,None,None,None,None,None,0.52,1.28,1.575,None,None,None,None,None,-742000000,None,0.0,None,None,2025-10-29,quarterly,2.04,None,pre-market,None,2436977000,0.0,0.0,0.0,0.0,None,595385000,None,None,162.38,107.12,-23.0189,6039516000,843655000,851773000,3573776000,5195861000,2722003000,3241000000,2465740000,9.4,None,238.59,59.56
2025-12-28,FISV,0.0,9.4,None,211000000,None,184471000,184471000,-1051000000,-187000000,None,None,2052000,None,None,None,1975000,764000000,None,2170000000,2170000000,242000000,None,None,553402000,None,None,179000000,774000000,None,None,None,0.0,-0.61,662000000,841000000,2.65,2020-12-31,7.04,None,0.0,1071000000,728000000,274000000,2843310000,2843310000,None,None,None,None,None,None,None,None,None,313000000,None,None,None,0.0,1186000000,409000000,662000000,105782000,370000000,None,None,None,None,None,None,None,0.52,1.28,1.575,None,None,None,None,None,-214000000,None,0.0,None,None,2025-10-29,quarterly,2.04,None,pre-market,None,2436977000,0.0,0.0,0.0,0.0,None,595385000,None,None,162.38,107.12,-23.0189,6039516000,843655000,851773000,3573776000,5195861000,2722003000,3241000000,2465740000,9.4,None,238.59,59.56
2025-12-28,FISV,0.0,9.4,None,201000000,None,184471000,184471000,-826000000,-180000000,None,None,914000,None,None,None,1975000,764000000,None,2170000000,2170000000,242000000,None,None,553402000,None,None,179000000,787000000,None,None,None,0.0,-0.61,662000000,841000000,2.65,2020-09-30,7.04,None,0.0,1071000000,728000000,274000000,2843310000,2843310000,None,None,None,None,None,None,None,None,None,276000000,None,None,None,0.0,1042000000,409000000,662000000,105782000,370000000,None,None,None,None,None,None,None,0.52,1.28,1.575,None,None,None,None,None,-38000000,None,0.0,None,None,2025-10-29,quarterly,2.04,None,pre-market,None,2436977000,0.0,0.0,0.0,0.0,None,595385000,None,None,162.38,107.12,-23.0189,6039516000,843655000,851773000,3573776000,5195861000,2722003000,3241000000,2465740000,9.4,None,238.59,59.56
2025-12-28,FISV,0.0,9.4,None,242000000,None,184471000,184471000,-825000000,-238000000,None,None,-2684000,None,None,None,1975000,764000000,None,2170000000,2170000000,242000000,None,None,553402000,None,None,179000000,817000000,None,None,None,0.0,-0.61,662000000,841000000,2.65,2020-06-30,7.04,None,0.0,1071000000,728000000,274000000,2843310000,2843310000,None,None,None,None,None,None,None,None,None,9000000,None,None,None,0.0,1031000000,409000000,662000000,105782000,370000000,None,None,None,None,None,None,None,0.52,1.28,1.575,None,None,None,None,None,-604000000,None,0.0,None,None,2025-10-29,quarterly,2.04,None,pre-market,None,2436977000,0.0,0.0,0.0,0.0,None,595385000,None,None,162.38,107.12,-23.0189,6039516000,843655000,851773000,3573776000,5195861000,2722003000,3241000000,2465740000,9.4,None,238.59,59.56
2025-12-28,FISV,0.0,9.4,None,246000000,None,184471000,184471000,-1134000000,264000000,None,None,-1855000,None,None,None,1975000,764000000,None,2170000000,2170000000,242000000,None,None,553402000,None,None,179000000,832000000,None,None,None,0.0,-0.61,662000000,841000000,2.65,2020-03-31,7.04,None,0.0,1071000000,728000000,274000000,2843310000,2843310000,None,None,None,None,None,None,None,None,None,377000000,None,None,None,0.0,888000000,409000000,662000000,105782000,370000000,None,None,None,None,None,None,None,0.52,1.28,1.575,None,None,None,None,None,-970000000,None,0.0,None,None,2025-10-29,quarterly,2.04,None,pre-market,None,2436977000,0.0,0.0,0.0,0.0,None,595385000,None,None,162.38,107.12,-23.0189,6039516000,843655000,851773000,3573776000,5195861000,2722003000,3241000000,2465740000,9.4,None,238.59,59.56
2025-12-28,FISV,0.0,9.4,None,290000000,None,184471000,184471000,-1160000000,-293000000,None,None,3497000,None,None,None,1975000,764000000,None,2170000000,2170000000,242000000,None,None,553402000,None,None,179000000,789000000,None,None,None,0.0,-0.61,662000000,841000000,2.65,2019-12-31,7.04,None,0.0,1071000000,728000000,274000000,2843310000,2843310000,None,None,None,None,None,None,None,None,None,241000000,None,None,None,0.0,1291000000,409000000,662000000,105782000,370000000,None,None,None,None,None,None,None,0.52,1.28,1.575,None,None,None,None,None,-290000000,None,0.0,None,None,2025-10-29,quarterly,2.04,None,pre-market,None,2436977000,0.0,0.0,0.0,0.0,None,595385000,None,None,162.38,107.12,-23.0189,6039516000,843655000,851773000,3573776000,5195861000,2722003000,3241000000,2465740000,9.4,None,238.59,59.56
2025-12-28,FISV,0.0,9.4,None,221000000,None,184471000,184471000,7768000000,-16173000000,None,None,-11868000,None,None,None,1975000,764000000,None,2170000000,2170000000,242000000,None,None,553402000,None,None,179000000,571000000,None,None,None,0.0,-0.61,662000000,841000000,2.65,2019-09-30,7.04,None,0.0,1071000000,728000000,274000000,2843310000,2843310000,None,None,None,None,None,None,None,None,None,225000000,None,None,None,0.0,1038000000,409000000,662000000,105782000,370000000,None,None,None,None,None,None,None,0.52,1.28,1.575,None,None,None,None,None,-86000000,None,0.0,None,None,2025-10-29,quarterly,2.04,None,pre-market,None,2436977000,0.0,0.0,0.0,0.0,None,595385000,None,None,162.38,107.12,-23.0189,6039516000,843655000,851773000,3573776000,5195861000,2722003000,3241000000,2465740000,9.4,None,238.59,59.56
2025-12-28,FISV,0.0,9.4,None,112000000,None,184471000,184471000,7883000000,-100000000,None,None,1760000,None,None,None,1975000,764000000,None,2170000000,2170000000,242000000,None,None,553402000,None,None,179000000,146000000,None,None,None,0.0,-0.61,662000000,841000000,2.65,2019-06-30,7.04,None,0.0,1071000000,728000000,274000000,2843310000,2843310000,None,None,None,None,None,None,None,None,None,223000000,None,None,None,0.0,206000000,409000000,662000000,105782000,370000000,None,None,None,None,None,None,None,0.52,1.28,1.575,None,None,None,None,None,-2000000,None,0.0,None,None,2025-10-29,quarterly,2.04,None,pre-market,None,2436977000,0.0,0.0,0.0,0.0,None,595385000,None,None,162.38,107.12,-23.0189,6039516000,843655000,851773000,3573776000,5195861000,2722003000,3241000000,2465740000,9.4,None,238.59,59.56
2025-12-28,FISV,0.0,9.4,None,98000000,None,184471000,184471000,-300000000,-36000000,None,None,-4083000,None,None,None,1975000,764000000,None,2170000000,2170000000,242000000,None,None,553402000,None,None,179000000,145000000,None,None,None,0.0,-0.61,662000000,841000000,2.65,2019-03-31,7.04,None,0.0,1071000000,728000000,274000000,2843310000,2843310000,None,None,None,None,None,None,None,None,None,225000000,None,None,None,0.0,373000000,409000000,662000000,105782000,370000000,None,None,None,None,None,None,None,0.52,1.28,1.575,None,None,None,None,None,-183000000,None,0.0,None,None,2025-10-29,quarterly,2.04,None,pre-market,None,2436977000,0.0,0.0,0.0,0.0,None,595385000,None,None,162.38,107.12,-23.0189,6039516000,843655000,851773000,3573776000,5195861000,2722003000,3241000000,2465740000,9.4,None,238.59,59.56
2025-12-28,FISV,0.0,9.4,None,97000000,None,184471000,184471000,-23000000,-806000000,None,None,553000,None,None,None,1975000,764000000,None,2170000000,2170000000,242000000,None,None,553402000,None,None,179000000,150000000,None,None,None,0.0,-0.61,662000000,841000000,2.65,2018-12-31,7.04,None,0.0,1071000000,728000000,274000000,2843310000,2843310000,None,None,None,None,None,None,None,None,None,286000000,None,None,None,0.0,571000000,409000000,662000000,105782000,370000000,None,None,None,None,None,None,None,0.52,1.28,1.575,None,None,None,None,None,-692000000,None,0.0,None,None,2025-10-29,quarterly,2.04,None,pre-market,None,2436977000,0.0,0.0,0.0,0.0,None,595385000,None,None,162.38,107.12,-23.0189,6039516000,843655000,851773000,3573776000,5195861000,2722003000,3241000000,2465740000,9.4,None,238.59,59.56
2025-12-28,FISV,0.0,9.4,None,94000000,None,184471000,184471000,50000000,-93000000,None,None,-2009000,None,None,None,1975000,764000000,None,2170000000,2170000000,242000000,None,None,553402000,None,None,179000000,136000000,None,None,None,0.0,-0.61,662000000,841000000,2.65,2018-09-30,7.04,None,0.0,1071000000,728000000,274000000,2843310000,2843310000,None,None,None,None,None,None,None,None,None,227000000,None,None,None,0.0,368000000,409000000,662000000,105782000,370000000,None,None,None,None,None,None,None,0.52,1.28,1.575,None,None,None,None,None,-430000000,None,0.0,None,None,2025-10-29,quarterly,2.04,None,pre-market,None,2436977000,0.0,0.0,0.0,0.0,None,595385000,None,None,162.38,107.12,-23.0189,6039516000,843655000,851773000,3573776000,5195861000,2722003000,3241000000,2465740000,9.4,None,238.59,59.56
2025-12-28,FISV,0.0,9.4,None,92000000,None,184471000,184471000,-173000000,-102000000,None,None,1008000,None,None,None,1975000,764000000,None,2170000000,2170000000,242000000,None,None,553402000,None,None,179000000,136000000,None,None,None,0.0,-0.61,662000000,841000000,2.65,2018-06-30,7.04,None,0.0,1071000000,728000000,274000000,2843310000,2843310000,None,None,None,None,None,None,None,None,None,251000000,None,None,None,0.0,241000000,409000000,662000000,105782000,370000000,None,None,None,None,None,None,None,0.52,1.28,1.575,None,None,None,None,None,-397000000,None,0.0,None,None,2025-10-29,quarterly,2.04,None,pre-market,None,2436977000,0.0,0.0,0.0,0.0,None,595385000,None,None,162.38,107.12,-23.0189,6039516000,843655000,851773000,3573776000,5195861000,2722003000,3241000000,2465740000,9.4,None,238.59,59.56
2025-12-28,FISV,0.0,9.4,None,77000000,None,184471000,184471000,-696000000,381000000,None,None,-2469000,None,None,None,1975000,764000000,None,2170000000,2170000000,242000000,None,None,553402000,None,None,179000000,134000000,None,None,None,0.0,-0.61,662000000,841000000,2.65,2018-03-31,7.04,None,0.0,1071000000,728000000,274000000,2843310000,2843310000,None,None,None,None,None,None,None,None,None,423000000,None,None,None,0.0,372000000,409000000,662000000,105782000,370000000,None,None,None,None,None,None,None,0.52,1.28,1.575,None,None,None,None,None,-427000000,None,0.0,None,None,2025-10-29,quarterly,2.04,None,pre-market,None,2436977000,0.0,0.0,0.0,0.0,None,595385000,None,None,162.38,107.12,-23.0189,6039516000,843655000,851773000,3573776000,5195861000,2722003000,3241000000,2465740000,9.4,None,238.59,59.56
2025-12-28,FISV,0.0,9.4,None,79000000,None,184471000,184471000,-405000000,-82000000,None,None,5956000,None,None,None,1975000,764000000,None,2170000000,2170000000,242000000,None,None,553402000,None,None,179000000,111000000,None,None,None,0.0,-0.61,662000000,841000000,2.65,2017-12-31,7.04,None,0.0,1071000000,728000000,274000000,2843310000,2843310000,None,None,None,None,None,None,None,None,None,532000000,None,None,None,0.0,468000000,409000000,662000000,105782000,370000000,None,None,None,None,None,None,None,0.52,1.28,1.575,None,None,None,None,None,-207000000,None,0.0,None,None,2025-10-29,quarterly,2.04,None,pre-market,None,2436977000,0.0,0.0,0.0,0.0,None,595385000,None,None,162.38,107.12,-23.0189,6039516000,843655000,851773000,3573776000,5195861000,2722003000,3241000000,2465740000,9.4,None,238.59,59.56
2025-12-28,FISV,0.0,9.4,None,72000000,None,184471000,184471000,83000000,-381000000,None,None,519000,None,None,None,1975000,764000000,None,2170000000,2170000000,242000000,None,None,553402000,None,None,179000000,107000000,None,None,None,0.0,-0.61,662000000,841000000,2.65,2017-09-30,7.04,None,0.0,1071000000,728000000,274000000,2843310000,2843310000,None,None,None,None,None,None,None,None,None,232000000,None,None,None,0.0,324000000,409000000,662000000,105782000,370000000,None,None,None,None,None,None,None,0.52,1.28,1.575,None,None,None,None,None,-303000000,None,0.0,None,None,2025-10-29,quarterly,2.04,None,pre-market,None,2436977000,0.0,0.0,0.0,0.0,None,595385000,None,None,162.38,107.12,-23.0189,6039516000,843655000,851773000,3573776000,5195861000,2722003000,3241000000,2465740000,9.4,None,238.59,59.56
2025-12-28,FISV,0.0,9.4,None,60000000,None,184471000,184471000,-197000000,-40000000,None,None,895000,None,None,None,1975000,764000000,None,2170000000,2170000000,242000000,None,None,553402000,None,None,179000000,109000000,None,None,None,0.0,-0.61,662000000,841000000,2.65,2017-06-30,7.04,None,0.0,1071000000,728000000,274000000,2843310000,2843310000,None,None,None,None,None,None,None,None,None,221000000,None,None,None,0.0,228000000,409000000,662000000,105782000,370000000,None,None,None,None,None,None,None,0.52,1.28,1.575,None,None,None,None,None,-309000000,None,0.0,None,None,2025-10-29,quarterly,2.04,None,pre-market,None,2436977000,0.0,0.0,0.0,0.0,None,595385000,None,None,162.38,107.12,-23.0189,6039516000,843655000,851773000,3573776000,5195861000,2722003000,3241000000,2465740000,9.4,None,238.59,59.56
2025-12-28,FISV,0.0,9.4,None,76000000,None,184471000,184471000,-301000000,-154000000,None,None,4732000,None,None,None,1975000,764000000,None,2170000000,2170000000,242000000,None,None,553402000,None,None,179000000,106000000,None,None,None,0.0,-0.61,662000000,841000000,2.65,2017-03-31,7.04,None,0.0,1071000000,728000000,274000000,2843310000,2843310000,None,None,None,None,None,None,None,None,None,247000000,None,None,None,0.0,463000000,409000000,662000000,105782000,370000000,None,None,None,None,None,None,None,0.52,1.28,1.575,None,None,None,None,None,-404000000,None,0.0,None,None,2025-10-29,quarterly,2.04,None,pre-market,None,2436977000,0.0,0.0,0.0,0.0,None,595385000,None,None,162.38,107.12,-23.0189,6039516000,843655000,851773000,3573776000,5195861000,2722003000,3241000000,2465740000,9.4,None,238.59,59.56
2025-12-28,FISV,0.0,9.4,None,67000000,None,184471000,184471000,-324000000,-68000000,None,None,7347000,None,None,None,1975000,764000000,None,2170000000,2170000000,242000000,None,None,553402000,None,None,179000000,105000000,None,None,None,0.0,-0.61,662000000,841000000,2.65,2016-12-31,7.04,None,0.0,1071000000,728000000,274000000,2843310000,2843310000,None,None,None,None,None,None,None,None,None,215000000,None,None,None,0.0,389000000,409000000,662000000,105782000,370000000,None,None,None,None,None,None,None,0.52,1.28,1.575,None,None,None,None,None,-275000000,None,0.0,None,None,2025-10-29,quarterly,2.04,None,pre-market,None,2436977000,0.0,0.0,0.0,0.0,None,595385000,None,None,162.38,107.12,-23.0189,6039516000,843655000,851773000,3573776000,5195861000,2722003000,3241000000,2465740000,9.4,None,238.59,59.56
2025-12-28,FISV,0.0,9.4,None,78000000,None,184471000,184471000,-237000000,-78000000,None,None,8654000,None,None,None,1975000,764000000,None,2170000000,2170000000,242000000,None,None,553402000,None,None,179000000,104000000,None,None,None,0.0,-0.61,662000000,841000000,2.65,2016-09-30,7.04,None,0.0,1071000000,728000000,274000000,2843310000,2843310000,None,None,None,None,None,None,None,None,None,214000000,None,None,None,0.0,355000000,409000000,662000000,105782000,370000000,None,None,None,None,None,None,None,0.52,1.28,1.575,None,None,None,None,None,-337000000,None,0.0,None,None,2025-10-29,quarterly,2.04,None,pre-market,None,2436977000,0.0,0.0,0.0,0.0,None,595385000,None,None,162.38,107.12,-23.0189,6039516000,843655000,851773000,3573776000,5195861000,2722003000,3241000000,2465740000,9.4,None,238.59,59.56
2025-12-28,FISV,0.0,9.4,None,73000000,None,184471000,184471000,-127000000,-71000000,None,None,10550000,None,None,None,1975000,764000000,None,2170000000,2170000000,242000000,None,None,553402000,None,None,179000000,102000000,None,None,None,0.0,-0.61,662000000,841000000,2.65,2016-06-30,7.04,None,0.0,1071000000,728000000,274000000,2843310000,2843310000,None,None,None,None,None,None,None,None,None,212000000,None,None,None,0.0,178000000,409000000,662000000,105782000,370000000,None,None,None,None,None,None,None,0.52,1.28,1.575,None,None,None,None,None,-274000000,None,0.0,None,None,2025-10-29,quarterly,2.04,None,pre-market,None,2436977000,0.0,0.0,0.0,0.0,None,595385000,None,None,162.38,107.12,-23.0189,6039516000,843655000,851773000,3573776000,5195861000,2722003000,3241000000,2465740000,9.4,None,238.59,59.56
2025-12-28,FISV,0.0,9.4,None,72000000,None,184471000,184471000,-164000000,-337000000,None,None,828000,None,None,None,1975000,764000000,None,2170000000,2170000000,242000000,None,None,553402000,None,None,179000000,100000000,None,None,None,0.0,-0.61,662000000,841000000,2.65,2016-03-31,7.04,None,0.0,1071000000,728000000,274000000,2843310000,2843310000,None,None,None,None,None,None,None,None,None,289000000,None,None,None,0.0,509000000,409000000,662000000,105782000,370000000,None,None,None,None,None,None,None,0.52,1.28,1.575,None,None,None,None,None,-359000000,None,0.0,None,None,2025-10-29,quarterly,2.04,None,pre-market,None,2436977000,0.0,0.0,0.0,0.0,None,595385000,None,None,162.38,107.12,-23.0189,6039516000,843655000,851773000,3573776000,5195861000,2722003000,3241000000,2465740000,9.4,None,238.59,59.56
2025-12-28,FISV,0.0,9.4,None,67000000,None,184471000,184471000,-361000000,-64000000,None,None,3926000,None,None,None,1975000,764000000,None,2170000000,2170000000,242000000,None,None,553402000,None,None,179000000,105000000,None,None,None,0.0,-0.61,662000000,841000000,2.65,2015-12-31,7.04,None,0.0,1071000000,728000000,274000000,2843310000,2843310000,None,None,None,None,None,None,None,None,None,189000000,None,None,None,0.0,391000000,409000000,662000000,105782000,370000000,None,None,None,None,None,None,None,0.52,1.28,1.575,None,None,None,None,None,-456000000,None,0.0,None,None,2025-10-29,quarterly,2.04,None,pre-market,None,2436977000,0.0,0.0,0.0,0.0,None,595385000,None,None,162.38,107.12,-23.0189,6039516000,843655000,851773000,3573776000,5195861000,2722003000,3241000000,2465740000,9.4,None,238.59,59.56
2025-12-28,FISV,0.0,9.4,None,89000000,None,184471000,184471000,-483000000,-93000000,None,None,20077000,None,None,None,1975000,764000000,None,2170000000,2170000000,242000000,None,None,553402000,None,None,179000000,106000000,None,None,None,0.0,-0.61,662000000,841000000,2.65,2015-09-30,7.04,None,0.0,1071000000,728000000,274000000,2843310000,2843310000,None,None,None,None,None,None,None,None,None,218000000,None,None,None,0.0,355000000,409000000,662000000,105782000,370000000,None,None,None,None,None,None,None,0.52,1.28,1.575,None,None,None,None,None,-492000000,None,0.0,None,None,2025-10-29,quarterly,2.04,None,pre-market,None,2436977000,0.0,0.0,0.0,0.0,None,595385000,None,None,162.38,107.12,-23.0189,6039516000,843655000,851773000,3573776000,5195861000,2722003000,3241000000,2465740000,9.4,None,238.59,59.56
2025-12-28,FISV,0.0,9.4,None,113000000,None,184471000,184471000,93000000,-113000000,None,None,23775000,None,None,None,1975000,764000000,None,2170000000,2170000000,242000000,None,None,553402000,None,None,179000000,104000000,None,None,None,0.0,-0.61,662000000,841000000,2.65,2015-06-30,7.04,None,0.0,1071000000,728000000,274000000,2843310000,2843310000,None,None,None,None,None,None,None,None,None,127000000,None,None,None,0.0,254000000,409000000,662000000,105782000,370000000,None,None,None,None,None,None,None,0.52,1.28,1.575,None,None,None,None,None,-243000000,None,0.0,None,None,2025-10-29,quarterly,2.04,None,pre-market,None,2436977000,0.0,0.0,0.0,0.0,None,595385000,None,None,162.38,107.12,-23.0189,6039516000,843655000,851773000,3573776000,5195861000,2722003000,3241000000,2465740000,9.4,None,238.59,59.56
2025-12-28,FISV,0.0,9.4,None,90000000,None,184471000,184471000,-254000000,-90000000,None,None,-6276000,None,None,None,1975000,764000000,None,2170000000,2170000000,242000000,None,None,553402000,None,None,179000000,102000000,None,None,None,0.0,-0.61,662000000,841000000,2.65,2015-03-31,7.04,None,0.0,1071000000,728000000,274000000,2843310000,2843310000,None,None,None,None,None,None,None,None,None,178000000,None,None,None,0.0,346000000,409000000,662000000,105782000,370000000,None,None,None,None,None,None,None,0.52,1.28,1.575,None,None,None,None,None,-331000000,None,0.0,None,None,2025-10-29,quarterly,2.04,None,pre-market,None,2436977000,0.0,0.0,0.0,0.0,None,595385000,None,None,162.38,107.12,-23.0189,6039516000,843655000,851773000,3573776000,5195861000,2722003000,3241000000,2465740000,9.4,None,238.59,59.56
2025-12-28,FISV,0.0,9.4,None,67000000,None,184471000,184471000,-395000000,-67000000,None,None,7608000,None,None,None,1975000,764000000,None,2170000000,2170000000,242000000,None,None,553402000,None,None,179000000,104000000,None,None,None,0.0,-0.61,662000000,841000000,2.65,2014-12-31,7.04,None,0.0,1071000000,728000000,274000000,2843310000,2843310000,None,None,None,None,None,None,None,None,None,181000000,None,None,None,0.0,347000000,409000000,662000000,105782000,370000000,None,None,None,None,None,None,None,0.52,1.28,1.575,None,None,None,None,None,-363000000,None,0.0,None,None,2025-10-29,quarterly,2.04,None,pre-market,None,2436977000,0.0,0.0,0.0,0.0,None,595385000,None,None,162.38,107.12,-23.0189,6039516000,843655000,851773000,3573776000,5195861000,2722003000,3241000000,2465740000,9.4,None,238.59,59.56
2025-12-28,FISV,0.0,9.4,None,75000000,None,184471000,184471000,-240000000,-70000000,None,None,2288000,None,None,None,1975000,764000000,None,2170000000,2170000000,242000000,None,None,553402000,None,None,179000000,101000000,None,None,None,0.0,-0.61,662000000,841000000,2.65,2014-09-30,7.04,None,0.0,1071000000,728000000,274000000,2843310000,2843310000,None,None,None,None,None,None,None,None,None,239000000,None,None,None,0.0,391000000,409000000,662000000,105782000,370000000,None,None,None,None,None,None,None,0.52,1.28,1.575,None,None,None,None,None,-257000000,None,0.0,None,None,2025-10-29,quarterly,2.04,None,pre-market,None,2436977000,0.0,0.0,0.0,0.0,None,595385000,None,None,162.38,107.12,-23.0189,6039516000,843655000,851773000,3573776000,5195861000,2722003000,3241000000,2465740000,9.4,None,238.59,59.56
2025-12-28,FISV,0.0,9.4,None,80000000,None,184471000,184471000,-176000000,-79000000,None,None,-15493000,None,None,None,1975000,764000000,None,2170000000,2170000000,242000000,None,None,553402000,None,None,179000000,99000000,None,None,None,0.0,-0.61,662000000,841000000,2.65,2014-06-30,7.04,None,0.0,1071000000,728000000,274000000,2843310000,2843310000,None,None,None,None,None,None,None,None,None,166000000,None,None,None,0.0,277000000,409000000,662000000,105782000,370000000,None,None,None,None,None,None,None,0.52,1.28,1.575,None,None,None,None,None,-193000000,None,0.0,None,None,2025-10-29,quarterly,2.04,None,pre-market,None,2436977000,0.0,0.0,0.0,0.0,None,595385000,None,None,162.38,107.12,-23.0189,6039516000,843655000,851773000,3573776000,5195861000,2722003000,3241000000,2465740000,9.4,None,238.59,59.56
2025-12-28,FISV,0.0,9.4,None,70000000,None,184471000,184471000,-315000000,-70000000,None,None,-24685000,None,None,None,1975000,764000000,None,2170000000,2170000000,242000000,None,None,553402000,None,None,179000000,100000000,None,None,None,0.0,-0.61,662000000,841000000,2.65,2014-03-31,7.04,None,0.0,1071000000,728000000,274000000,2843310000,2843310000,None,None,None,None,None,None,None,None,None,168000000,None,None,None,0.0,292000000,409000000,662000000,105782000,370000000,None,None,None,None,None,None,None,0.52,1.28,1.575,None,None,None,None,None,-335000000,None,0.0,None,None,2025-10-29,quarterly,2.04,None,pre-market,None,2436977000,0.0,0.0,0.0,0.0,None,595385000,None,None,162.38,107.12,-23.0189,6039516000,843655000,851773000,3573776000,5195861000,2722003000,3241000000,2465740000,9.4,None,238.59,59.56
2025-12-28,FISV,0.0,9.4,None,65000000,None,184471000,184471000,-212000000,-64000000,None,None,-24154000,None,None,None,1975000,764000000,None,2170000000,2170000000,242000000,None,None,553402000,None,None,179000000,102000000,None,None,None,0.0,-0.61,662000000,841000000,2.65,2013-12-31,7.04,None,0.0,1071000000,728000000,274000000,2843310000,2843310000,None,None,None,None,None,None,None,None,None,220000000,None,None,None,0.0,358000000,409000000,662000000,105782000,370000000,None,None,None,None,None,None,None,0.52,1.28,1.575,None,None,None,None,None,-123000000,None,0.0,None,None,2025-10-29,quarterly,2.04,None,pre-market,None,2436977000,0.0,0.0,0.0,0.0,None,595385000,None,None,162.38,107.12,-23.0189,6039516000,843655000,851773000,3573776000,5195861000,2722003000,3241000000,2465740000,9.4,None,238.59,59.56
2025-12-28,FISV,0.0,9.4,None,61000000,None,184471000,184471000,-204000000,-74000000,None,None,-17473000,None,None,None,1975000,764000000,None,2170000000,2170000000,242000000,None,None,553402000,None,None,179000000,101000000,None,None,None,0.0,-0.61,662000000,841000000,2.65,2013-09-30,7.04,None,0.0,1071000000,728000000,274000000,2843310000,2843310000,None,None,None,None,None,None,None,None,None,161000000,None,None,None,0.0,284000000,409000000,662000000,105782000,370000000,None,None,None,None,None,None,None,0.52,1.28,1.575,None,None,None,None,None,-201000000,None,0.0,None,None,2025-10-29,quarterly,2.04,None,pre-market,None,2436977000,0.0,0.0,0.0,0.0,None,595385000,None,None,162.38,107.12,-23.0189,6039516000,843655000,851773000,3573776000,5195861000,2722003000,3241000000,2465740000,9.4,None,238.59,59.56
2025-12-28,FISV,0.0,9.4,None,52000000,None,184471000,184471000,-269000000,64000000,None,None,-20259000,None,None,None,1975000,764000000,None,2170000000,2170000000,242000000,None,None,553402000,None,None,179000000,103000000,None,None,None,0.0,-0.61,662000000,841000000,2.65,2013-06-30,7.04,None,0.0,1071000000,728000000,274000000,2843310000,2843310000,None,None,None,None,None,None,None,None,None,152000000,None,None,None,0.0,175000000,409000000,662000000,105782000,370000000,None,None,None,None,None,None,None,0.52,1.28,1.575,None,None,None,None,None,-187000000,None,0.0,None,None,2025-10-29,quarterly,2.04,None,pre-market,None,2436977000,0.0,0.0,0.0,0.0,None,595385000,None,None,162.38,107.12,-23.0189,6039516000,843655000,851773000,3573776000,5195861000,2722003000,3241000000,2465740000,9.4,None,238.59,59.56
2025-12-28,FISV,0.0,9.4,None,58000000,None,184471000,184471000,-188000000,-74000000,None,None,-20097000,None,None,None,1975000,764000000,None,2170000000,2170000000,242000000,None,None,553402000,None,None,179000000,97000000,None,None,None,0.0,-0.61,662000000,841000000,2.65,2013-03-31,7.04,None,0.0,1071000000,728000000,274000000,2843310000,2843310000,None,None,None,None,None,None,None,None,None,117000000,None,None,None,0.0,222000000,409000000,662000000,105782000,370000000,None,None,None,None,None,None,None,0.52,1.28,1.575,None,None,None,None,None,-67000000,None,0.0,None,None,2025-10-29,quarterly,2.04,None,pre-market,None,2436977000,0.0,0.0,0.0,0.0,None,595385000,None,None,162.38,107.12,-23.0189,6039516000,843655000,851773000,3573776000,5195861000,2722003000,3241000000,2465740000,9.4,None,238.59,59.56
2025-12-28,FISV,0.0,9.4,None,49000000,None,184471000,184471000,-255000000,-16000000,None,None,-7598000,None,None,None,1975000,764000000,None,2170000000,2170000000,242000000,None,None,553402000,None,None,179000000,89000000,None,None,None,0.0,-0.61,662000000,841000000,2.65,2012-12-31,7.04,None,0.0,1071000000,728000000,274000000,2843310000,2843310000,None,None,None,None,None,None,None,None,None,591000000,None,None,None,0.0,287000000,409000000,662000000,105782000,370000000,None,None,None,None,None,None,None,0.52,1.28,1.575,None,None,None,None,None,-54000000,None,0.0,None,None,2025-10-29,quarterly,2.04,None,pre-market,None,2436977000,0.0,0.0,0.0,0.0,None,595385000,None,None,162.38,107.12,-23.0189,6039516000,843655000,851773000,3573776000,5195861000,2722003000,3241000000,2465740000,9.4,None,238.59,59.56
2025-12-28,FISV,0.0,9.4,None,44000000,None,184471000,184471000,-132000000,-24000000,None,None,3019000,None,None,None,1975000,764000000,None,2170000000,2170000000,242000000,None,None,553402000,None,None,179000000,90000000,None,None,None,0.0,-0.61,662000000,841000000,2.65,2012-09-30,7.04,None,0.0,1071000000,728000000,274000000,2843310000,2843310000,None,None,None,None,None,None,None,None,None,3000000,None,None,None,0.0,163000000,409000000,662000000,105782000,370000000,None,None,None,None,None,None,None,0.52,1.28,1.575,None,None,None,None,None,-184000000,None,0.0,None,None,2025-10-29,quarterly,2.04,None,pre-market,None,2436977000,0.0,0.0,0.0,0.0,None,595385000,None,None,162.38,107.12,-23.0189,6039516000,843655000,851773000,3573776000,5195861000,2722003000,3241000000,2465740000,9.4,None,238.59,59.56
2025-12-28,FISV,0.0,9.4,None,44000000,None,184471000,184471000,-115000000,-40000000,None,None,419000,None,None,None,1975000,764000000,None,2170000000,2170000000,242000000,None,None,553402000,None,None,179000000,87000000,None,None,None,0.0,-0.61,662000000,841000000,2.65,2012-06-30,7.04,None,0.0,1071000000,728000000,274000000,2843310000,2843310000,None,None,None,None,None,None,None,None,None,2000000,None,None,None,0.0,149000000,409000000,662000000,105782000,370000000,None,None,None,None,None,None,None,0.52,1.28,1.575,None,None,None,None,None,-153000000,None,0.0,None,None,2025-10-29,quarterly,2.04,None,pre-market,None,2436977000,0.0,0.0,0.0,0.0,None,595385000,None,None,162.38,107.12,-23.0189,6039516000,843655000,851773000,3573776000,5195861000,2722003000,3241000000,2465740000,9.4,None,238.59,59.56
2025-12-28,FISV,0.0,9.4,None,58000000,None,184471000,184471000,-204000000,-58000000,None,None,-11191000,None,None,None,1975000,764000000,None,2170000000,2170000000,242000000,None,None,553402000,None,None,179000000,88000000,None,None,None,0.0,-0.61,662000000,841000000,2.65,2012-03-31,7.04,None,0.0,1071000000,728000000,274000000,2843310000,2843310000,None,None,None,None,None,None,None,None,None,1000000,None,None,None,0.0,236000000,409000000,662000000,105782000,370000000,None,None,None,None,None,None,None,0.52,1.28,1.575,None,None,None,None,None,-243000000,None,0.0,None,None,2025-10-29,quarterly,2.04,None,pre-market,None,2436977000,0.0,0.0,0.0,0.0,None,595385000,None,None,162.38,107.12,-23.0189,6039516000,843655000,851773000,3573776000,5195861000,2722003000,3241000000,2465740000,9.4,None,238.59,59.56
2025-12-28,FISV,0.0,9.4,None,48000000,None,184471000,184471000,-159000000,-48000000,None,None,None,None,None,None,1975000,764000000,None,2170000000,2170000000,242000000,None,None,553402000,None,None,179000000,90000000,None,None,None,0.0,-0.61,662000000,841000000,2.65,2011-12-31,7.04,None,0.0,1071000000,728000000,274000000,2843310000,2843310000,None,None,None,None,None,None,None,None,None,10000000,None,None,None,0.0,272000000,409000000,662000000,105782000,370000000,None,None,None,None,None,None,None,0.52,1.28,1.575,None,None,None,None,None,-49000000,None,0.0,None,None,2025-10-29,quarterly,2.04,None,pre-market,None,2436977000,0.0,0.0,0.0,0.0,None,595385000,None,None,162.38,107.12,-23.0189,6039516000,843655000,851773000,3573776000,5195861000,2722003000,3241000000,2465740000,9.4,None,238.59,59.56
2025-12-28,FISV,0.0,9.4,None,42000000,None,184471000,184471000,-195000000,-462000000,None,None,None,None,None,None,1975000,764000000,None,2170000000,2170000000,242000000,None,None,553402000,None,None,179000000,86000000,None,None,None,0.0,-0.61,662000000,841000000,2.65,2011-09-30,7.04,None,0.0,1071000000,728000000,274000000,2843310000,2843310000,None,None,None,None,None,None,None,None,None,-202000000,None,None,None,0.0,263000000,409000000,662000000,105782000,370000000,None,None,None,None,None,None,None,0.52,1.28,1.575,None,None,None,None,None,-51000000,None,0.0,None,None,2025-10-29,quarterly,2.04,None,pre-market,None,2436977000,0.0,0.0,0.0,0.0,None,595385000,None,None,162.38,107.12,-23.0189,6039516000,843655000,851773000,3573776000,5195861000,2722003000,3241000000,2465740000,9.4,None,238.59,59.56
2025-12-28,FISV,0.0,9.4,None,46000000,None,184471000,184471000,74000000,-44000000,None,None,None,None,None,None,1975000,764000000,None,2170000000,2170000000,242000000,None,None,553402000,None,None,179000000,88000000,None,None,None,0.0,-0.61,662000000,841000000,2.65,2011-06-30,7.04,None,0.0,1071000000,728000000,274000000,2843310000,2843310000,None,None,None,None,None,None,None,None,None,97000000,None,None,None,0.0,135000000,409000000,662000000,105782000,370000000,None,None,None,None,None,None,None,0.52,1.28,1.575,None,None,None,None,None,-181000000,None,0.0,None,None,2025-10-29,quarterly,2.04,None,pre-market,None,2436977000,0.0,0.0,0.0,0.0,None,595385000,None,None,162.38,107.12,-23.0189,6039516000,843655000,851773000,3573776000,5195861000,2722003000,3241000000,2465740000,9.4,None,238.59,59.56
2025-12-28,FISV,0.0,9.4,None,56000000,None,184471000,184471000,-218000000,-111000000,None,None,None,None,None,None,1975000,764000000,None,2170000000,2170000000,242000000,None,None,553402000,None,None,179000000,85000000,None,None,None,0.0,-0.61,662000000,841000000,2.65,2011-03-31,7.04,None,0.0,1071000000,728000000,274000000,2843310000,2843310000,None,None,None,None,None,None,None,None,None,114000000,None,None,None,0.0,283000000,409000000,662000000,105782000,370000000,None,None,None,None,None,None,None,0.52,1.28,1.575,None,None,None,None,None,-252000000,None,0.0,None,None,2025-10-29,quarterly,2.04,None,pre-market,None,2436977000,0.0,0.0,0.0,0.0,None,595385000,None,None,162.38,107.12,-23.0189,6039516000,843655000,851773000,3573776000,5195861000,2722003000,3241000000,2465740000,9.4,None,238.59,59.56
2025-12-28,FISV,0.0,9.4,None,46000000,None,184471000,184471000,-516000000,26000000,None,None,None,None,None,None,1975000,764000000,None,2170000000,2170000000,242000000,None,None,553402000,None,None,179000000,87000000,None,None,None,0.0,-0.61,662000000,841000000,2.65,2010-12-31,7.04,None,0.0,1071000000,728000000,274000000,2843310000,2843310000,None,None,None,None,None,None,None,None,None,119000000,None,None,None,0.0,304000000,409000000,662000000,105782000,370000000,None,None,None,None,None,None,None,0.52,1.28,1.575,None,None,None,None,None,-159000000,None,0.0,None,None,2025-10-29,quarterly,2.04,None,pre-market,None,2436977000,0.0,0.0,0.0,0.0,None,595385000,None,None,162.38,107.12,-23.0189,6039516000,843655000,851773000,3573776000,5195861000,2722003000,3241000000,2465740000,9.4,None,238.59,59.56
2025-12-28,FISV,0.0,9.4,None,45000000,None,184471000,184471000,218000000,-64000000,None,None,None,None,None,None,1975000,764000000,None,2170000000,2170000000,242000000,None,None,553402000,None,None,179000000,85000000,None,None,None,0.0,-0.61,662000000,841000000,2.65,2010-09-30,7.04,None,0.0,1071000000,728000000,274000000,2843310000,2843310000,None,None,None,None,None,None,None,None,None,134000000,None,None,None,0.0,223000000,409000000,662000000,105782000,370000000,None,None,None,None,None,None,None,0.52,1.28,1.575,None,None,None,None,None,-48000000,None,0.0,None,None,2025-10-29,quarterly,2.04,None,pre-market,None,2436977000,0.0,0.0,0.0,0.0,None,595385000,None,None,162.38,107.12,-23.0189,6039516000,843655000,851773000,3573776000,5195861000,2722003000,3241000000,2465740000,9.4,None,238.59,59.56
2025-12-28,FISV,0.0,9.4,None,42000000,None,184471000,184471000,-202000000,-43000000,None,None,None,None,None,None,1975000,764000000,None,2170000000,2170000000,242000000,None,None,553402000,None,None,179000000,83000000,None,None,None,0.0,-0.61,662000000,841000000,2.65,2010-06-30,7.04,None,0.0,1071000000,728000000,274000000,2843310000,2843310000,None,None,None,None,None,None,None,None,None,130000000,None,None,None,0.0,171000000,409000000,662000000,105782000,370000000,None,None,None,None,None,None,None,0.52,1.28,1.575,None,None,None,None,None,-135000000,None,0.0,None,None,2025-10-29,quarterly,2.04,None,pre-market,None,2436977000,0.0,0.0,0.0,0.0,None,595385000,None,None,162.38,107.12,-23.0189,6039516000,843655000,851773000,3573776000,5195861000,2722003000,3241000000,2465740000,9.4,None,238.59,59.56
2025-12-28,FISV,0.0,9.4,None,42000000,None,184471000,184471000,-171000000,-35000000,None,None,-12000000,None,None,None,1975000,764000000,None,2170000000,2170000000,242000000,None,None,553402000,None,None,179000000,84000000,None,None,None,0.0,-0.61,662000000,841000000,2.65,2010-03-31,7.04,None,0.0,1071000000,728000000,274000000,2843310000,2843310000,None,None,None,None,None,None,None,None,None,123000000,None,None,None,0.0,260000000,409000000,662000000,105782000,370000000,None,None,None,None,None,None,None,0.52,1.28,1.575,None,None,None,None,None,-71000000,None,0.0,None,None,2025-10-29,quarterly,2.04,None,pre-market,None,2436977000,0.0,0.0,0.0,0.0,None,595385000,None,None,162.38,107.12,-23.0189,6039516000,843655000,851773000,3573776000,5195861000,2722003000,3241000000,2465740000,9.4,None,238.59,59.56
2025-12-28,FISV,0.0,9.4,None,47000000,None,184471000,184471000,-994000000,886000000,None,None,None,None,None,None,1975000,764000000,None,2170000000,2170000000,242000000,None,None,553402000,None,None,179000000,85000000,None,None,None,0.0,-0.61,662000000,841000000,2.65,2009-12-31,7.04,None,0.0,1071000000,728000000,274000000,2843310000,2843310000,None,None,None,None,None,None,None,None,None,128000000,None,None,None,0.0,205000000,409000000,662000000,105782000,370000000,None,None,None,None,None,None,None,0.52,1.28,1.575,None,None,None,None,None,-47000000,None,0.0,None,None,2025-10-29,quarterly,2.04,None,pre-market,None,2436977000,0.0,0.0,0.0,0.0,None,595385000,None,None,162.38,107.12,-23.0189,6039516000,843655000,851773000,3573776000,5195861000,2722003000,3241000000,2465740000,9.4,None,238.59,59.56
2025-12-28,FISV,0.0,9.4,None,53000000,None,184471000,184471000,-159000000,-120000000,None,None,None,None,None,None,1975000,764000000,None,2170000000,2170000000,242000000,None,None,553402000,None,None,179000000,79000000,None,None,None,0.0,-0.61,662000000,841000000,2.65,2009-09-30,7.04,None,0.0,1071000000,728000000,274000000,2843310000,2843310000,None,None,None,None,None,None,None,None,None,129000000,None,None,None,0.0,261000000,409000000,662000000,105782000,370000000,None,None,None,None,None,None,None,0.52,1.28,1.575,None,None,None,None,None,-64000000,None,0.0,None,None,2025-10-29,quarterly,2.04,None,pre-market,None,2436977000,0.0,0.0,0.0,0.0,None,595385000,None,None,162.38,107.12,-23.0189,6039516000,843655000,851773000,3573776000,5195861000,2722003000,3241000000,2465740000,9.4,None,238.59,59.56
2025-12-28,FISV,0.0,9.4,None,53000000,None,184471000,184471000,-157000000,-51000000,None,None,None,None,None,None,1975000,764000000,None,2170000000,2170000000,242000000,None,None,553402000,None,None,179000000,85000000,None,None,None,0.0,-0.61,662000000,841000000,2.65,2009-06-30,7.04,None,0.0,1071000000,728000000,274000000,2843310000,2843310000,None,None,None,None,None,None,None,None,None,114000000,None,None,None,0.0,154000000,409000000,662000000,105782000,370000000,None,None,None,None,None,None,None,0.52,1.28,1.575,None,None,None,None,None,-39000000,None,0.0,None,None,2025-10-29,quarterly,2.04,None,pre-market,None,2436977000,0.0,0.0,0.0,0.0,None,595385000,None,None,162.38,107.12,-23.0189,6039516000,843655000,851773000,3573776000,5195861000,2722003000,3241000000,2465740000,9.4,None,238.59,59.56
2025-12-28,FISV,0.0,9.4,None,45000000,None,184471000,184471000,-112000000,-42000000,None,None,None,None,None,None,1975000,764000000,None,2170000000,2170000000,242000000,None,None,553402000,None,None,179000000,84000000,None,None,None,0.0,-0.61,662000000,841000000,2.65,2009-03-31,7.04,None,0.0,1071000000,728000000,274000000,2843310000,2843310000,None,None,None,None,None,None,None,None,None,102000000,None,None,None,0.0,224000000,409000000,662000000,105782000,370000000,None,None,None,None,None,None,None,0.52,1.28,1.575,None,None,None,None,None,-25000000,None,0.0,None,None,2025-10-29,quarterly,2.04,None,pre-market,None,2436977000,0.0,0.0,0.0,0.0,None,595385000,None,None,162.38,107.12,-23.0189,6039516000,843655000,851773000,3573776000,5195861000,2722003000,3241000000,2465740000,9.4,None,238.59,59.56
2025-12-28,FISV,0.0,9.4,None,60000000,None,184471000,184471000,-345000000,-110000000,None,None,None,None,None,None,1975000,764000000,None,2170000000,2170000000,242000000,None,None,553402000,None,None,179000000,86000000,None,None,None,0.0,-0.61,662000000,841000000,2.65,2008-12-31,7.04,None,0.0,1071000000,728000000,274000000,2843310000,2843310000,None,None,None,None,None,None,None,None,None,-161000000,None,None,None,0.0,-452000000,409000000,662000000,105782000,370000000,None,None,None,None,None,None,None,0.52,1.28,1.575,None,None,None,None,None,-197000000,None,0.0,None,None,2025-10-29,quarterly,2.04,None,pre-market,None,2436977000,0.0,0.0,0.0,0.0,None,595385000,None,None,162.38,107.12,-23.0189,6039516000,843655000,851773000,3573776000,5195861000,2722003000,3241000000,2465740000,9.4,None,238.59,59.56
2025-12-28,FISV,0.0,9.4,None,47000000,None,184471000,184471000,-402000000,471000000,None,None,None,None,None,None,1975000,764000000,None,2170000000,2170000000,242000000,None,None,553402000,None,None,179000000,88000000,None,None,None,0.0,-0.61,662000000,841000000,2.65,2008-09-30,7.04,None,0.0,1071000000,728000000,274000000,2843310000,2843310000,None,None,None,None,None,None,None,None,None,79000000,None,None,None,0.0,192000000,409000000,662000000,105782000,370000000,None,None,None,None,None,None,None,0.52,1.28,1.575,None,None,None,None,None,-150000000,None,0.0,None,None,2025-10-29,quarterly,2.04,None,pre-market,None,2436977000,0.0,0.0,0.0,0.0,None,595385000,None,None,162.38,107.12,-23.0189,6039516000,843655000,851773000,3573776000,5195861000,2722003000,3241000000,2465740000,9.4,None,238.59,59.56
2025-12-28,FISV,0.0,9.4,None,42000000,None,184471000,184471000,-260000000,-58000000,None,None,None,None,None,None,1975000,764000000,None,2170000000,2170000000,242000000,None,None,553402000,None,None,179000000,98000000,None,None,None,0.0,-0.61,662000000,841000000,2.65,2008-06-30,7.04,None,0.0,1071000000,728000000,274000000,2843310000,2843310000,None,None,None,None,None,None,None,None,None,99000000,None,None,None,0.0,818000000,409000000,662000000,105782000,370000000,None,None,None,None,None,None,None,0.52,1.28,1.575,None,None,None,None,None,None,None,0.0,None,None,2025-10-29,quarterly,2.04,None,pre-market,None,2436977000,0.0,0.0,0.0,0.0,None,595385000,None,None,162.38,107.12,-23.0189,6039516000,843655000,851773000,3573776000,5195861000,2722003000,3241000000,2465740000,9.4,None,238.59,59.56
2025-12-28,FISV,0.0,9.4,None,50000000,None,184471000,184471000,-706000000,-97000000,None,None,None,None,None,None,1975000,764000000,None,2170000000,2170000000,242000000,None,None,553402000,None,None,179000000,90000000,None,None,None,0.0,-0.61,662000000,841000000,2.65,2008-03-31,7.04,None,0.0,1071000000,728000000,274000000,2843310000,2843310000,None,None,None,None,None,None,None,None,None,329000000,None,None,None,0.0,217000000,409000000,662000000,105782000,370000000,None,None,None,None,None,None,None,0.52,1.28,1.575,None,None,None,None,None,-94000000,None,0.0,None,None,2025-10-29,quarterly,2.04,None,pre-market,None,2436977000,0.0,0.0,0.0,0.0,None,595385000,None,None,162.38,107.12,-23.0189,6039516000,843655000,851773000,3573776000,5195861000,2722003000,3241000000,2465740000,9.4,None,238.59,59.56
2025-12-28,FISV,0.0,9.4,None,41045000,None,184471000,184471000,4255402000,-4259283000,None,None,None,None,None,None,1975000,764000000,None,2170000000,2170000000,242000000,None,None,553402000,None,None,179000000,41386000,None,None,None,0.0,-0.61,662000000,841000000,2.65,2007-12-31,7.04,None,0.0,1071000000,728000000,274000000,2843310000,2843310000,None,None,None,None,None,None,None,None,None,96326000,None,None,None,0.0,172071000,409000000,662000000,105782000,370000000,None,None,None,None,None,None,None,0.52,1.28,1.575,None,None,None,None,None,217000,None,0.0,None,None,2025-10-29,quarterly,2.04,None,pre-market,None,2436977000,0.0,0.0,0.0,0.0,None,595385000,None,None,162.38,107.12,-23.0189,6039516000,843655000,851773000,3573776000,5195861000,2722003000,3241000000,2465740000,9.4,None,238.59,59.56
2025-12-28,FISV,0.0,9.4,None,37116000,None,184471000,184471000,-71251000,-87372000,None,None,None,None,None,None,1975000,764000000,None,2170000000,2170000000,242000000,None,None,553402000,None,None,179000000,50358000,None,None,None,0.0,-0.61,662000000,841000000,2.65,2007-09-30,7.04,None,0.0,1071000000,728000000,274000000,2843310000,2843310000,None,None,None,None,None,None,None,None,None,120875000,None,None,None,0.0,168293000,409000000,662000000,105782000,370000000,None,None,None,None,None,None,None,0.52,1.28,1.575,None,None,None,None,None,-147000000,None,0.0,None,None,2025-10-29,quarterly,2.04,None,pre-market,None,2436977000,0.0,0.0,0.0,0.0,None,595385000,None,None,162.38,107.12,-23.0189,6039516000,843655000,851773000,3573776000,5195861000,2722003000,3241000000,2465740000,9.4,None,238.59,59.56
2025-12-28,FISV,0.0,9.4,None,32929000,None,184471000,184471000,-199595000,66083000,None,None,None,None,None,None,1975000,764000000,None,2170000000,2170000000,242000000,None,None,553402000,None,None,179000000,50993000,None,None,None,0.0,-0.61,662000000,841000000,2.65,2007-06-30,7.04,None,0.0,1071000000,728000000,274000000,2843310000,2843310000,None,None,None,None,None,None,None,None,None,108236000,None,None,None,0.0,120185000,409000000,662000000,105782000,370000000,None,None,None,None,None,None,None,0.52,1.28,1.575,None,None,None,None,None,-180008000,None,0.0,None,None,2025-10-29,quarterly,2.04,None,pre-market,None,2436977000,0.0,0.0,0.0,0.0,None,595385000,None,None,162.38,107.12,-23.0189,6039516000,843655000,851773000,3573776000,5195861000,2722003000,3241000000,2465740000,9.4,None,238.59,59.56
2025-12-28,FISV,0.0,9.4,None,48910000,None,184471000,184471000,38444000,-193428000,None,None,None,None,None,None,1975000,764000000,None,2170000000,2170000000,242000000,None,None,553402000,None,None,179000000,50263000,None,None,None,0.0,-0.61,662000000,841000000,2.65,2007-03-31,7.04,None,0.0,1071000000,728000000,274000000,2843310000,2843310000,None,None,None,None,None,None,None,None,None,113563000,None,None,None,0.0,170451000,409000000,662000000,105782000,370000000,None,None,None,None,None,None,None,0.52,1.28,1.575,None,None,None,None,None,-141803000,None,0.0,None,None,2025-10-29,quarterly,2.04,None,pre-market,None,2436977000,0.0,0.0,0.0,0.0,None,595385000,None,None,162.38,107.12,-23.0189,6039516000,843655000,851773000,3573776000,5195861000,2722003000,3241000000,2465740000,9.4,None,238.59,59.56
2025-12-28,FISV,0.0,9.4,None,37523000,None,184471000,184471000,-115278000,-52677000,None,None,None,None,None,None,1975000,764000000,None,2170000000,2170000000,242000000,None,None,553402000,None,None,179000000,56158000,None,None,None,0.0,-0.61,662000000,841000000,2.65,2006-12-31,7.04,None,0.0,1071000000,728000000,274000000,2843310000,2843310000,None,None,None,None,None,None,None,None,None,105946000,None,None,None,0.0,182386000,409000000,662000000,105782000,370000000,None,None,None,None,None,None,None,0.52,1.28,1.575,None,None,None,None,None,-138712000,None,0.0,None,None,2025-10-29,quarterly,2.04,None,pre-market,None,2436977000,0.0,0.0,0.0,0.0,None,595385000,None,None,162.38,107.12,-23.0189,6039516000,843655000,851773000,3573776000,5195861000,2722003000,3241000000,2465740000,9.4,None,238.59,59.56
2025-12-28,FISV,0.0,9.4,None,53745000,None,184471000,184471000,-478282000,328109000,None,None,None,None,None,None,1975000,764000000,None,2170000000,2170000000,242000000,None,None,553402000,None,None,179000000,50047000,None,None,None,0.0,-0.61,662000000,841000000,2.65,2006-09-30,7.04,None,0.0,1071000000,728000000,274000000,2843310000,2843310000,None,None,None,None,None,None,None,None,None,110088000,None,None,None,0.0,169091000,409000000,662000000,105782000,370000000,None,None,None,None,None,None,None,0.52,1.28,1.575,None,None,None,None,None,-71860000,None,0.0,None,None,2025-10-29,quarterly,2.04,None,pre-market,None,2436977000,0.0,0.0,0.0,0.0,None,595385000,None,None,162.38,107.12,-23.0189,6039516000,843655000,851773000,3573776000,5195861000,2722003000,3241000000,2465740000,9.4,None,238.59,59.56
2025-12-28,FISV,0.0,9.4,None,49048000,None,184471000,184471000,308800000,-454614000,None,None,None,None,None,None,1975000,764000000,None,2170000000,2170000000,242000000,None,None,553402000,None,None,179000000,45535000,None,None,None,0.0,-0.61,662000000,841000000,2.65,2006-06-30,7.04,None,0.0,1071000000,728000000,274000000,2843310000,2843310000,None,None,None,None,None,None,None,None,None,117669000,None,None,None,0.0,93018000,409000000,662000000,105782000,370000000,None,None,None,None,None,None,None,0.52,1.28,1.575,None,None,None,None,None,-120657000,None,0.0,None,None,2025-10-29,quarterly,2.04,None,pre-market,None,2436977000,0.0,0.0,0.0,0.0,None,595385000,None,None,162.38,107.12,-23.0189,6039516000,843655000,851773000,3573776000,5195861000,2722003000,3241000000,2465740000,9.4,None,238.59,59.56
2025-12-28,FISV,0.0,9.4,None,47172000,None,184471000,184471000,-88257000,-81906000,None,None,None,None,None,None,1975000,764000000,None,2170000000,2170000000,242000000,None,None,553402000,None,None,179000000,47366000,None,None,None,0.0,-0.61,662000000,841000000,2.65,2006-03-31,7.04,None,0.0,1071000000,728000000,274000000,2843310000,2843310000,None,None,None,None,None,None,None,None,None,116211000,None,None,None,0.0,190467000,409000000,662000000,105782000,370000000,None,None,None,None,None,None,None,0.52,1.28,1.575,None,None,None,None,None,-228882000,None,0.0,None,None,2025-10-29,quarterly,2.04,None,pre-market,None,2436977000,0.0,0.0,0.0,0.0,None,595385000,None,None,162.38,107.12,-23.0189,6039516000,843655000,851773000,3573776000,5195861000,2722003000,3241000000,2465740000,9.4,None,238.59,59.56
2025-12-28,FISV,0.0,9.4,None,55470000,None,184471000,184471000,-299492000,102805000,None,None,None,None,None,None,1975000,764000000,None,2170000000,2170000000,242000000,None,None,553402000,None,None,179000000,46727000,None,None,None,0.0,-0.61,662000000,841000000,2.65,2005-12-31,7.04,None,0.0,1071000000,728000000,274000000,2843310000,2843310000,None,None,None,None,None,None,None,None,None,150476000,None,None,None,0.0,207145000,409000000,662000000,105782000,370000000,None,None,None,None,None,None,None,0.52,1.28,1.575,None,None,None,None,None,-194073000,None,0.0,None,None,2025-10-29,quarterly,2.04,None,pre-market,None,2436977000,0.0,0.0,0.0,0.0,None,595385000,None,None,162.38,107.12,-23.0189,6039516000,843655000,851773000,3573776000,5195861000,2722003000,3241000000,2465740000,9.4,None,238.59,59.56
2025-12-28,FISV,0.0,9.4,None,39841000,None,184471000,184471000,-7769000,-525092000,None,None,None,None,None,None,1975000,764000000,None,2170000000,2170000000,242000000,None,None,553402000,None,None,179000000,44283000,None,None,None,0.0,-0.61,662000000,841000000,2.65,2005-09-30,7.04,None,0.0,1071000000,728000000,274000000,2843310000,2843310000,None,None,None,None,None,None,None,None,None,112939000,None,None,None,0.0,140295000,409000000,662000000,105782000,370000000,None,None,None,None,None,None,None,0.52,1.28,1.575,None,None,None,None,None,-195344000,None,0.0,None,None,2025-10-29,quarterly,2.04,None,pre-market,None,2436977000,0.0,0.0,0.0,0.0,None,595385000,None,None,162.38,107.12,-23.0189,6039516000,843655000,851773000,3573776000,5195861000,2722003000,3241000000,2465740000,9.4,None,238.59,59.56
2025-12-28,FISV,0.0,9.4,None,1569000000,None,184471000,184471000,-4165000000,-2404000000,None,None,None,None,None,None,1975000,764000000,None,2170000000,2170000000,242000000,None,None,553402000,None,None,179000000,3095000000,None,None,None,0.0,-0.61,662000000,841000000,2.65,2024-12-31,7.04,None,0.0,1071000000,728000000,274000000,2843310000,2843310000,None,None,None,None,None,None,None,None,None,3180000000,None,None,None,0.0,6631000000,409000000,662000000,105782000,370000000,None,None,None,None,None,None,None,0.52,1.28,1.575,None,None,None,None,None,-5837000000,None,0.0,None,None,2025-10-29,annual,2.04,USD,pre-market,None,2436977000,0.0,0.0,0.0,0.0,None,595385000,None,None,162.38,107.12,-23.0189,6039516000,843655000,851773000,3573776000,5195861000,2722003000,3241000000,2465740000,9.4,None,238.59,59.56
2025-12-28,FISV,0.0,9.4,None,1388000000,None,184471000,184471000,-4356000000,-1068000000,None,None,None,None,None,None,1975000,764000000,None,2170000000,2170000000,242000000,None,None,553402000,None,None,179000000,2926000000,None,None,None,0.0,-0.61,662000000,841000000,2.65,2023-12-31,7.04,None,0.0,1071000000,728000000,274000000,2843310000,2843310000,None,None,None,None,None,None,None,None,None,3068000000,None,None,None,0.0,5162000000,409000000,662000000,105782000,370000000,None,None,None,None,None,None,None,0.52,1.28,1.575,None,None,None,None,None,-4827000000,None,0.0,None,None,2025-10-29,annual,2.04,USD,pre-market,None,2436977000,0.0,0.0,0.0,0.0,None,595385000,None,None,162.38,107.12,-23.0189,6039516000,843655000,851773000,3573776000,5195861000,2722003000,3241000000,2465740000,9.4,None,238.59,59.56
2025-12-28,FISV,0.0,9.4,None,1479000000,None,184471000,184471000,-2478000000,-2112000000,None,None,-253000000,None,None,None,1975000,764000000,None,2170000000,2170000000,242000000,None,None,553402000,None,None,179000000,3169000000,None,None,None,0.0,-0.61,662000000,841000000,2.65,2022-12-31,7.04,None,0.0,1071000000,728000000,274000000,2843310000,2843310000,None,None,None,None,None,None,None,None,None,2582000000,None,None,None,0.0,4618000000,409000000,662000000,105782000,370000000,None,None,None,None,None,None,None,0.52,1.28,1.575,None,None,None,None,None,-2677000000,None,0.0,None,None,2025-10-29,annual,2.04,USD,pre-market,None,2436977000,0.0,0.0,0.0,0.0,None,595385000,None,None,162.38,107.12,-23.0189,6039516000,843655000,851773000,3573776000,5195861000,2722003000,3241000000,2465740000,9.4,None,238.59,59.56
2025-12-28,FISV,0.0,9.4,None,1160000000,None,184471000,184471000,-761000000,-1630000000,None,None,-248000000,None,None,None,1975000,764000000,None,2170000000,2170000000,242000000,None,None,553402000,None,None,179000000,3196000000,None,None,None,0.0,-0.61,662000000,841000000,2.65,2021-12-31,7.04,None,0.0,1071000000,728000000,274000000,2843310000,2843310000,None,None,None,None,None,None,None,None,None,1403000000,None,None,None,0.0,4034000000,409000000,662000000,105782000,370000000,None,None,None,None,None,None,None,0.52,1.28,1.575,None,None,None,None,None,-2786000000,None,0.0,None,None,2025-10-29,annual,2.04,USD,pre-market,None,2436977000,0.0,0.0,0.0,0.0,None,595385000,None,None,162.38,107.12,-23.0189,6039516000,843655000,851773000,3573776000,5195861000,2722003000,3241000000,2465740000,9.4,None,238.59,59.56
2025-12-28,FISV,0.0,9.4,None,900000000,None,184471000,184471000,-3836000000,-341000000,None,None,-167000000,None,None,None,1975000,764000000,None,2170000000,2170000000,242000000,None,None,553402000,None,None,179000000,3210000000,None,None,None,0.0,-0.61,662000000,841000000,2.65,2020-12-31,7.04,None,0.0,1071000000,728000000,274000000,2843310000,2843310000,None,None,None,None,None,None,None,None,None,975000000,None,None,None,0.0,4147000000,409000000,662000000,105782000,370000000,None,None,None,None,None,None,None,0.52,1.28,1.575,None,None,None,None,None,-1826000000,None,0.0,None,None,2025-10-29,annual,2.04,None,pre-market,None,2436977000,0.0,0.0,0.0,0.0,None,595385000,None,None,162.38,107.12,-23.0189,6039516000,843655000,851773000,3573776000,5195861000,2722003000,3241000000,2465740000,9.4,None,238.59,59.56
2025-12-28,FISV,0.0,9.4,None,721000000,None,184471000,184471000,14191000000,-16602000000,None,None,-82000000,None,None,None,1975000,764000000,None,2170000000,2170000000,242000000,None,None,553402000,None,None,179000000,1651000000,None,None,None,0.0,-0.61,662000000,841000000,2.65,2019-12-31,7.04,None,0.0,1071000000,728000000,274000000,2843310000,2843310000,None,None,None,None,None,None,None,None,None,914000000,None,None,None,0.0,2928000000,409000000,662000000,105782000,370000000,None,None,None,None,None,None,None,0.52,1.28,1.575,None,None,None,None,None,-561000000,None,0.0,None,None,2025-10-29,annual,2.04,None,pre-market,None,2436977000,0.0,0.0,0.0,0.0,None,595385000,None,None,162.38,107.12,-23.0189,6039516000,843655000,851773000,3573776000,5195861000,2722003000,3241000000,2465740000,9.4,None,238.59,59.56
2025-12-28,FISV,0.0,9.4,None,360000000,None,184471000,184471000,-842000000,-663000000,None,None,-2917000,None,None,None,1975000,764000000,None,2170000000,2170000000,242000000,None,None,553402000,None,None,179000000,556000000,None,None,None,0.0,-0.61,662000000,841000000,2.65,2018-12-31,7.04,None,0.0,1071000000,728000000,274000000,2843310000,2843310000,None,None,None,None,None,None,None,None,None,1187000000,None,None,None,0.0,1552000000,409000000,662000000,105782000,370000000,None,None,None,None,None,None,None,0.52,1.28,1.575,None,None,None,None,None,-1946000000,None,0.0,None,None,2025-10-29,annual,2.04,None,pre-market,None,2436977000,0.0,0.0,0.0,0.0,None,595385000,None,None,162.38,107.12,-23.0189,6039516000,843655000,851773000,3573776000,5195861000,2722003000,3241000000,2465740000,9.4,None,238.59,59.56
2025-12-28,FISV,0.0,9.4,None,287000000,None,184471000,184471000,-820000000,-657000000,None,None,12102000,None,None,None,1975000,764000000,None,2170000000,2170000000,242000000,None,None,553402000,None,None,179000000,433000000,None,None,None,0.0,-0.61,662000000,841000000,2.65,2017-12-31,7.04,None,0.0,1071000000,728000000,274000000,2843310000,2843310000,None,None,None,None,None,None,None,None,None,1232000000,None,None,None,0.0,1483000000,409000000,662000000,105782000,370000000,None,None,None,None,None,None,None,0.52,1.28,1.575,None,None,None,None,None,-1223000000,None,0.0,None,None,2025-10-29,annual,2.04,None,pre-market,None,2436977000,0.0,0.0,0.0,0.0,None,595385000,None,None,162.38,107.12,-23.0189,6039516000,843655000,851773000,3573776000,5195861000,2722003000,3241000000,2465740000,9.4,None,238.59,59.56
2025-12-28,FISV,0.0,9.4,None,290000000,None,184471000,184471000,-852000000,-554000000,None,None,27379000,None,None,None,1975000,764000000,None,2170000000,2170000000,242000000,None,None,553402000,None,None,179000000,411000000,None,None,None,0.0,-0.61,662000000,841000000,2.65,2016-12-31,7.04,None,0.0,1071000000,728000000,274000000,2843310000,2843310000,None,None,None,None,None,None,None,None,None,930000000,None,None,None,0.0,1431000000,409000000,662000000,105782000,370000000,None,None,None,None,None,None,None,0.52,1.28,1.575,None,None,None,None,None,-1245000000,None,0.0,None,None,2025-10-29,annual,2.04,None,pre-market,None,2436977000,0.0,0.0,0.0,0.0,None,595385000,None,None,162.38,107.12,-23.0189,6039516000,843655000,851773000,3573776000,5195861000,2722003000,3241000000,2465740000,9.4,None,238.59,59.56
2025-12-28,FISV,0.0,9.4,None,359000000,None,184471000,184471000,-1005000000,-360000000,None,None,41502000,None,None,None,1975000,764000000,None,2170000000,2170000000,242000000,None,None,553402000,None,None,179000000,417000000,None,None,None,0.0,-0.61,662000000,841000000,2.65,2015-12-31,7.04,None,0.0,1071000000,728000000,274000000,2843310000,2843310000,None,None,None,None,None,None,None,None,None,712000000,None,None,None,0.0,1346000000,409000000,662000000,105782000,370000000,None,None,None,None,None,None,None,0.52,1.28,1.575,None,None,None,None,None,-1522000000,None,0.0,None,None,2025-10-29,annual,2.04,None,pre-market,None,2436977000,0.0,0.0,0.0,0.0,None,595385000,None,None,162.38,107.12,-23.0189,6039516000,843655000,851773000,3573776000,5195861000,2722003000,3241000000,2465740000,9.4,None,238.59,59.56
2025-12-28,FISV,0.0,9.4,None,292000000,None,184471000,184471000,-1126000000,-286000000,None,None,-30282000,None,None,None,1975000,764000000,None,2170000000,2170000000,242000000,None,None,553402000,None,None,179000000,404000000,None,None,None,0.0,-0.61,662000000,841000000,2.65,2014-12-31,7.04,None,0.0,1071000000,728000000,274000000,2843310000,2843310000,None,None,None,None,None,None,None,None,None,754000000,None,None,None,0.0,1307000000,409000000,662000000,105782000,370000000,None,None,None,None,None,None,None,0.52,1.28,1.575,None,None,None,None,None,-1148000000,None,0.0,None,None,2025-10-29,annual,2.04,None,pre-market,None,2436977000,0.0,0.0,0.0,0.0,None,595385000,None,None,162.38,107.12,-23.0189,6039516000,843655000,851773000,3573776000,5195861000,2722003000,3241000000,2465740000,9.4,None,238.59,59.56
2025-12-28,FISV,0.0,9.4,None,236000000,None,184471000,184471000,-873000000,-148000000,None,None,-81983000,None,None,None,1975000,764000000,None,2170000000,2170000000,242000000,None,None,553402000,None,None,179000000,403000000,None,None,None,0.0,-0.61,662000000,841000000,2.65,2013-12-31,7.04,None,0.0,1071000000,728000000,274000000,2843310000,2843310000,None,None,None,None,None,None,None,None,None,650000000,None,None,None,0.0,1039000000,409000000,662000000,105782000,370000000,None,None,None,None,None,None,None,0.52,1.28,1.575,None,None,None,None,None,-578000000,None,0.0,None,None,2025-10-29,annual,2.04,None,pre-market,None,2436977000,0.0,0.0,0.0,0.0,None,595385000,None,None,162.38,107.12,-23.0189,6039516000,843655000,851773000,3573776000,5195861000,2722003000,3241000000,2465740000,9.4,None,238.59,59.56
2025-12-28,FISV,0.0,9.4,None,195000000,None,184471000,184471000,-706000000,-138000000,None,None,-15351000,None,None,None,1975000,764000000,None,2170000000,2170000000,242000000,None,None,553402000,None,None,179000000,354000000,None,None,None,0.0,-0.61,662000000,841000000,2.65,2012-12-31,7.04,None,0.0,1071000000,728000000,274000000,2843310000,2843310000,None,None,None,None,None,None,None,None,None,597000000,None,None,None,0.0,835000000,409000000,662000000,105782000,370000000,None,None,None,None,None,None,None,0.52,1.28,1.575,None,None,None,None,None,-634000000,None,0.0,None,None,2025-10-29,annual,2.04,None,pre-market,None,2436977000,0.0,0.0,0.0,0.0,None,595385000,None,None,162.38,107.12,-23.0189,6039516000,843655000,851773000,3573776000,5195861000,2722003000,3241000000,2465740000,9.4,None,238.59,59.56
2025-12-28,FISV,0.0,9.4,None,192000000,None,184471000,184471000,-498000000,-665000000,None,None,-4606000,None,None,None,1975000,764000000,None,2170000000,2170000000,242000000,None,None,553402000,None,None,179000000,349000000,None,None,None,0.0,-0.61,662000000,841000000,2.65,2011-12-31,7.04,None,0.0,1071000000,728000000,274000000,2843310000,2843310000,None,None,None,None,None,None,None,None,None,19000000,None,None,None,0.0,953000000,409000000,662000000,105782000,370000000,None,None,None,None,None,None,None,0.52,1.28,1.575,None,None,None,None,None,-533000000,None,0.0,None,None,2025-10-29,annual,2.04,None,pre-market,None,2436977000,0.0,0.0,0.0,0.0,None,595385000,None,None,162.38,107.12,-23.0189,6039516000,843655000,851773000,3573776000,5195861000,2722003000,3241000000,2465740000,9.4,None,238.59,59.56
2025-12-28,FISV,0.0,9.4,None,175000000,None,184471000,184471000,-671000000,-116000000,None,None,7640000,None,None,None,1975000,764000000,None,2170000000,2170000000,242000000,None,None,553402000,None,None,179000000,339000000,None,None,None,0.0,-0.61,662000000,841000000,2.65,2010-12-31,7.04,None,0.0,1071000000,728000000,274000000,2843310000,2843310000,None,None,None,None,None,None,None,None,None,506000000,None,None,None,0.0,958000000,409000000,662000000,105782000,370000000,None,None,None,None,None,None,None,0.52,1.28,1.575,None,None,None,None,None,-413000000,None,0.0,None,None,2025-10-29,annual,2.04,None,pre-market,None,2436977000,0.0,0.0,0.0,0.0,None,595385000,None,None,162.38,107.12,-23.0189,6039516000,843655000,851773000,3573776000,5195861000,2722003000,3241000000,2465740000,9.4,None,238.59,59.56
2025-12-28,FISV,0.0,9.4,None,198000000,None,184471000,184471000,-601000000,-248000000,None,None,None,None,None,None,1975000,764000000,None,2170000000,2170000000,242000000,None,None,553402000,None,None,179000000,333000000,None,None,None,0.0,-0.61,662000000,841000000,2.65,2009-12-31,7.04,None,0.0,1071000000,728000000,274000000,2843310000,2843310000,None,None,None,None,None,None,None,None,None,473000000,None,None,None,0.0,850000000,409000000,662000000,105782000,370000000,None,None,None,None,None,None,None,0.52,1.28,1.575,None,None,None,None,None,-175000000,None,0.0,None,None,2025-10-29,annual,2.04,None,pre-market,None,2436977000,0.0,0.0,0.0,0.0,None,595385000,None,None,162.38,107.12,-23.0189,6039516000,843655000,851773000,3573776000,5195861000,2722003000,3241000000,2465740000,9.4,None,238.59,59.56
2025-12-28,FISV,0.0,9.4,None,199000000,None,184471000,184471000,-1713000000,206000000,None,None,None,None,None,None,1975000,764000000,None,2170000000,2170000000,242000000,None,None,553402000,None,None,179000000,204000000,None,None,None,0.0,-0.61,662000000,841000000,2.65,2008-12-31,7.04,None,0.0,1071000000,728000000,274000000,2843310000,2843310000,None,None,None,None,None,None,None,None,None,569000000,None,None,None,0.0,775000000,409000000,662000000,105782000,370000000,None,None,None,None,None,None,None,0.52,1.28,1.575,None,None,None,None,None,-441000000,None,0.0,None,None,2025-10-29,annual,2.04,None,pre-market,None,2436977000,0.0,0.0,0.0,0.0,None,595385000,None,None,162.38,107.12,-23.0189,6039516000,843655000,851773000,3573776000,5195861000,2722003000,3241000000,2465740000,9.4,None,238.59,59.56
2025-12-28,FISV,0.0,9.4,None,160000000,None,184471000,184471000,4023000000,-4474000000,None,None,None,None,None,None,1975000,764000000,None,2170000000,2170000000,242000000,None,None,553402000,None,None,179000000,193000000,None,None,None,0.0,-0.61,662000000,841000000,2.65,2007-12-31,7.04,None,0.0,1071000000,728000000,274000000,2843310000,2843310000,None,None,None,None,None,None,None,None,None,439000000,None,None,None,0.0,631000000,409000000,662000000,105782000,370000000,None,None,None,None,None,None,None,0.52,1.28,1.575,None,None,None,None,None,-469000000,None,0.0,None,None,2025-10-29,annual,2.04,None,pre-market,None,2436977000,0.0,0.0,0.0,0.0,None,595385000,None,None,162.38,107.12,-23.0189,6039516000,843655000,851773000,3573776000,5195861000,2722003000,3241000000,2465740000,9.4,None,238.59,59.56
2025-12-28,FISV,0.0,9.4,None,187488000,None,184471000,184471000,-373017000,-261088000,None,None,None,None,None,None,1975000,764000000,None,2170000000,2170000000,242000000,None,None,553402000,None,None,179000000,199106000,None,None,None,0.0,-0.61,662000000,841000000,2.65,2006-12-31,7.04,None,0.0,1071000000,728000000,274000000,2843310000,2843310000,None,None,None,None,None,None,None,None,None,449914000,None,None,None,0.0,634962000,409000000,662000000,105782000,370000000,None,None,None,None,None,None,None,0.52,1.28,1.575,None,None,None,None,None,-560111000,None,0.0,None,None,2025-10-29,annual,2.04,None,pre-market,None,2436977000,0.0,0.0,0.0,0.0,None,595385000,None,None,162.38,107.12,-23.0189,6039516000,843655000,851773000,3573776000,5195861000,2722003000,3241000000,2465740000,9.4,None,238.59,59.56
2025-12-28,FISV,0.0,9.4,None,164951000,None,184471000,184471000,-499623000,-429155000,None,None,None,None,None,None,1975000,764000000,None,2170000000,2170000000,242000000,None,None,553402000,None,None,179000000,179179000,None,None,None,0.0,-0.61,662000000,841000000,2.65,2005-12-31,7.04,None,0.0,1071000000,728000000,274000000,2843310000,2843310000,None,None,None,None,None,None,None,None,None,516438000,None,None,None,0.0,597122000,409000000,662000000,105782000,370000000,None,None,None,None,None,None,None,0.52,1.28,1.575,None,None,None,None,None,-653000000,None,0.0,None,None,2025-10-29,annual,2.04,None,pre-market,None,2436977000,0.0,0.0,0.0,0.0,None,595385000,None,None,162.38,107.12,-23.0189,6039516000,843655000,851773000,3573776000,5195861000,2722003000,3241000000,2465740000,9.4,None,238.59,59.56
