date,symbol,eps,revenue_ttm,pe_ratio,accumulateddepreciationamortizationppe,beta,book_value,capitalexpenditures,capitalleaseobligations,cashandcashequivalentsatcarryingvalue,cashandshortterminvestments,cashflowfromfinancing,cashflowfrominvestment,changeincashandcashequivalents,changeinexchangerate,changeininventory,changeinoperatingassets,changeinoperatingliabilities,changeinreceivables,commonstock,commonstocksharesoutstanding,comprehensiveincomenetoftax,costofgoodsandservicessold,costofrevenue,currentaccountspayable,currentdebt,currentlongtermdebt,currentnetreceivables,deferredrevenue,depreciation,depreciationandamortization,depreciationdepletionandamortization,dividend_per_share,dividend_yield,dividendpayout,dividendpayoutcommonstock,dividendpayoutpreferredstock,earnings_growth_yoy,earnings_surprise,ebit,ebitda,estimated_eps,fiscaldateending,forward_pe,goodwill,gross_profit_ttm,grossprofit,incomebeforetax,incometaxexpense,intangibleassets,intangibleassetsexcludinggoodwill,interestanddebtexpense,interestexpense,interestincome,inventory,investmentincomenet,investments,longtermdebt,longtermdebtnoncurrent,longterminvestments,netincome,netincomefromcontinuingoperations,netinterestincome,noninterestincome,operating_margin_ttm,operatingcashflow,operatingexpenses,operatingincome,othercurrentassets,othercurrentliabilities,othernoncurrentassets,othernoncurrentliabilities,othernonoperatingincome,paymentsforoperatingactivities,paymentsforrepurchaseofcommonstock,paymentsforrepurchaseofequity,paymentsforrepurchaseofpreferredstock,peg_ratio,price_to_book,price_to_sales_ttm,proceedsfromissuanceofcommonstock,proceedsfromissuanceoflongtermdebtandcapitalsecuritiesnet,proceedsfromissuanceofpreferredstock,proceedsfromoperatingactivities,proceedsfromrepaymentsofshorttermdebt,proceedsfromrepurchaseofequity,proceedsfromsaleoftreasurystock,profit_margin,profitloss,propertyplantequipment,report_date,report_type,reported_eps,reportedcurrency,reporttime,researchanddevelopment,retainedearnings,return_on_assets_ttm,return_on_equity_ttm,revenue_growth_yoy,revenue_per_share_ttm,sellinggeneralandadministrative,shortlongtermdebttotal,shorttermdebt,shortterminvestments,sma_200,sma_50,surprise_pct,totalassets,totalcurrentassets,totalcurrentliabilities,totalliabilities,totalnoncurrentassets,totalnoncurrentliabilities,totalrevenue,totalshareholderequity,trailing_pe,treasurystock,week_52_high,week_52_low
1996-03-31,FLS,,,,,,,,,,,,,,,,,,,,,,,,,,,,,,,,,,,,,,0.0,,,0.14,,,,,,,,,,,,,,,,,,,,,,,,,,,,,,,,,,,,,,,,,,,,,,,,,1996-04-25,,0.14,,pre-market,,,,,,,,,,,,,0.0,,,,,,,,,,,,
1996-06-30,FLS,,,,,,,,,,,,,,,,,,,,,,,,,,,,,,,,,,,,,,0.01,,,0.15,,,,,,,,,,,,,,,,,,,,,,,,,,,,,,,,,,,,,,,,,,,,,,,,,1996-07-26,,0.16,,pre-market,,,,,,,,,,,,,6.6667,,,,,,,,,,,,
1996-09-30,FLS,,,,,,,,,,,,,,,,,,,,,,,,,,,,,,,,,,,,,,0.01,,,0.15,,,,,,,,,,,,,,,,,,,,,,,,,,,,,,,,,,,,,,,,,,,,,,,,,1996-10-24,,0.16,,pre-market,,,,,,,,,,,,,6.6667,,,,,,,,,,,,
1996-12-31,FLS,,,,,,,,,,,,,,,,,,,,,,,,,,,,,,,,,,,,,,-0.01,,,0.19,,,,,,,,,,,,,,,,,,,,,,,,,,,,,,,,,,,,,,,,,,,,,,,,,1997-02-10,,0.18,,pre-market,,,,,,,,,,,,,-5.2632,,,,,,,,,,,,
1997-03-31,FLS,,,,,,,,,,,,,,,,,,,,,,,,,,,,,,,,,,,,,,0.01,,,0.15,,,,,,,,,,,,,,,,,,,,,,,,,,,,,,,,,,,,,,,,,,,,,,,,,1997-04-24,,0.16,,pre-market,,,,,,,,,,,,,6.6667,,,,,,,,,,,,
1997-06-30,FLS,,,,,,,,,,,,,,,,,,,,,,,,,,,,,,,,,,,,,,0.03,,,0.19,,,,,,,,,,,,,,,,,,,,,,,,,,,,,,,,,,,,,,,,,,,,,,,,,1997-07-17,,0.22,,pre-market,,,,,,,,,,,,,15.7895,,,,,,,,,,,,
1997-09-30,FLS,,,,,,,,,,,,,,,,,,,,,,,,,,,,,,,,,,,,,,0.0,,,0.14,,,,,,,,,,,,,,,,,,,,,,,,,,,,,,,,,,,,,,,,,,,,,,,,,1997-10-27,,0.14,,pre-market,,,,,,,,,,,,,0.0,,,,,,,,,,,,
1997-12-31,FLS,,,,,,,,,,,,,,,,,,,,,,,,,,,,,,,,,,,,,,0.02,,,0.17,,,,,,,,,,,,,,,,,,,,,,,,,,,,,,,,,,,,,,,,,,,,,,,,,1998-02-23,,0.19,,pre-market,,,,,,,,,,,,,11.7647,,,,,,,,,,,,
1998-03-31,FLS,,,,,,,,,,,,,,,,,,,,,,,,,,,,,,,,,,,,,,0.01,,,0.14,,,,,,,,,,,,,,,,,,,,,,,,,,,,,,,,,,,,,,,,,,,,,,,,,1998-04-28,,0.15,,pre-market,,,,,,,,,,,,,7.1429,,,,,,,,,,,,
1998-06-30,FLS,,,,,,,,,,,,,,,,,,,,,,,,,,,,,,,,,,,,,,0.0,,,0.17,,,,,,,,,,,,,,,,,,,,,,,,,,,,,,,,,,,,,,,,,,,,,,,,,1998-07-24,,0.17,,pre-market,,,,,,,,,,,,,0.0,,,,,,,,,,,,
1998-09-30,FLS,,,,,,,,,,,,,,,,,,,,,,,,,,,,,,,,,,,,,,-0.01,,,0.16,,,,,,,,,,,,,,,,,,,,,,,,,,,,,,,,,,,,,,,,,,,,,,,,,1998-10-27,,0.15,,pre-market,,,,,,,,,,,,,-6.25,,,,,,,,,,,,
1998-12-31,FLS,,,,,,,,,,,,,,,,,,,,,,,,,,,,,,,,,,,,,,0.02,,,0.15,,,,,,,,,,,,,,,,,,,,,,,,,,,,,,,,,,,,,,,,,,,,,,,,,1999-02-09,,0.17,,pre-market,,,,,,,,,,,,,13.3333,,,,,,,,,,,,
1999-03-31,FLS,,,,,,,,,,,,,,,,,,,,,,,,,,,,,,,,,,,,,,0.0,,,0.11,,,,,,,,,,,,,,,,,,,,,,,,,,,,,,,,,,,,,,,,,,,,,,,,,1999-04-27,,0.11,,pre-market,,,,,,,,,,,,,0.0,,,,,,,,,,,,
1999-06-30,FLS,,,,,,,,,,,,,,,,,,,,,,,,,,,,,,,,,,,,,,-0.02,,,0.12,,,,,,,,,,,,,,,,,,,,,,,,,,,,,,,,,,,,,,,,,,,,,,,,,1999-07-27,,0.1,,pre-market,,,,,,,,,,,,,-16.6667,,,,,,,,,,,,
1999-09-30,FLS,,,,,,,,,,,,,,,,,,,,,,,,,,,,,,,,,,,,,,0.0,,,0.06,,,,,,,,,,,,,,,,,,,,,,,,,,,,,,,,,,,,,,,,,,,,,,,,,1999-10-26,,0.06,,pre-market,,,,,,,,,,,,,0.0,,,,,,,,,,,,
1999-12-31,FLS,,,,,,,,,,,,,,,,,,,,,,,,,,,,,,,,,,,,,,0.02,,,0.06,,,,,,,,,,,,,,,,,,,,,,,,,,,,,,,,,,,,,,,,,,,,,,,,,2000-02-08,,0.08,,pre-market,,,,,,,,,,,,,33.3333,,,,,,,,,,,,
2000-03-31,FLS,,,,,,,,,,,,,,,,,,,,,,,,,,,,,,,,,,,,,,0.02,,,0.08,,,,,,,,,,,,,,,,,,,,,,,,,,,,,,,,,,,,,,,,,,,,,,,,,2000-04-25,,0.1,,pre-market,,,,,,,,,,,,,25.0,,,,,,,,,,,,
2000-06-30,FLS,,,,,,,,,,,,,,,,,,,,,,,,,,,,,,,,,,,,,,0.02,,,0.1,,,,,,,,,,,,,,,,,,,,,,,,,,,,,,,,,,,,,,,,,,,,,,,,,2000-07-24,,0.12,,pre-market,,,,,,,,,,,,,20.0,,,,,,,,,,,,
2000-09-30,FLS,,,,,,,,,,,,,,,,,,,,,,,,,,,,,,,,,,,,,,-0.05,,,0.11,,,,,,,,,,,,,,,,,,,,,,,,,,,,,,,,,,,,,,,,,,,,,,,,,2000-10-24,,0.06,,pre-market,,,,,,,,,,,,,-45.4545,,,,,,,,,,,,
2000-12-31,FLS,,,,,,,,,,,,,,,,,,,,,,,,,,,,,,,,,,,,,,0.0,,,0.17,,,,,,,,,,,,,,,,,,,,,,,,,,,,,,,,,,,,,,,,,,,,,,,,,2001-02-06,,0.17,,pre-market,,,,,,,,,,,,,0.0,,,,,,,,,,,,
2001-03-31,FLS,,,,,,,,,,,,,,,,,,,,,,,,,,,,,,,,,,,,,,0.0,,,0.03,,,,,,,,,,,,,,,,,,,,,,,,,,,,,,,,,,,,,,,,,,,,,,,,,2001-04-24,,0.03,,pre-market,,,,,,,,,,,,,0.0,,,,,,,,,,,,
2001-06-30,FLS,,,,,,,,,,,,,,,,,,,,,,,,,,,,,,,,,,,,,,0.0,,,0.12,,,,,,,,,,,,,,,,,,,,,,,,,,,,,,,,,,,,,,,,,,,,,,,,,2001-07-24,,0.12,,pre-market,,,,,,,,,,,,,0.0,,,,,,,,,,,,
2001-09-30,FLS,,,,,,,,,,,,,,,,,,,,,,,,,,,,,,,,,,,,,,0.01,,,0.12,,,,,,,,,,,,,,,,,,,,,,,,,,,,,,,,,,,,,,,,,,,,,,,,,2001-10-22,,0.13,,pre-market,,,,,,,,,,,,,8.3333,,,,,,,,,,,,
2001-12-31,FLS,,,,,,,,,,,,,,,,,,,,,,,,,,,,,,,,,,,,,,0.0,,,0.19,,,,,,,,,,,,,,,,,,,,,,,,,,,,,,,,,,,,,,,,,,,,,,,,,2002-02-05,,0.19,,pre-market,,,,,,,,,,,,,0.0,,,,,,,,,,,,
2002-03-31,FLS,,,,,,,,,,,,,,,,,,,,,,,,,,,,,,,,,,,,,,-0.01,,,0.1,,,,,,,,,,,,,,,,,,,,,,,,,,,,,,,,,,,,,,,,,,,,,,,,,2002-04-22,,0.09,,pre-market,,,,,,,,,,,,,-10.0,,,,,,,,,,,,
2002-06-30,FLS,,,,,,,,,,,,,,,,,,,,,,,,,,,,,,,,,,,,,,-0.01,,,0.16,,,,,,,,,,,,,,,,,,,,,,,,,,,,,,,,,,,,,,,,,,,,,,,,,2002-07-23,,0.15,,pre-market,,,,,,,,,,,,,-6.25,,,,,,,,,,,,
2002-09-30,FLS,,,,,,,,,,,,,,,,,,,,,,,,,,,,,,,,,,,,,,0.0,,,0.1,,,,,,,,,,,,,,,,,,,,,,,,,,,,,,,,,,,,,,,,,,,,,,,,,2002-10-22,,0.1,,pre-market,,,,,,,,,,,,,0.0,,,,,,,,,,,,
2002-12-31,FLS,,,,,,,,,,,,,,,,,,,,,,,,,,,,,,,,,,,,,,0.0,,,0.14,,,,,,,,,,,,,,,,,,,,,,,,,,,,,,,,,,,,,,,,,,,,,,,,,2003-02-04,,0.14,,pre-market,,,,,,,,,,,,,0.0,,,,,,,,,,,,
2003-03-31,FLS,,,,,,,,,,,,,,,,,,,,,,,,,,,,,,,,,,,,,,0.0,,,0.08,,,,,,,,,,,,,,,,,,,,,,,,,,,,,,,,,,,,,,,,,,,,,,,,,2003-04-23,,0.08,,pre-market,,,,,,,,,,,,,0.0,,,,,,,,,,,,
2003-06-30,FLS,,,,,,,,,,,,,,,,,,,,,,,,,,,,,,,,,,,,,,0.0,,,0.11,,,,,,,,,,,,,,,,,,,,,,,,,,,,,,,,,,,,,,,,,,,,,,,,,2003-07-22,,0.11,,pre-market,,,,,,,,,,,,,0.0,,,,,,,,,,,,
2003-09-30,FLS,,,,,,,,,,,,,,,,,,,,,,,,,,,,,,,,,,,,,,0.0,,,0.08,,,,,,,,,,,,,,,,,,,,,,,,,,,,,,,,,,,,,,,,,,,,,,,,,2003-10-21,,0.08,,pre-market,,,,,,,,,,,,,0.0,,,,,,,,,,,,
2003-12-31,FLS,,,,,,,,,,,,,,,,,,,,,,,,,,,,,,,,,,,,,,0.04,,,0.11,,,,,,,,,,,,,,,,,,,,,,,,,,,,,,,,,,,,,,,,,,,,,,,,,2004-02-03,,0.15,,pre-market,,,,,,,,,,,,,36.3636,,,,,,,,,,,,
2004-03-31,FLS,,,,,,,,,,,,,,,,,,,,,,,,,,,,,,,,,,,,,,-0.01,,,0.07,,,,,,,,,,,,,,,,,,,,,,,,,,,,,,,,,,,,,,,,,,,,,,,,,2004-05-27,,0.06,,pre-market,,,,,,,,,,,,,-14.2857,,,,,,,,,,,,
2004-06-30,FLS,,,,,,,,,,,,,,,,,,,,,,,,,,,,,,,,,,,,,,0.01,,,0.1,,,,,,,,,,,,,,,,,,,,,,,,,,,,,,,,,,,,,,,,,,,,,,,,,2004-07-29,,0.11,,pre-market,,,,,,,,,,,,,10.0,,,,,,,,,,,,
2004-09-30,FLS,,,,,,,,,,,,,,,,,,,,,,,,,,,,,,,,,,,,,,0.0,,,0.1,,,,,,,,,,,,,,,,,,,,,,,,,,,,,,,,,,,,,,,,,,,,,,,,,2004-11-09,,0.0405,,pre-market,,,,,,,,,,,,,10.0,,,,,,,,,,,,
2004-12-31,FLS,,,,,,,,,,,,,,,,,,,,,,,,,,,,,,,,,,,,,,-0.14,,,0.15,,,,,,,,,,,,,,,,,,,,,,,,,,,,,,,,,,,,,,,,,,,,,,,,,2005-02-13,,0.01,,pre-market,,,,,,,,,,,,,-93.3333,,,,,,,,,,,,
2005-03-31,FLS,,,,,,,,,,,,,,,,,,,,,,,,,,,,,,,,,,,,,,0.0,,,0.15,,,,,,,,,,,,,,,,,,,,,,,,,,,,,,,,,,,,,,,,,,,,,,,,,2005-05-27,,-0.0238,,pre-market,,,,,,,,,,,,,-93.3333,,,,,,,,,,,,
2005-06-30,FLS,,,,,,,,,,,,,,,,,,,,,,,,,,,,,,,,,,,,,,0.0,,,0.15,,,,,,,,,,,,,,,,,,,,,,,,,,,,,,,,,,,,,,,,,,,,,,,,,2005-07-29,,0.1056,,pre-market,,,,,,,,,,,,,-93.3333,,,,,,,,,,,,
2005-09-30,FLS,,,,,,,,,,,,,,,,,,,,,,,,,,,,,,,,,,,,,,0.0,,,0.15,,,,,,,,,,,,,,,,,,,,,,,,,,,,,,,,,,,,,,,,,,,,,,,,,2005-11-09,,-0.0602,,pre-market,,,,,,,,,,,,,-93.3333,,,,,,,,,,,,
2005-12-31,FLS,,,,,,,,,,,,,,,,,,,,,,,,,,,,,,,,,,,,,,0.0,,,0.15,,,,,,,,,,,,,,,,,,,,,,,,,,,,,,,,,,,,,,,,,,,,,,,,,2006-02-03,,0.0467,,pre-market,,,,,,,,,,,,,-93.3333,,,,,,,,,,,,
2006-03-31,FLS,,,,,,,,,,,,,,,,,,,,,,,,,,,,,,,,,,,,,,-0.05,,,0.07,,,,,,,,,,,,,,,,,,,,,,,,,,,,,,,,,,,,,,,,,,,,,,,,,2006-06-30,,0.02,,pre-market,,,,,,,,,,,,,-71.4286,,,,,,,,,,,,
2006-06-30,FLS,,,,,,,,,,,,,,,,,,,,,,,,,,,,,,,,,,,,,,-0.04,,,0.23,,,,,,,,,,,,,,,,,,,,,,,,,,,,,,,,,,,,,,,,,,,,,,,,,2006-09-29,,0.19,,pre-market,,,,,,,,,,,,,-17.3913,,,,,,,,,,,,
2006-09-30,FLS,,,,,,,,,,,,,,,,,,,,,,,,,,,,,,,,,,,,,,-0.04,,,0.2,,,,,,,,,,,,,,,,,,,,,,,,,,,,,,,,,,,,,,,,,,,,,,,,,2006-11-09,,0.16,,pre-market,,,,,,,,,,,,,-20.0,,,,,,,,,,,,
2006-12-31,FLS,,,,,,,,,,,,,,,,,,,,,,,,,,,,,,,,,,,,,,-0.02,,,0.25,,,,,,,,,,,,,,,,,,,,,,,,,,,,,,,,,,,,,,,,,,,,,,,,,2007-03-01,,0.23,,pre-market,,,,,,,,,,,,,-8.0,,,,,,,,,,,,
2007-03-31,FLS,,,,,,,,,,,,,,,,,,,,,,,,,,,,,,,,,,,,,,0.01,,,0.19,,,,,,,,,,,,,,,,,,,,,,,,,,,,,,,,,,,,,,,,,,,,,,,,,2007-05-09,,0.2,,pre-market,,,,,,,,,,,,,5.2632,,,,,,,,,,,,
2007-06-30,FLS,,,,,,,,,,,,,,,,,,,,,,,,,,,,,,,,,,,,,,0.04,,,0.29,,,,,,,,,,,,,,,,,,,,,,,,,,,,,,,,,,,,,,,,,,,,,,,,,2007-08-08,,0.33,,pre-market,,,,,,,,,,,,,13.7931,,,,,,,,,,,,
2007-09-30,FLS,,,,,,,,,,,,,,,,,,,,,,,,,,,,,,,,,,,,,,0.1,,,0.31,,,,,,,,,,,,,,,,,,,,,,,,,,,,,,,,,,,,,,,,,,,,,,,,,2007-11-01,,0.41,,pre-market,,,,,,,,,,,,,32.2581,,,,,,,,,,,,
2007-12-31,FLS,,,,,,,,,,,,,,,,,,,,,,,,,,,,,,,,,,,,,,0.04,,,0.41,,,,,,,,,,,,,,,,,,,,,,,,,,,,,,,,,,,,,,,,,,,,,,,,,2008-02-27,,0.45,,pre-market,,,,,,,,,,,,,9.7561,,,,,,,,,,,,
2008-03-31,FLS,,,,,,,,,,,,,,,,,,,,,,,,,,,,,,,,,,,,,,0.2,,,0.31,,,,,,,,,,,,,,,,,,,,,,,,,,,,,,,,,,,,,,,,,,,,,,,,,2008-04-28,,0.51,,pre-market,,,,,,,,,,,,,64.5161,,,,,,,,,,,,
2008-06-30,FLS,,,,,,,,,,,,,,,,,,,,,,,,,,,,,,,,,,,,,,0.21,,,0.5,,,,,,,,,,,,,,,,,,,,,,,,,,,,,,,,,,,,,,,,,,,,,,,,,2008-07-30,,0.71,,pre-market,,,,,,,,,,,,,42.0,,,,,,,,,,,,
2008-09-30,FLS,,,,,,,,,,,,,,,,,,,,,,,,,,,,,,,,,,,,,,0.09,,,0.59,,,,,,,,,,,,,,,,,,,,,,,,,,,,,,,,,,,,,,,,,,,,,,,,,2008-10-28,,0.68,,pre-market,,,,,,,,,,,,,15.2542,,,,,,,,,,,,
2008-12-31,FLS,,,,,,,,,,,,,,,,,,,,,,,,,,,,,,,,,,,,,,0.05,,,0.63,,,,,,,,,,,,,,,,,,,,,,,,,,,,,,,,,,,,,,,,,,,,,,,,,2009-02-25,,0.68,,pre-market,,,,,,,,,,,,,7.9365,,,,,,,,,,,,
2009-03-31,FLS,,,,,,,,,,,,,,,,,,,,,,,,,,,,,,,,,,,,,,0.06,,,0.49,,,,,,,,,,,,,,,,,,,,,,,,,,,,,,,,,,,,,,,,,,,,,,,,,2009-04-29,,0.55,,pre-market,,,,,,,,,,,,,12.2449,,,,,,,,,,,,
2009-06-30,FLS,,,,,,,,,,,,,,,,,,,,,,,,,,,,,,,,,,,,,,0.04,,,0.6,,,,,,,,,,,,,,,,,,,,,,,,,,,,,,,,,,,,,,,,,,,,,,,,,2009-07-29,,0.64,,pre-market,,,,,,,,,,,,,6.6667,,,,,,,,,,,,
2009-09-30,FLS,,,,,,,,,,,,,,,,,,,,,,,,,,,,,,,,,,,,,,0.02,,,0.67,,,,,,,,,,,,,,,,,,,,,,,,,,,,,,,,,,,,,,,,,,,,,,,,,2009-10-28,,0.69,,pre-market,,,,,,,,,,,,,2.9851,,,,,,,,,,,,
2009-12-31,FLS,,,,,,,,,,,,,,,,,,,,,,,,,,,,,,,,,,,,,,0.03,,,0.62,,,,,,,,,,,,,,,,,,,,,,,,,,,,,,,,,,,,,,,,,,,,,,,,,2010-02-24,,0.65,,pre-market,,,,,,,,,,,,,4.8387,,,,,,,,,,,,
2010-03-31,FLS,,,,,,,,,,,,,,,,,,,,,,,,,,,,,,,,,,,,,,0.04,,,0.43,,,,,,,,,,,,,,,,,,,,,,,,,,,,,,,,,,,,,,,,,,,,,,,,,2010-05-05,,0.47,,pre-market,,,,,,,,,,,,,9.3023,,,,,,,,,,,,
2010-06-30,FLS,,,,,,,,,,,,,,,,,,,,,,,,,,,,,,,,,,,,,,-0.01,,,0.55,,,,,,,,,,,,,,,,,,,,,,,,,,,,,,,,,,,,,,,,,,,,,,,,,2010-07-28,,0.54,,pre-market,,,,,,,,,,,,,-1.8182,,,,,,,,,,,,
2010-09-30,FLS,,,,,,,,,,,,,,,,,,,,,,,,,,,,,,,,,,,,,,0.01,,,0.6,,,,,,,,,,,,,,,,,,,,,,,,,,,,,,,,,,,,,,,,,,,,,,,,,2010-10-27,,0.61,,pre-market,,,,,,,,,,,,,1.6667,,,,,,,,,,,,
2010-12-31,FLS,,,,,,,,,,,,,,,,,,,,,,,,,,,,,,,,,,,,,,0.01,,,0.66,,,,,,,,,,,,,,,,,,,,,,,,,,,,,,,,,,,,,,,,,,,,,,,,,2011-02-23,,0.67,,pre-market,,,,,,,,,,,,,1.5152,,,,,,,,,,,,
2011-03-31,FLS,,,,,,,,,,,,,,,,,,,,,,,,,,,,,,,,,,,,,,0.04,,,0.53,,,,,,,,,,,,,,,,,,,,,,,,,,,,,,,,,,,,,,,,,,,,,,,,,2011-04-27,,0.57,,pre-market,,,,,,,,,,,,,7.5472,,,,,,,,,,,,
2011-06-30,FLS,,,,,,,,,,,,,,,,,,,,,,,,,,,,,,,,,,,,,,0.0,,,0.59,,,,,,,,,,,,,,,,,,,,,,,,,,,,,,,,,,,,,,,,,,,,,,,,,2011-07-27,,0.59,,pre-market,,,,,,,,,,,,,0.0,,,,,,,,,,,,
2011-09-30,FLS,,,,,,,,,,,,,,,,,,,,,,,,,,,,,,,,,,,,,,0.02,,,0.62,,,,,,,,,,,,,,,,,,,,,,,,,,,,,,,,,,,,,,,,,,,,,,,,,2011-10-27,,0.64,,pre-market,,,,,,,,,,,,,3.2258,,,,,,,,,,,,
2011-12-31,FLS,,,,,,,,,,,,,,,,,,,,,,,,,,,,,,,,,,,,,,-0.01,,,0.76,,,,,,,,,,,,,,,,,,,,,,,,,,,,,,,,,,,,,,,,,,,,,,,,,2012-02-22,,0.75,,pre-market,,,,,,,,,,,,,-1.3158,,,,,,,,,,,,
2012-03-31,FLS,,,,,,,,,,,,,,,,,,,,,,,,,,,,,,,,,,,,,,0.02,,,0.54,,,,,,,,,,,,,,,,,,,,,,,,,,,,,,,,,,,,,,,,,,,,,,,,,2012-04-30,,0.56,,pre-market,,,,,,,,,,,,,3.7037,,,,,,,,,,,,
2012-06-30,FLS,,,,,,,,,,,,,,,,,,,,,,,,,,,,,,,,,,,,,,0.01,,,0.63,,,,,,,,,,,,,,,,,,,,,,,,,,,,,,,,,,,,,,,,,,,,,,,,,2012-07-30,,0.64,,pre-market,,,,,,,,,,,,,1.5873,,,,,,,,,,,,
2012-09-30,FLS,,,,,,,,,,,,,,,,,,,,,,,,,,,,,,,,,,,,,,0.01,,,0.68,,,,,,,,,,,,,,,,,,,,,,,,,,,,,,,,,,,,,,,,,,,,,,,,,2012-10-29,,0.69,,pre-market,,,,,,,,,,,,,1.4706,,,,,,,,,,,,
2012-12-31,FLS,,,,,,,,,,,,,,,,,,,,,,,,,,,,,,,,,,,,,,-0.01,,,0.95,,,,,,,,,,,,,,,,,,,,,,,,,,,,,,,,,,,,,,,,,,,,,,,,,2013-02-21,,0.94,,pre-market,,,,,,,,,,,,,-1.0526,,,,,,,,,,,,
2013-03-31,FLS,,,,,,,,,,,,,,,,,,,,,,,,,,,,,,,,,,,,,,0.02,,,0.65,,,,,,,,,,,,,,,,,,,,,,,,,,,,,,,,,,,,,,,,,,,,,,,,,2013-04-24,,0.67,,pre-market,,,,,,,,,,,,,3.0769,,,,,,,,,,,,
2013-06-30,FLS,,,,,,,,,,,,,,,,,,,,,,,,,,,,,,,,,,,,,,0.05,,,0.79,,,,,,,,,,,,,,,,,,,,,,,,,,,,,,,,,,,,,,,,,,,,,,,,,2013-07-24,,0.84,,pre-market,,,,,,,,,,,,,6.3291,,,,,,,,,,,,
2013-09-30,FLS,,,,,,,,,,,,,,,,,,,,,,,,,,,,,,,,,,,,,,0.06,,,0.84,,,,,,,,,,,,,,,,,,,,,,,,,,,,,,,,,,,,,,,,,,,,,,,,,2013-10-24,,0.9,,pre-market,,,,,,,,,,,,,7.1429,,,,,,,,,,,,
2013-12-31,FLS,,,,,,,,,,,,,,,,,,,,,,,,,,,,,,,,,,,,,,0.0,,,1.01,,,,,,,,,,,,,,,,,,,,,,,,,,,,,,,,,,,,,,,,,,,,,,,,,2014-02-18,,1.01,,pre-market,,,,,,,,,,,,,0.0,,,,,,,,,,,,
2014-03-31,FLS,,,,,,,,,,,,,,,,,,,,,,,,,,,,,,,,,,,,,,0.0,,,0.75,,,,,,,,,,,,,,,,,,,,,,,,,,,,,,,,,,,,,,,,,,,,,,,,,2014-04-23,,0.75,,pre-market,,,,,,,,,,,,,0.0,,,,,,,,,,,,
2014-06-30,FLS,,,,,,,,,,,,,,,,,,,,,,,,,,,,,,,,,,,,,,-0.03,,,0.93,,,,,,,,,,,,,,,,,,,,,,,,,,,,,,,,,,,,,,,,,,,,,,,,,2014-07-23,,0.9,,pre-market,,,,,,,,,,,,,-3.2258,,,,,,,,,,,,
2014-09-30,FLS,,,,,,,,,,,,,,,,,,,,,,,,,,,,,,,,,,,,,,-0.07,,,1.0,,,,,,,,,,,,,,,,,,,,,,,,,,,,,,,,,,,,,,,,,,,,,,,,,2014-10-23,,0.93,,post-market,,,,,,,,,,,,,-7.0,,,,,,,,,,,,
2014-12-31,FLS,,,,,,,,,,,,,,,,,,,,,,,,,,,,,,,,,,,,,,0.03,,,1.13,,,,,,,,,,,,,,,,,,,,,,,,,,,,,,,,,,,,,,,,,,,,,,,,,2015-02-17,,1.16,,post-market,,,,,,,,,,,,,2.6549,,,,,,,,,,,,
2015-03-31,FLS,,,,,,,,,,,,,,,,,,,,,,,,,,,,,,,,,,,,,,-0.11,,,0.69,,,,,,,,,,,,,,,,,,,,,,,,,,,,,,,,,,,,,,,,,,,,,,,,,2015-04-30,,0.58,,post-market,,,,,,,,,,,,,-15.942,,,,,,,,,,,,
2015-06-30,FLS,,,,,,,,,,,,,,,,,,,,,,,,,,,,,,,,,,,,,,0.0,,,0.8,,,,,,,,,,,,,,,,,,,,,,,,,,,,,,,,,,,,,,,,,,,,,,,,,2015-07-30,,0.8,,post-market,,,,,,,,,,,,,0.0,,,,,,,,,,,,
2015-09-30,FLS,,,,,,,,,,,,,,,,,,,,,,,,,,,,,,,,,,,,,,0.02,,,0.79,,,,,,,,,,,,,,,,,,,,,,,,,,,,,,,,,,,,,,,,,,,,,,,,,2015-10-29,,0.81,,post-market,,,,,,,,,,,,,2.5316,,,,,,,,,,,,
2015-12-31,FLS,,,,,,,,,,,,,,,,,,,,,,,,,,,,,,,,,,,,,,-0.03,,,0.92,,,,,,,,,,,,,,,,,,,,,,,,,,,,,,,,,,,,,,,,,,,,,,,,,2016-02-18,,0.89,,post-market,,,,,,,,,,,,,-3.2609,,,,,,,,,,,,
2016-03-31,FLS,,,,,,,,,,,,,,,,,,,,,,,,,,,,,,,,,,,,,,0.04,,,0.42,,,,,,,,,,,,,,,,,,,,,,,,,,,,,,,,,,,,,,,,,,,,,,,,,2016-04-28,,0.46,,post-market,,,,,,,,,,,,,9.5238,,,,,,,,,,,,
2016-06-30,FLS,,,,,,,,,,,,,,,,,,,,,,,,,,,,,,,,,,,,,,-0.03,,,0.6,,,,,,,,,,,,,,,,,,,,,,,,,,,,,,,,,,,,,,,,,,,,,,,,,2016-07-28,,0.57,,post-market,,,,,,,,,,,,,-5.0,,,,,,,,,,,,
2016-09-30,FLS,,,,,,,,,,,,,,,,,,,,,,,,,,,,,,,,,,,,,,-0.1,,,0.62,,,,,,,,,,,,,,,,,,,,,,,,,,,,,,,,,,,,,,,,,,,,,,,,,2016-10-27,,0.52,,post-market,,,,,,,,,,,,,-16.129,,,,,,,,,,,,
2016-12-31,FLS,,,,,,,,,,,,,,,,,,,,,,,,,,,,,,,,,,,,,,0.08,,,0.64,,,,,,,,,,,,,,,,,,,,,,,,,,,,,,,,,,,,,,,,,,,,,,,,,2017-02-16,,0.72,,post-market,,,,,,,,,,,,,12.5,,,,,,,,,,,,
2017-03-31,FLS,,,,,,,,,,,,,,,,,,,,,,,,,,,,,,,,,,,,,,0.06,,,0.19,,,,,,,,,,,,,,,,,,,,,,,,,,,,,,,,,,,,,,,,,,,,,,,,,2017-05-01,,0.25,,post-market,,,,,,,,,,,,,31.5789,,,,,,,,,,,,
2017-06-30,FLS,,,,,,,,,,,,,,,,,,,,,,,,,,,,,,,,,,,,,,-0.21,,,0.43,,,,,,,,,,,,,,,,,,,,,,,,,,,,,,,,,,,,,,,,,,,,,,,,,2017-07-27,,0.22,,post-market,,,,,,,,,,,,,-48.8372,,,,,,,,,,,,
2017-09-30,FLS,,,,,,,,,,,,,,,,,,,,,,,,,,,,,,,,,,,,,,0.03,,,0.34,,,,,,,,,,,,,,,,,,,,,,,,,,,,,,,,,,,,,,,,,,,,,,,,,2017-11-01,,0.37,,post-market,,,,,,,,,,,,,8.8235,,,,,,,,,,,,
2017-12-31,FLS,,,,,,,,,,,,,,,,,,,,,,,,,,,,,,,,,,,,,,-0.01,,,0.51,,,,,,,,,,,,,,,,,,,,,,,,,,,,,,,,,,,,,,,,,,,,,,,,,2018-02-15,,0.5,,post-market,,,,,,,,,,,,,-1.9608,,,,,,,,,,,,
2018-03-31,FLS,,,,,,,,,,,,,,,,,,,,,,,,,,,,,,,,,,,,,,0.0,,,0.27,,,,,,,,,,,,,,,,,,,,,,,,,,,,,,,,,,,,,,,,,,,,,,,,,2018-05-10,,0.27,,post-market,,,,,,,,,,,,,0.0,,,,,,,,,,,,
2018-06-30,FLS,,,,,,,,,,,,,,,,,,,,,,,,,,,,,,,,,,,,,,0.08,,,0.33,,,,,,,,,,,,,,,,,,,,,,,,,,,,,,,,,,,,,,,,,,,,,,,,,2018-08-08,,0.41,,post-market,,,,,,,,,,,,,24.2424,,,,,,,,,,,,
2018-09-30,FLS,,,,,,,,,,,,,,,,,,,,,,,,,,,,,,,,,,,,,,0.06,,,0.43,,,,,,,,,,,,,,,,,,,,,,,,,,,,,,,,,,,,,,,,,,,,,,,,,2018-11-07,,0.49,,post-market,,,,,,,,,,,,,13.9535,,,,,,,,,,,,
2018-12-31,FLS,,,,,,,,,,,,,,,,,,,,,,,,,,,,,,,,,,,,,,0.0,,,0.58,,,,,,,,,,,,,,,,,,,,,,,,,,,,,,,,,,,,,,,,,,,,,,,,,2019-02-20,,0.58,,post-market,,,,,,,,,,,,,0.0,,,,,,,,,,,,
2019-03-31,FLS,,,,,,,,,,,,,,,,,,,,,,,,,,,,,,,,,,,,,,0.07,,,0.34,,,,,,,,,,,,,,,,,,,,,,,,,,,,,,,,,,,,,,,,,,,,,,,,,2019-05-02,,0.41,,post-market,,,,,,,,,,,,,20.5882,,,,,,,,,,,,
2019-06-30,FLS,,,,,,,,,,,,,,,,,,,,,,,,,,,,,,,,,,,,,,0.03,,,0.51,,,,,,,,,,,,,,,,,,,,,,,,,,,,,,,,,,,,,,,,,,,,,,,,,2019-07-31,,0.54,,post-market,,,,,,,,,,,,,5.8824,,,,,,,,,,,,
2019-09-30,FLS,,,,,,,,,,,,,,,,,,,,,,,,,,,,,,,,,,,,,,0.03,,,0.56,,,,,,,,,,,,,,,,,,,,,,,,,,,,,,,,,,,,,,,,,,,,,,,,,2019-10-30,,0.59,,post-market,,,,,,,,,,,,,5.3571,,,,,,,,,,,,
2019-12-31,FLS,,,,,,,,,,,,,,,,,,,,,,,,,,,,,,,,,,,,,,0.0,,,0.66,,,,,,,,,,,,,,,,,,,,,,,,,,,,,,,,,,,,,,,,,,,,,,,,,2020-01-15,,0.66,,post-market,,,,,,,,,,,,,0.0,,,,,,,,,,,,
2020-03-31,FLS,,,,,,,,,,,,,,,,,,,,,,,,,,,,,,,,,,,,,,-0.19,,,0.4,,,,,,,,,,,,,,,,,,,,,,,,,,,,,,,,,,,,,,,,,,,,,,,,,2020-05-07,,0.21,,post-market,,,,,,,,,,,,,-47.5,,,,,,,,,,,,
2020-06-30,FLS,,,,,,,,,,,,,,,,,,,,,,,,,,,,,,,,,,,,,,0.25,,,0.28,,,,,,,,,,,,,,,,,,,,,,,,,,,,,,,,,,,,,,,,,,,,,,,,,2020-07-30,,0.53,,post-market,,,,,,,,,,,,,89.2857,,,,,,,,,,,,
2020-09-30,FLS,,,,,,,,,,,,,,,,,,,,,,,,,,,,,,,,,,,,,,0.06,,,0.44,,,,,,,,,,,,,,,,,,,,,,,,,,,,,,,,,,,,,,,,,,,,,,,,,2020-11-05,,0.5,,post-market,,,,,,,,,,,,,13.6364,,,,,,,,,,,,
2020-12-31,FLS,,,,,,,,,,,,,,,,,,,,,,,,,,,,,,,,,,,,,,0.0,,,0.53,,,,,,,,,,,,,,,,,,,,,,,,,,,,,,,,,,,,,,,,,,,,,,,,,2021-02-23,,0.53,,post-market,,,,,,,,,,,,,0.0,,,,,,,,,,,,
2021-03-31,FLS,,,,,,,,,,,,,,,,,,,,,,,,,,,,,,,,,,,,,,0.09,,,0.19,,,,,,,,,,,,,,,,,,,,,,,,,,,,,,,,,,,,,,,,,,,,,,,,,2021-05-03,,0.28,,post-market,,,,,,,,,,,,,47.3684,,,,,,,,,,,,
2021-06-30,FLS,,,,,,,,,,,,,,,,,,,,,,,,,,,,,,,,,,,,,,-0.05,,,0.42,,,,,,,,,,,,,,,,,,,,,,,,,,,,,,,,,,,,,,,,,,,,,,,,,2021-08-05,,0.37,,post-market,,,,,,,,,,,,,-11.9048,,,,,,,,,,,,
2021-09-30,FLS,,,,,,,,,,,,,,,,,,,,,,,,,,,,,,,,,,,,,,-0.11,,,0.4,,,,,,,,,,,,,,,,,,,,,,,,,,,,,,,,,,,,,,,,,,,,,,,,,2021-10-27,,0.29,,post-market,,,,,,,,,,,,,-27.5,,,,,,,,,,,,
2021-12-31,FLS,,,,,,,,,,,,,,,,,,,,,,,,,,,,,,,,,,,,,,-0.03,,,0.48,,,,,,,,,,,,,,,,,,,,,,,,,,,,,,,,,,,,,,,,,,,,,,,,,2022-02-23,,0.45,,post-market,,,,,,,,,,,,,-6.25,,,,,,,,,,,,
2022-03-31,FLS,,,,,,,,,,,,,,,,,,,,,,,,,,,,,,,,,,,,,,-0.14,,,0.21,,,,,,,,,,,,,,,,,,,,,,,,,,,,,,,,,,,,,,,,,,,,,,,,,2022-05-02,,0.07,,post-market,,,,,,,,,,,,,-66.6667,,,,,,,,,,,,
2022-06-30,FLS,,,,,,,,,,,,,,,,,,,,,,,,,,,,,,,,,,,,,,0.04,,,0.26,,,,,,,,,,,,,,,,,,,,,,,,,,,,,,,,,,,,,,,,,,,,,,,,,2022-07-27,,0.3,,post-market,,,,,,,,,,,,,15.3846,,,,,,,,,,,,
2022-09-30,FLS,,,,,,,,,,,,,,,,,,,,,,,,,,,,,,,,,,,,,,-0.14,,,0.23,,,,,,,,,,,,,,,,,,,,,,,,,,,,,,,,,,,,,,,,,,,,,,,,,2022-10-31,,0.09,,post-market,,,,,,,,,,,,,-60.8696,,,,,,,,,,,,
2022-12-31,FLS,,,,,,,,,,,,,,,,,,,,,,,,,,,,,,,,,,,,,,0.1,,,0.53,,,,,,,,,,,,,,,,,,,,,,,,,,,,,,,,,,,,,,,,,,,,,,,,,2023-02-21,,0.63,,post-market,,,,,,,,,,,,,18.8679,,,,,,,,,,,,
2023-03-31,FLS,,,,,,,,,,,,,,,,,,,,,,,,,,,,,,,,,,,,,,0.15,,,0.25,,,,,,,,,,,,,,,,,,,,,,,,,,,,,,,,,,,,,,,,,,,,,,,,,2023-05-01,,0.4,,post-market,,,,,,,,,,,,,60.0,,,,,,,,,,,,
2023-06-30,FLS,,,,,,,,,,,,,,,,,,,,,,,,,,,,,,,,,,,,,,0.12,,,0.4,,,,,,,,,,,,,,,,,,,,,,,,,,,,,,,,,,,,,,,,,,,,,,,,,2023-08-01,,0.52,,post-market,,,,,,,,,,,,,30.0,,,,,,,,,,,,
2023-09-30,FLS,,,,,,,,,,,,,,,,,,,,,,,,,,,,,,,,,,,,,,0.07,,,0.43,,,,,,,,,,,,,,,,,,,,,,,,,,,,,,,,,,,,,,,,,,,,,,,,,2023-10-25,,0.5,,post-market,,,,,,,,,,,,,16.2791,,,,,,,,,,,,
2023-12-31,FLS,,,,,,,,,,,,,,,,,,,,,,,,,,,,,,,,,,,,,,0.08,,,0.6,,,,,,,,,,,,,,,,,,,,,,,,,,,,,,,,,,,,,,,,,,,,,,,,,2024-02-20,,0.68,,post-market,,,,,,,,,,,,,13.3333,,,,,,,,,,,,
2024-03-31,FLS,,,,,,,,,,,,,,,,,,,,,,,,,,,,,,,,,,,,,,0.11,,,0.47,,,,,,,,,,,,,,,,,,,,,,,,,,,,,,,,,,,,,,,,,,,,,,,,,2024-04-29,,0.58,,post-market,,,,,,,,,,,,,23.4043,,,,,,,,,,,,
2024-06-30,FLS,,,,,,,,,,,,,,,,,,,,,,,,,,,,,,,,,,,,,,0.1,,,0.63,,,,,,,,,,,,,,,,,,,,,,,,,,,,,,,,,,,,,,,,,,,,,,,,,2024-07-29,,0.73,,post-market,,,,,,,,,,,,,15.873,,,,,,,,,,,,
2024-09-30,FLS,,,,,,,,,,,,,,,,,,,,,,,,,,,,,,,,,,,,,,0.02,,,0.67,,,,,,,,,,,,,,,,,,,,,,,,,,,,,,,,,,,,,,,,,,,,,,,,,2024-10-28,,0.69,,post-market,,,,,,,,,,,,,2.9851,,,,,,,,,,,,
2024-12-31,FLS,,,,,,,,,,,,,,,,,,,,,,,,,,,,,,,,,,,,,,-0.0691,,,0.7691,,,,,,,,,,,,,,,,,,,,,,,,,,,,,,,,,,,,,,,,,,,,,,,,,2025-02-18,,0.7,,pre-market,,,,,,,,,,,,,-8.9845,,,,,,,,,,,,
2025-03-31,FLS,,,,,,,,,,,,,,,,,,,,,,,,,,,,,,,,,,,,,,-0.0038,,,0.6238,,,,,,,,,,,,,,,,,,,,,,,,,,,,,,,,,,,,,,,,,,,,,,,,,2025-04-28,,0.62,,pre-market,,,,,,,,,,,,,-0.6092,,,,,,,,,,,,
2025-06-30,FLS,,,,,,,,,,,,,,,,,,,,,,,,,,,,,,,,,,,,,,0.1304,,,0.7796,,,,,,,,,,,,,,,,,,,,,,,,,,,,,,,,,,,,,,,,,,,,,,,,,2025-07-28,,0.91,,post-market,,,,,,,,,,,,,16.7265,,,,,,,,,,,,
2025-09-30,FLS,,,,,,,,,,,,,,,,,,,,,,,,,,,,,,,,,,,,,,0.1,,,0.8,,,,,,,,,,,,,,,,,,,,,,,,,,,,,,,,,,,,,,,,,,,,,,,,,2025-10-28,,0.9,,pre-market,,,,,,,,,,,,,12.5,,,,,,,,,,,,
2025-12-28,FLS,3.44,4687417000.0,20.65,,1.312,17.69,,,,,,,,,,,,,,,,,,,,,,,,,,0.84,0.0118,,,,2.795,0.1,,,0.8,,18.21,,1578785000.0,,,,,,,,,,,,,,,,,,,0.136,,,,,,,,,,,,,1.821,3.988,1.982,,,,,,,,0.0966,,,2025-10-28,,0.9,,pre-market,,,0.0663,0.214,0.036,35.77,,,,,54.63,66.29,12.5,,,,,,,,,20.65,,74.41,36.93
2025-12-28,FLS,3.44,4687417000.0,20.65,,1.312,17.69,,,,,,,,,,,,,,,None,768667000,768667000,,,,,,None,24410000,,0.84,0.0118,,,,2.795,0.1,336284000,360694000,0.8,2025-09-30,18.21,,1578785000.0,405767000,317546000,93688000,,,None,18738000,792000,,None,,,,,219582000,223858000,-17946000,None,0.136,,300581000,105186000,,,,,None,,,,,1.821,3.988,1.982,,,,,,,,0.0966,,,2025-10-28,quarterly,0.9,USD,pre-market,None,,0.0663,0.214,0.036,35.77,305152000,,,,54.63,66.29,12.5,,,,,,,1174434000,,20.65,,74.41,36.93
2025-12-28,FLS,3.44,4687417000.0,20.65,,1.312,17.69,,,,,,,,,,,,,,,None,776405000,776405000,,,,,,None,23882000,,0.84,0.0118,,,,2.795,0.1,124089000,147971000,0.8,2025-06-30,18.21,,1578785000.0,411687000,103860000,15636000,,,None,20253000,17727000,,None,,,,,81754000,88224000,-17727000,None,0.136,,267695000,143992000,,,,,None,,,,,1.821,3.988,1.982,,,,,,,,0.0966,,,2025-10-28,quarterly,0.9,USD,pre-market,None,,0.0663,0.214,0.036,35.77,265908000,,,,54.63,66.29,12.5,,,,,,,1188092000,,20.65,,74.41,36.93
2025-12-28,FLS,3.44,4687417000.0,20.65,,1.312,17.69,,,,,,,,,,,,,,,None,765195000,765195000,,,,,,None,24402000,,0.84,0.0118,,,,2.795,0.1,116351000,140753000,0.8,2025-03-31,18.21,,1578785000.0,379348000,97200000,17743000,,,None,19175000,1745000,,None,,,,,73905000,79457000,-17430000,None,0.136,,244480000,134868000,,,,,None,,,,,1.821,3.988,1.982,,,,,,,,0.0966,,,2025-10-28,quarterly,0.9,USD,pre-market,None,,0.0663,0.214,0.036,35.77,243177000,,,,54.63,66.29,12.5,,,,,,,1144543000,,20.65,,74.41,36.93
2025-12-28,FLS,3.44,4687417000.0,20.65,,1.312,17.69,,,,,,,,,,,,,,,None,796665000,796665000,,,,,,None,22351000,,0.84,0.0118,,,,2.795,0.1,126193000,148544000,0.8,2024-12-31,18.21,,1578785000.0,383683000,105712000,22201000,,,None,20481000,1625000,,None,,,,,77541000,83510000,-18856000,None,0.136,,243556000,140127000,,,,,None,,,,,1.821,3.988,1.982,,,,,,,,0.0966,,,2025-10-28,quarterly,0.9,USD,pre-market,69900000,,0.0663,0.214,0.036,35.77,251967000,,,,54.63,66.29,12.5,,,,,,,1180348000,,20.65,,74.41,36.93
2025-12-28,FLS,3.44,4687417000.0,20.65,,1.312,17.69,,,,,,,,,,,,,,,None,769207000,769207000,,,,,,None,20973000,,0.84,0.0118,,,,2.795,0.1,98652000,119625000,0.8,2024-09-30,18.21,,1578785000.0,363880000,82088000,18739000,,,None,16587000,1403000,,None,,,,,58382000,63349000,-15184000,None,0.136,,255183000,108697000,,,,,None,,,,,1.821,3.988,1.982,,,,,,,,0.0966,,,2025-10-28,quarterly,0.9,USD,pre-market,None,,0.0663,0.214,0.036,35.77,259025000,,,,54.63,66.29,12.5,,,,,,,1133087000,,20.65,,74.41,36.93
2025-12-28,FLS,3.44,4687417000.0,20.65,,1.312,17.69,,,,,,,,,,,,,,,None,783275000,783275000,,,,,,None,20694000,,0.84,0.0118,,,,2.795,0.1,117215000,137909000,0.8,2024-06-30,18.21,,1578785000.0,373617000,100298000,23846000,,,None,16917000,1174000,,None,,,,,72616000,76452000,-15743000,None,0.136,,238894000,134723000,,,,,None,,,,,1.821,3.988,1.982,,,,,,,,0.0966,,,2025-10-28,quarterly,0.9,USD,pre-market,None,,0.0663,0.214,0.036,35.77,238627000,,,,54.63,66.29,12.5,,,,,,,1156892000,,20.65,,74.41,36.93
2025-12-28,FLS,3.44,4687417000.0,20.65,,1.312,17.69,,,,,,,,,,,,,,,None,742838000,742838000,,,,,,None,21580000,,0.84,0.0118,,,,2.795,0.1,113374000,134954000,0.8,2024-03-31,18.21,,1578785000.0,344641000,98057000,20142000,,,None,15317000,1169000,,None,,,,,74220000,77915000,-14148000,None,0.136,,226924000,117717000,,,,,None,,,,,1.821,3.988,1.982,,,,,,,,0.0966,,,2025-10-28,quarterly,0.9,USD,pre-market,None,,0.0663,0.214,0.036,35.77,228418000,,,,54.63,66.29,12.5,,,,,,,1087479000,,20.65,,74.41,36.93
2025-12-28,FLS,3.44,4687417000.0,20.65,,1.312,17.69,,,,,,,,,,,,,,,None,816171000,816171000,,,,,,None,20673000,,0.84,0.0118,,,,2.795,0.1,88321000,108994000,0.8,2023-12-31,18.21,,1578785000.0,349008000,71435000,3991000,,,None,16885000,1456000,,None,,,,,62617000,67444000,-15429000,None,0.136,,219295000,129713000,,,,,None,,,,,1.821,3.988,1.982,,,,,,,,0.0966,,,2025-10-28,quarterly,0.9,USD,pre-market,48700000,,0.0663,0.214,0.036,35.77,234745000,,,,54.63,66.29,12.5,,,,,,,1165179000,,20.65,,74.41,36.93
2025-12-28,FLS,3.44,4687417000.0,20.65,,1.312,17.69,,,,,,,,,,,,,,,None,769784000,769784000,,,,,,None,20464000,,0.84,0.0118,,,,2.795,0.1,58680000,79144000,0.8,2023-09-30,18.21,,1578785000.0,324934000,41407000,-11186000,,,None,17273000,2134000,,None,,,,,46156000,52593000,-15139000,None,0.136,,237111000,87823000,,,,,None,,,,,1.821,3.988,1.982,,,,,,,,0.0966,,,2025-10-28,quarterly,0.9,USD,pre-market,None,,0.0663,0.214,0.036,35.77,252065000,,,,54.63,66.29,12.5,,,,,,,1094718000,,20.65,,74.41,36.93
2025-12-28,FLS,3.44,4687417000.0,20.65,,1.312,17.69,,,,,,,,,,,,,,,None,753510000,753510000,,,,,,None,21019000,,0.84,0.0118,,,,2.795,0.1,93012000,114031000,0.8,2023-06-30,18.21,,1578785000.0,326866000,76458000,21304000,,,None,16554000,1907000,,None,,,,,51203000,53247000,-14647000,None,0.136,,222637000,104229000,,,,,-5543000,,,,,1.821,3.988,1.982,,,,,,,,0.0966,,,2025-10-28,quarterly,0.9,USD,pre-market,None,,0.0663,0.214,0.036,35.77,230082000,,,,54.63,66.29,12.5,,,,,,,1080376000,,20.65,,74.41,36.93
2025-12-28,FLS,3.44,4687417000.0,20.65,,1.312,17.69,,,,,,,,,,,,,,,None,683273000,683273000,,,,,,None,21591000,,0.84,0.0118,,,,2.795,0.1,50660000,72251000,0.8,2023-03-31,18.21,,1578785000.0,297032000,34449000,4453000,,,None,16211000,1494000,,None,,,,,26766000,28502000,-14717000,None,0.136,,227591000,69441000,,,,,-8020000,,,,,1.821,3.988,1.982,,,,,,,,0.0966,,,2025-10-28,quarterly,0.9,USD,pre-market,None,,0.0663,0.214,0.036,35.77,244268000,,,,54.63,66.29,12.5,,,,,,,980305000,,20.65,,74.41,36.93
2025-12-28,FLS,3.44,4687417000.0,20.65,,1.312,17.69,,,,,,,,,,,,,,,None,743237000,743237000,,,,,,None,21695000,,0.84,0.0118,,,,2.795,0.1,77614000,99309000,0.8,2022-12-31,18.21,,1578785000.0,295722000,64705000,-60257000,,,None,12909000,11884000,,None,,,,,121330000,124962000,-11884000,None,0.136,,184868000,110854000,,,,,None,,,,,1.821,3.988,1.982,,,,,,,,0.0966,,,2025-10-28,quarterly,0.9,USD,pre-market,39900000,,0.0663,0.214,0.036,35.77,191183000,,,,54.63,66.29,12.5,,,,,,,1038959000,,20.65,,74.41,36.93
2025-12-28,FLS,3.44,4687417000.0,20.65,,1.312,17.69,,,,,,,,,,,,,,,None,633699000,633699000,,,,,,None,22476000,,0.84,0.0118,,,,2.795,0.1,54034000,76510000,0.8,2022-09-30,18.21,,1578785000.0,239182000,42452000,1817000,,,None,11582000,1141000,,None,,,,,38400000,40635000,-10441000,None,0.136,,221043000,18139000,,,,,None,,,,,1.821,3.988,1.982,,,,,,,,0.0966,,,2025-10-28,quarterly,0.9,USD,pre-market,None,,0.0663,0.214,0.036,35.77,221142000,,,,54.63,66.29,12.5,,,,,,,872881000,,20.65,,74.41,36.93
2025-12-28,FLS,3.44,4687417000.0,20.65,,1.312,17.69,,,,,,,,,,,,,,,None,631926000,631926000,,,,,,None,23238000,,0.84,0.0118,,,,2.795,0.1,68775000,92013000,0.8,2022-06-30,18.21,,1578785000.0,250296000,57713000,11618000,,,None,11062000,854000,,None,,,,,44777000,45241000,-10208000,None,0.136,,194544000,55752000,,,,,7589000,,,,,1.821,3.988,1.982,,,,,,,,0.0966,,,2025-10-28,quarterly,0.9,USD,pre-market,None,,0.0663,0.214,0.036,35.77,194606000,,,,54.63,66.29,12.5,,,,,,,882222000,,20.65,,74.41,36.93
2025-12-28,FLS,3.44,4687417000.0,20.65,,1.312,17.69,,,,,,,,,,,,,,,None,611609000,611609000,,,,,,None,23544000,,0.84,0.0118,,,,2.795,0.1,196000,23740000,0.8,2022-03-31,18.21,,1578785000.0,209449000,-10497000,3182000,,,None,10693000,943000,,None,,,,,-15820000,-14622000,-9750000,None,0.136,,206339000,3110000,,,,,-8114000,,,,,1.821,3.988,1.982,,,,,,,,0.0966,,,2025-10-28,quarterly,0.9,USD,pre-market,None,,0.0663,0.214,0.036,35.77,206138000,,,,54.63,66.29,12.5,,,,,,,821058000,,20.65,,74.41,36.93
2025-12-28,FLS,3.44,4687417000.0,20.65,,1.312,17.69,,,,,,,,,,,,,,,None,651329000,651329000,,,,,,None,22863000,,0.84,0.0118,,,,2.795,0.1,32573000,55436000,0.8,2021-12-31,18.21,,1578785000.0,268127000,20803000,1335000,,,None,11770000,10899000,,None,,,,,16731000,18598000,-10899000,None,0.136,,188019000,80108000,,,,,-53427000,,,,,1.821,3.988,1.982,,,,,,,,0.0966,,,2025-10-28,quarterly,0.9,USD,pre-market,34200000,,0.0663,0.214,0.036,35.77,187110000,,,,54.63,66.29,12.5,,,,,,,919456000,,20.65,,74.41,36.93
2025-12-28,FLS,3.44,4687417000.0,20.65,,1.312,17.69,,,,,,,,,,,,,,,None,610044000,610044000,,,,,,None,25035000,,0.84,0.0118,,,,2.795,0.1,56122000,81157000,0.8,2021-09-30,18.21,,1578785000.0,256074000,41376000,-10433000,,,None,14746000,13919000,,None,,,,,49785000,51809000,-13919000,None,0.136,,194894000,61180000,,,,,-2067000,,,,,1.821,3.988,1.982,,,,,,,,0.0966,,,2025-10-28,quarterly,0.9,USD,pre-market,None,,0.0663,0.214,0.036,35.77,194894000,,,,54.63,66.29,12.5,,,,,,,866118000,,20.65,,74.41,36.93
2025-12-28,FLS,3.44,4687417000.0,20.65,,1.312,17.69,,,,,,,,,,,,,,,None,616115000,616115000,,,,,,None,26540000,,0.84,0.0118,,,,2.795,0.1,64777000,91317000,0.8,2021-06-30,18.21,,1578785000.0,282063000,50455000,2711000,,,None,14322000,465000,,None,,,,,45354000,47744000,-13857000,None,0.136,,207198000,74865000,,,,,-7850000,,,,,1.821,3.988,1.982,,,,,,,,0.0966,,,2025-10-28,quarterly,0.9,USD,pre-market,None,,0.0663,0.214,0.036,35.77,210789000,,,,54.63,66.29,12.5,,,,,,,898178000,,20.65,,74.41,36.93
2025-12-28,FLS,3.44,4687417000.0,20.65,,1.312,17.69,,,,,,,,,,,,,,,None,597002000,597002000,,,,,,None,25384000,,0.84,0.0118,,,,2.795,0.1,37731000,63115000,0.8,2021-03-31,18.21,,1578785000.0,260305999,20953000,3792000,,,None,16778000,602000,,None,,,,,14080000,16559000,-16176000,None,0.136,,194019000,66287000,,,,,-18974000,,,,,1.821,3.988,1.982,,,,,,,,0.0966,,,2025-10-28,quarterly,0.9,USD,pre-market,None,,0.0663,0.214,0.036,35.77,198315000,,,,54.63,66.29,12.5,,,,,,,857308000,,20.65,,74.41,36.93
2025-12-28,FLS,3.44,4687417000.0,20.65,,1.312,17.69,,,,,,,,,,,,,,,None,683252000,683252000,,,,,,None,28078000,,0.84,0.0118,,,,2.795,0.1,77162000,105240000,0.8,2020-12-31,18.21,,1578785000.0,302056000,60383000,767000,,,None,16779000,604000,,None,,,,,56051000,60250000,-16174000,None,0.136,,178018000,124038000,,,,,-17812000,,,,,1.821,3.988,1.982,,,,,,,,0.0966,,,2025-10-28,quarterly,0.9,USD,pre-market,36100000,,0.0663,0.214,0.036,35.77,243621000,,,,54.63,66.29,12.5,,,,,,,985308000,,20.65,,74.41,36.93
2025-12-28,FLS,3.44,4687417000.0,20.65,,1.312,17.69,,,,,,,,,,,,,,,None,633434000,633434000,,,,,,None,24828000,,0.84,0.0118,,,,2.795,0.1,91467000,116295000,0.8,2020-09-30,18.21,,1578785000.0,290867000,77958000,19196000,,,None,13509000,14037000,,None,,,,,56115000,52977000,-14037000,None,0.136,,191810000,99057000,,,,,-963000,,,,,1.821,3.988,1.982,,,,,,,,0.0966,,,2025-10-28,quarterly,0.9,USD,pre-market,None,,0.0663,0.214,0.036,35.77,200729000,,,,54.63,66.29,12.5,,,,,,,924301000,,20.65,,74.41,36.93
2025-12-28,FLS,3.44,4687417000.0,20.65,,1.312,17.69,,,,,,,,,,,,,,,None,628354000,628354000,,,,,,None,24010000,,0.84,0.0118,,,,2.795,0.1,25693999,49703999,0.8,2020-06-30,18.21,,1578785000.0,296658000,12759000,4485000,,,None,12900000,1149000,,None,,,,,6132000,9638000,-11751000,None,0.136,,189195000,107463000,,,,,-14941000,,,,,1.821,3.988,1.982,,,,,,,,0.0966,,,2025-10-28,quarterly,0.9,USD,pre-market,None,,0.0663,0.214,0.036,35.77,227358000,,,,54.63,66.29,12.5,,,,,,,924965000,,20.65,,74.41,36.93
2025-12-28,FLS,3.44,4687417000.0,20.65,,1.312,17.69,,,,,,,,,,,,,,,None,619028000,619028000,,,,,,None,23837000,,0.84,0.0118,,,,2.795,0.1,39855000,63692000,0.8,2020-03-31,18.21,,1578785000.0,274485000,51192000,36969000,,,None,12963000,1749000,,None,,,,,12123000,-259000,-11214000,None,0.136,,250281000,24204000,,,,,23462000,,,,,1.821,3.988,1.982,,,,,,,,0.0966,,,2025-10-28,quarterly,0.9,USD,pre-market,None,,0.0663,0.214,0.036,35.77,243621000,,,,54.63,66.29,12.5,,,,,,,893513000,,20.65,,74.41,36.93
2025-12-28,FLS,3.44,4687417000.0,20.65,,1.312,17.69,,,,,,,,,,,,,,,None,714147000,714147000,,,,,,None,26450000,,0.84,0.0118,,,,2.795,0.1,103879000,130329000,0.8,2019-12-31,18.21,,1578785000.0,354033000,86670000,15424000,,,None,12954000,1915000,,None,,,,,69793000,69332000,-11040000,None,0.136,,236269000,117764000,,,,,-9521000,,,,,1.821,3.988,1.982,,,,,,,,0.0966,,,2025-10-28,quarterly,0.9,USD,pre-market,42000000,,0.0663,0.214,0.036,35.77,244767000,,,,54.63,66.29,12.5,,,,,,,1068171000,,20.65,,74.41,36.93
2025-12-28,FLS,3.44,4687417000.0,20.65,,1.312,17.69,,,,,,,,,,,,,,,None,659436000,659436000,,,,,,None,24785000,,0.84,0.0118,,,,2.795,0.1,98354000,123139000,0.8,2019-09-30,18.21,,1578785000.0,336273000,84373000,25647000,,,None,13981000,2253000,,None,,,,,59842000,68310000,-11728000,None,0.136,,223930000,112343000,,,,,-1622000,,,,,1.821,3.988,1.982,,,,,,,,0.0966,,,2025-10-28,quarterly,0.9,USD,pre-market,42000000,,0.0663,0.214,0.036,35.77,226216000,,,,54.63,66.29,12.5,,,,,,,996544000,,20.65,,74.41,36.93
2025-12-28,FLS,3.44,4687417000.0,20.65,,1.312,17.69,,,,,,,,,,,,,,,None,668187000,668187000,,,,,,None,27203000,,0.84,0.0118,,,,2.795,0.1,96900000,124103000,0.8,2019-06-30,18.21,,1578785000.0,321897000,82887000,22413000,,,None,14013000,2218000,,None,,,,,58172000,58256000,-11795000,None,0.136,,213666000,108231000,,,,,-3336000,,,,,1.821,3.988,1.982,,,,,,,,0.0966,,,2025-10-28,quarterly,0.9,USD,pre-market,42000000,,0.0663,0.214,0.036,35.77,223676000,,,,54.63,66.29,12.5,,,,,,,990084000,,20.65,,74.41,36.93
2025-12-28,FLS,3.44,4687417000.0,20.65,,1.312,17.69,,,,,,,,,,,,,,,None,590475000,590475000,,,,,,None,27466000,,0.84,0.0118,,,,2.795,0.1,90114000,117580000,0.8,2019-03-31,18.21,,1578785000.0,299576000,76083000,16587000,,,None,14031000,13289000,,None,,,,,57261000,57473000,-12008000,None,0.136,,222584000,76992000,,,,,-3140000,,,,,1.821,3.988,1.982,,,,,,,,0.0966,,,2025-10-28,quarterly,0.9,USD,pre-market,42000000,,0.0663,0.214,0.036,35.77,205154000,,,,54.63,66.29,12.5,,,,,,,890051000,,20.65,,74.41,36.93
2025-12-28,FLS,3.44,4687417000.0,20.65,,1.312,17.69,,,,,,,,,,,,,,,None,653917000,653917000,,,,,,None,27257000,,0.84,0.0118,,,,2.795,0.1,93077000,120334000,0.8,2018-12-31,18.21,,1578785000.0,332950000,78561000,14197000,,,None,14516000,None,,None,,,,,63103000,62138000,None,None,0.136,,238000000,94950000,,,,,-2361000,,,,,1.821,3.988,1.982,,,,,,,,0.0966,,,2025-10-28,quarterly,0.9,USD,pre-market,39600000,,0.0663,0.214,0.036,35.77,231869000,,,,54.63,66.29,12.5,,,,,,,986867000,,20.65,,74.41,36.93
2025-12-28,FLS,3.44,4687417000.0,20.65,,1.312,17.69,,,,,,,,,,,,,,,None,636007000,636007000,,,,,,None,27580000,,0.84,0.0118,,,,2.795,0.1,58177000,85757000,0.8,2018-09-30,18.21,,1578785000.0,316709000,44351000,14912000,,,None,13826000,None,,None,,,,,28205000,28170000,None,None,0.136,,238959000,77750000,,,,,-5283000,,,,,1.821,3.988,1.982,,,,,,,,0.0966,,,2025-10-28,quarterly,0.9,USD,pre-market,39600000,,0.0663,0.214,0.036,35.77,241878000,,,,54.63,66.29,12.5,,,,,,,952716000,,20.65,,74.41,36.93
2025-12-28,FLS,3.44,4687417000.0,20.65,,1.312,17.69,,,,,,,,,,,,,,,None,663143000,663143000,,,,,,None,28723000,,0.84,0.0118,,,,2.795,0.1,43271000,71994000,0.8,2018-06-30,18.21,,1578785000.0,309986000,28332000,13545000,,,None,14939000,None,,None,,,,,13220000,13457000,None,None,0.136,,226579000,83407000,,,,,-4770000,,,,,1.821,3.988,1.982,,,,,,,,0.0966,,,2025-10-28,quarterly,0.9,USD,pre-market,39600000,,0.0663,0.214,0.036,35.77,240791000,,,,54.63,66.29,12.5,,,,,,,973129000,,20.65,,74.41,36.93
2025-12-28,FLS,3.44,4687417000.0,20.65,,1.312,17.69,,,,,,,,,,,,,,,None,641365000,641365000,,,,,,None,28913000,,0.84,0.0118,,,,2.795,0.1,39909000,68822000,0.8,2018-03-31,18.21,,1578785000.0,278589000,25030000,8571000,,,None,14879000,None,,None,,,,,15143000,14820000,None,None,0.136,,224858000,53731000,,,,,-7155000,,,,,1.821,3.988,1.982,,,,,,,,0.0966,,,2025-10-28,quarterly,0.9,USD,pre-market,39600000,,0.0663,0.214,0.036,35.77,229176000,,,,54.63,66.29,12.5,,,,,,,919954000,,20.65,,74.41,36.93
2025-12-28,FLS,3.44,4687417000.0,20.65,,1.312,17.69,,,,,,,,,,,,,,,None,717000000,717000000,,,,,,None,30510000,,0.84,0.0118,,,,2.795,0.1,81996000,112506000,0.8,2017-12-31,18.21,,1578785000.0,317069000,66955000,172843000,,,None,15041000,None,,None,,,,,-105882000,-106943000,None,None,0.136,,225501000,91568000,,,,,-4510000,,,,,1.821,3.988,1.982,,,,,,,,0.0966,,,2025-10-28,quarterly,0.9,USD,pre-market,38600000,,0.0663,0.214,0.036,35.77,222683000,,,,54.63,66.29,12.5,,,,,,,1034069000,,20.65,,74.41,36.93
2025-12-28,FLS,3.44,4687417000.0,20.65,,1.312,17.69,,,,,,,,,,,,,,,None,601628000,601628000,,,,,,None,30549000,,0.84,0.0118,,,,2.795,0.1,83412000,113961000,0.8,2017-09-30,18.21,,1578785000.0,281752000,68369000,19628000,,,None,15043000,None,,None,,,,,47605000,47633000,None,None,0.136,,203724000,78028000,,,,,8285000,,,,,1.821,3.988,1.982,,,,,,,,0.0966,,,2025-10-28,quarterly,0.9,USD,pre-market,0,,0.0663,0.214,0.036,35.77,206295000,,,,54.63,66.29,12.5,,,,,,,883380000,,20.65,,74.41,36.93
2025-12-28,FLS,3.44,4687417000.0,20.65,,1.312,17.69,,,,,,,,,,,,,,,None,617489000,617489000,,,,,,None,28770000,,0.84,0.0118,,,,2.795,0.1,118023000,146793000,0.8,2017-06-30,18.21,,1578785000.0,259574000,103072000,60887000,,,None,14951000,None,,None,,,,,41878000,41544000,None,None,0.136,,234939000,24635000,,,,,-8761000,,,,,1.821,3.988,1.982,,,,,,,,0.0966,,,2025-10-28,quarterly,0.9,USD,pre-market,0,,0.0663,0.214,0.036,35.77,252800000,,,,54.63,66.29,12.5,,,,,,,877063000,,20.65,,74.41,36.93
2025-12-28,FLS,3.44,4687417000.0,20.65,,1.312,17.69,,,,,,,,,,,,,,,None,594709000,594709000,,,,,,None,28625000,,0.84,0.0118,,,,2.795,0.1,14513000,43138000,0.8,2017-03-31,18.21,,1578785000.0,268947000,21817000,6755000,,,None,14696000,None,,None,,,,,14823000,18665000,None,None,0.136,,216555000,52392000,,,,,-11128000,,,,,1.821,3.988,1.982,,,,,,,,0.0966,,,2025-10-28,quarterly,0.9,USD,pre-market,0,,0.0663,0.214,0.036,35.77,222029000,,,,54.63,66.29,12.5,,,,,,,863626000,,20.65,,74.41,36.93
2025-12-28,FLS,3.44,4687417000.0,20.65,,1.312,17.69,,,,,,,,,,,,,,,None,719259000,719259000,,,,,,None,29453000,,0.84,0.0118,,,,2.795,0.1,109618000,139071000,0.8,2016-12-31,18.21,,1578785000.0,358451000,94464000,27477000,,,None,15155000,None,,None,,,,,65133000,53821000,None,None,0.136,,220403000,138048000,,,,,189000,,,,,1.821,3.988,1.982,,,,,,,,0.0966,,,2025-10-28,quarterly,0.9,USD,pre-market,42800000,,0.0663,0.214,0.036,35.77,228239000,,,,54.63,66.29,12.5,,,,,,,1074648000,,20.65,,74.41,36.93
2025-12-28,FLS,3.44,4687417000.0,20.65,,1.312,17.69,,,,,,,,,,,,,,,None,653388000,653388000,,,,,,None,28887000,,0.84,0.0118,,,,2.795,0.1,17000,28904000,0.8,2016-09-30,18.21,,1578785000.0,290663000,-15124000,4996000,,,None,15141000,None,,None,,,,,-20928000,-21044000,None,None,0.136,,264660000,26003000,,,,,1899000,,,,,1.821,3.988,1.982,,,,,,,,0.0966,,,2025-10-28,quarterly,0.9,USD,pre-market,0,,0.0663,0.214,0.036,35.77,271643000,,,,54.63,66.29,12.5,,,,,,,943334000,,20.65,,74.41,36.93
2025-12-28,FLS,3.44,4687417000.0,20.65,,1.312,17.69,,,,,,,,,,,,,,,None,701508000,701508000,,,,,,None,29784000,,0.84,0.0118,,,,2.795,0.1,112099000,141883000,0.8,2016-06-30,18.21,,1578785000.0,324724000,88110000,25122000,,,None,15274000,None,,None,,,,,54375000,64806000,None,None,0.136,,228529000,98004000,,,,,4735000,,,,,1.821,3.988,1.982,,,,,,,,0.0966,,,2025-10-28,quarterly,0.9,USD,pre-market,0,,0.0663,0.214,0.036,35.77,228529000,,,,54.63,66.29,12.5,,,,,,,1026232000,,20.65,,74.41,36.93
2025-12-28,FLS,3.44,4687417000.0,20.65,,1.312,17.69,,,,,,,,,,,,,,,None,639247000,639247000,,,,,,None,28628000,,0.84,0.0118,,,,2.795,0.1,81076000,109704000,0.8,2016-03-31,18.21,,1578785000.0,308001000,55975000,17691000,,,None,14568000,None,,None,,,,,33868000,37608000,None,None,0.136,,236910000,74410000,,,,,-4543000,,,,,1.821,3.988,1.982,,,,,,,,0.0966,,,2025-10-28,quarterly,0.9,USD,pre-market,0,,0.0663,0.214,0.036,35.77,236910000,,,,54.63,66.29,12.5,,,,,,,947248000,,20.65,,74.41,36.93
2025-12-28,FLS,3.44,4687417000.0,20.65,,1.312,17.69,,,,,,,,,,,,,,,None,889942000,889942000,,,,,,None,27517000,,0.84,0.0118,,,,2.795,0.1,169895000,197412000,0.8,2015-12-31,18.21,,1578785000.0,397746000,109859000,37397000,,,None,17558000,None,,None,,,,,71375000,71902000,None,None,0.136,,264574000,136765000,,,,,-9909000,,,,,1.821,3.988,1.982,,,,,,,,0.0966,,,2025-10-28,quarterly,0.9,USD,pre-market,45900000,,0.0663,0.214,0.036,35.77,264574000,,,,54.63,66.29,12.5,,,,,,,1287688000,,20.65,,74.41,36.93
2025-12-28,FLS,3.44,4687417000.0,20.65,,1.312,17.69,,,,,,,,,,,,,,,None,707726000,707726000,,,,,,None,32467000,,0.84,0.0118,,,,2.795,0.1,166916000,199383000,0.8,2015-09-30,18.21,,1578785000.0,388750000,146635000,52099000,,,None,16283000,None,,None,,,,,93626000,94037000,None,None,0.136,,223516000,167849000,,,,,-5430000,,,,,1.821,3.988,1.982,,,,,,,,0.0966,,,2025-10-28,quarterly,0.9,USD,pre-market,0,,0.0663,0.214,0.036,35.77,223516000,,,,54.63,66.29,12.5,,,,,,,1096476000,,20.65,,74.41,36.93
2025-12-28,FLS,3.44,4687417000.0,20.65,,1.312,17.69,,,,,,,,,,,,,,,None,793155000,793155000,,,,,,None,33259000,,0.84,0.0118,,,,2.795,0.1,157525000,190784000,0.8,2015-06-30,18.21,,1578785000.0,369092000,107552000,30920000,,,None,15392000,None,,None,,,,,75011000,76383000,None,None,0.136,,243594000,127577000,,,,,-4882000,,,,,1.821,3.988,1.982,,,,,,,,0.0966,,,2025-10-28,quarterly,0.9,USD,pre-market,0,,0.0663,0.214,0.036,35.77,243594000,,,,54.63,66.29,12.5,,,,,,,1162247000,,20.65,,74.41,36.93
2025-12-28,FLS,3.44,4687417000.0,20.65,,1.312,17.69,,,,,,,,,,,,,,,None,682890000,682890000,,,,,,None,33844000,,0.84,0.0118,,,,2.795,0.1,113067000,146911000,0.8,2015-03-31,18.21,,1578785000.0,331730000,58151000,28506000,,,None,16037000,None,,None,,,,,27669000,28887000,None,None,0.136,,239927000,93376000,,,,,-19946000,,,,,1.821,3.988,1.982,,,,,,,,0.0966,,,2025-10-28,quarterly,0.9,USD,pre-market,0,,0.0663,0.214,0.036,35.77,239927000,,,,54.63,66.29,12.5,,,,,,,1014620000,,20.65,,74.41,36.93
2025-12-28,FLS,3.44,4687417000.0,20.65,,1.312,17.69,,,,,,,,,,,,,,,None,895659000,895659000,,,,,,None,26974000,,0.84,0.0118,,,,2.795,0.1,233900000,260874000,0.8,2014-12-31,18.21,,1578785000.0,485700000,227305000,66772000,,,None,15016000,None,,None,,,,,159019000,160090000,None,None,0.136,,251623000,238750000,,,,,3129000,,,,,1.821,3.988,1.982,,,,,,,,0.0966,,,2025-10-28,quarterly,0.9,USD,pre-market,40900000,,0.0663,0.214,0.036,35.77,251623000,,,,54.63,66.29,12.5,,,,,,,1381359000,,20.65,,74.41,36.93
2025-12-28,FLS,3.44,4687417000.0,20.65,,1.312,17.69,,,,,,,,,,,,,,,None,782522000,782522000,,,,,,None,27660000,,0.84,0.0118,,,,2.795,0.1,190618000,218278000,0.8,2014-09-30,18.21,,1578785000.0,421490000,183325000,52725000,,,None,15130000,None,,None,,,,,128565000,130200000,None,None,0.136,,230872000,192443000,,,,,5612000,,,,,1.821,3.988,1.982,,,,,,,,0.0966,,,2025-10-28,quarterly,0.9,USD,pre-market,0,,0.0663,0.214,0.036,35.77,230872000,,,,54.63,66.29,12.5,,,,,,,1204012000,,20.65,,74.41,36.93
2025-12-28,FLS,3.44,4687417000.0,20.65,,1.312,17.69,,,,,,,,,,,,,,,None,794072000,794072000,,,,,,None,28280000,,0.84,0.0118,,,,2.795,0.1,192128000,220408000,0.8,2014-06-30,18.21,,1578785000.0,430306000,175959000,50794000,,,None,15027000,None,,None,,,,,123516000,124658000,None,None,0.136,,238178000,194315000,,,,,-3836000,,,,,1.821,3.988,1.982,,,,,,,,0.0966,,,2025-10-28,quarterly,0.9,USD,pre-market,0,,0.0663,0.214,0.036,35.77,238178000,,,,54.63,66.29,12.5,,,,,,,1224378000,,20.65,,74.41,36.93
2025-12-28,FLS,3.44,4687417000.0,20.65,,1.312,17.69,,,,,,,,,,,,,,,None,691014000,691014000,,,,,,None,27363000,,0.84,0.0118,,,,2.795,0.1,152955000,180318000,0.8,2014-03-31,18.21,,1578785000.0,377122000,146603000,38015000,,,None,15149000,None,,None,,,,,107737000,108257000,None,None,0.136,,216227000,164326000,,,,,-2905000,,,,,1.821,3.988,1.982,,,,,,,,0.0966,,,2025-10-28,quarterly,0.9,USD,pre-market,0,,0.0663,0.214,0.036,35.77,216227000,,,,54.63,66.29,12.5,,,,,,,1068136000,,20.65,,74.41,36.93
2025-12-28,FLS,3.44,4687417000.0,20.65,,1.312,17.69,,,,,,,,,,,,,,,None,918969000,918969000,,,,,,None,27808000,,0.84,0.0118,,,,2.795,0.1,220620000,248428000,0.8,2013-12-31,18.21,,1578785000.0,470471000,191696000,49703000,,,None,16151000,None,,None,,,,,141084000,141441000,None,None,0.136,,260551000,212894000,,,,,-5601000,,,,,1.821,3.988,1.982,,,,,,,,0.0966,,,2025-10-28,quarterly,0.9,USD,pre-market,37800000,,0.0663,0.214,0.036,35.77,260551000,,,,54.63,66.29,12.5,,,,,,,1389440000,,20.65,,74.41,36.93
2025-12-28,FLS,3.44,4687417000.0,20.65,,1.312,17.69,,,,,,,,,,,,,,,None,806318000,806318000,,,,,,None,26961000,,0.84,0.0118,,,,2.795,0.1,191170000,218131000,0.8,2013-09-30,18.21,,1578785000.0,422739000,182400000,55870000,,,None,13046000,None,,None,,,,,126274000,126205000,None,None,0.136,,231569000,193388000,,,,,1733000,,,,,1.821,3.988,1.982,,,,,,,,0.0966,,,2025-10-28,quarterly,0.9,USD,pre-market,0,,0.0663,0.214,0.036,35.77,231569000,,,,54.63,66.29,12.5,,,,,,,1229057000,,20.65,,74.41,36.93
2025-12-28,FLS,3.44,4687417000.0,20.65,,1.312,17.69,,,,,,,,,,,,,,,None,817950000,817950000,,,,,,None,26413000,,0.84,0.0118,,,,2.795,0.1,184414000,210827000,0.8,2013-06-30,18.21,,1578785000.0,421576000,171289000,50395000,,,None,13125000,None,,None,,,,,120389000,120617000,None,None,0.136,,240200000,183521000,,,,,616000,,,,,1.821,3.988,1.982,,,,,,,,0.0966,,,2025-10-28,quarterly,0.9,USD,pre-market,0,,0.0663,0.214,0.036,35.77,240200000,,,,54.63,66.29,12.5,,,,,,,1239526000,,20.65,,74.41,36.93
2025-12-28,FLS,3.44,4687417000.0,20.65,,1.312,17.69,,,,,,,,,,,,,,,None,723288000,723288000,,,,,,None,25210000,,0.84,0.0118,,,,2.795,0.1,159725000,184935000,0.8,2013-03-31,18.21,,1578785000.0,373308000,147633000,48733000,,,None,12092000,None,,None,,,,,97792000,98626000,None,None,0.136,,234509000,170479000,,,,,-11028000,,,,,1.821,3.988,1.982,,,,,,,,0.0966,,,2025-10-28,quarterly,0.9,USD,pre-market,0,,0.0663,0.214,0.036,35.77,234509000,,,,54.63,66.29,12.5,,,,,,,1096596000,,20.65,,74.41,36.93
2025-12-28,FLS,3.44,4687417000.0,20.65,,1.312,17.69,,,,,,,,,,,,,,,None,880649000,880649000,,,,,,None,26448000,,0.84,0.0118,,,,2.795,0.1,203484000,229932000,0.8,2012-12-31,18.21,,1578785000.0,447562000,189840000,47902000,,,None,13644000,None,,None,,,,,141602000,141711000,None,None,0.136,,248547000,215967000,,,,,505000,,,,,1.821,3.988,1.982,,,,,,,,0.0966,,,2025-10-28,quarterly,0.9,USD,pre-market,38900000,,0.0663,0.214,0.036,35.77,248547000,,,,54.63,66.29,12.5,,,,,,,1328211000,,20.65,,74.41,36.93
2025-12-28,FLS,3.44,4687417000.0,20.65,,1.312,17.69,,,,,,,,,,,,,,,None,776319000,776319000,,,,,,None,26266000,,0.84,0.0118,,,,2.795,0.1,156747000,183013000,0.8,2012-09-30,18.21,,1578785000.0,389604000,144603000,37769000,,,None,12144000,None,,None,,,,,106300000,106626000,None,None,0.136,,227797000,161807000,,,,,-9167000,,,,,1.821,3.988,1.982,,,,,,,,0.0966,,,2025-10-28,quarterly,0.9,USD,pre-market,0,,0.0663,0.214,0.036,35.77,227797000,,,,54.63,66.29,12.5,,,,,,,1165923000,,20.65,,74.41,36.93
2025-12-28,FLS,3.44,4687417000.0,20.65,,1.312,17.69,,,,,,,,,,,,,,,None,797623000,797623000,,,,,,None,27482000,,0.84,0.0118,,,,2.795,0.1,156289000,183771000,0.8,2012-06-30,18.21,,1578785000.0,384602000,148065000,39580000,,,None,8922000,None,,None,,,,,107320000,108248000,None,None,0.136,,219806000,164796000,,,,,-8046000,,,,,1.821,3.988,1.982,,,,,,,,0.0966,,,2025-10-28,quarterly,0.9,USD,pre-market,0,,0.0663,0.214,0.036,35.77,223892000,,,,54.63,66.29,12.5,,,,,,,1182225000,,20.65,,74.41,36.93
2025-12-28,FLS,3.44,4687417000.0,20.65,,1.312,17.69,,,,,,,,,,,,,,,None,715797000,715797000,,,,,,None,27030000,,0.84,0.0118,,,,2.795,0.1,138564000,165594000,0.8,2012-03-31,18.21,,1578785000.0,359183000,129057000,35515000,,,None,8809000,None,,None,,,,,93129000,93260000,None,None,0.136,,221889000,142523000,,,,,-4939000,,,,,1.821,3.988,1.982,,,,,,,,0.0966,,,2025-10-28,quarterly,0.9,USD,pre-market,0,,0.0663,0.214,0.036,35.77,221889000,,,,54.63,66.29,12.5,,,,,,,1074980000,,20.65,,74.41,36.93
2025-12-28,FLS,3.44,4687417000.0,20.65,,1.312,17.69,,,,,,,,,,,,,,,None,845402000,845402000,,,,,,None,27449000,,0.84,0.0118,,,,2.795,0.1,189669000,217118000,0.8,2011-12-31,18.21,,1578785000.0,420027000,180172000,54616000,,,None,9497000,None,,None,,,,,125098000,125073000,None,None,0.136,,226665000,193362000,,,,,-4174000,,,,,1.821,3.988,1.982,,,,,,,,0.0966,,,2025-10-28,quarterly,0.9,USD,pre-market,35000000,,0.0663,0.214,0.036,35.77,232462000,,,,54.63,66.29,12.5,,,,,,,1265429000,,20.65,,74.41,36.93
2025-12-28,FLS,3.44,4687417000.0,20.65,,1.312,17.69,,,,,,,,,,,,,,,None,745227000,745227000,,,,,,None,26149000,,0.84,0.0118,,,,2.795,0.1,149282000,175431000,0.8,2011-09-30,18.21,,1578785000.0,376586000,140008000,32052000,,,None,8544000,None,,None,,,,,107771000,107740000,None,None,0.136,,221629000,154957000,,,,,-6621000,,,,,1.821,3.988,1.982,,,,,,,,0.0966,,,2025-10-28,quarterly,0.9,USD,pre-market,0,,0.0663,0.214,0.036,35.77,225996000,,,,54.63,66.29,12.5,,,,,,,1121813000,,20.65,,74.41,36.93
2025-12-28,FLS,3.44,4687417000.0,20.65,,1.312,17.69,,,,,,,,,,,,,,,None,756414000,756414000,,,,,,None,26096000,,0.84,0.0118,,,,2.795,0.1,147934000,174030000,0.8,2011-06-30,18.21,,1578785000.0,369338000,136951000,38227000,,,None,9534000,None,,None,,,,,98732000,98330000,None,None,0.136,,232983000,140106000,,,,,5985000,,,,,1.821,3.988,1.982,,,,,,,,0.0966,,,2025-10-28,quarterly,0.9,USD,pre-market,0,,0.0663,0.214,0.036,35.77,232983000,,,,54.63,66.29,12.5,,,,,,,1125752000,,20.65,,74.41,36.93
2025-12-28,FLS,3.44,4687417000.0,20.65,,1.312,17.69,,,,,,,,,,,,,,,None,649512000,649512000,,,,,,None,25127000,,0.84,0.0118,,,,2.795,0.1,139230000,164357000,0.8,2011-03-31,18.21,,1578785000.0,347695000,130625000,33629000,,,None,8605000,None,,None,,,,,96982000,96507000,None,None,0.136,,217442000,130253000,,,,,8488000,,,,,1.821,3.988,1.982,,,,,,,,0.0966,,,2025-10-28,quarterly,0.9,USD,pre-market,0,,0.0663,0.214,0.036,35.77,222639000,,,,54.63,66.29,12.5,,,,,,,997207000,,20.65,,74.41,36.93
2025-12-28,FLS,3.44,4687417000.0,20.65,,1.312,17.69,,,,,,,,,,,,,,,None,755833000,755833000,,,,,,None,29375000,,0.84,0.0118,,,,2.795,0.1,161268000,190643000,0.8,2010-12-31,18.21,,1578785000.0,384520000,152909000,40463000,,,None,8359000,None,,None,,,,,112503000,112042000,None,None,0.136,,224679000,163953000,,,,,-3090000,,,,,1.821,3.988,1.982,,,,,,,,0.0966,,,2025-10-28,quarterly,0.9,USD,pre-market,29500000,,0.0663,0.214,0.036,35.77,224679000,,,,54.63,66.29,12.5,,,,,,,1140353000,,20.65,,74.41,36.93
2025-12-28,FLS,3.44,4687417000.0,20.65,,1.312,17.69,,,,,,,,,,,,,,,None,638183000,638183000,,,,,,None,24689000,,0.84,0.0118,,,,2.795,0.1,148204000,172893000,0.8,2010-09-30,18.21,,1578785000.0,333498000,139938000,35713000,,,None,8266000,None,,None,,,,,103919000,103795000,None,None,0.136,,204302000,129196000,,,,,18578000,,,,,1.821,3.988,1.982,,,,,,,,0.0966,,,2025-10-28,quarterly,0.9,USD,pre-market,0,,0.0663,0.214,0.036,35.77,207741000,,,,54.63,66.29,12.5,,,,,,,971681000,,20.65,,74.41,36.93
2025-12-28,FLS,3.44,4687417000.0,20.65,,1.312,17.69,,,,,,,,,,,,,,,None,617731000,617731000,,,,,,None,23519000,,0.84,0.0118,,,,2.795,0.1,134131000,157650000,0.8,2010-06-30,18.21,,1578785000.0,343365000,125449000,33645000,,,None,8682000,None,,None,,,,,91647000,91398000,None,None,0.136,,201330000,146029000,,,,,-12304000,,,,,1.821,3.988,1.982,,,,,,,,0.0966,,,2025-10-28,quarterly,0.9,USD,pre-market,0,,0.0663,0.214,0.036,35.77,201330000,,,,54.63,66.29,12.5,,,,,,,961096000,,20.65,,74.41,36.93
2025-12-28,FLS,3.44,4687417000.0,20.65,,1.312,17.69,,,,,,,,,,,,,,,None,610596000,610596000,,,,,,None,23711000,,0.84,0.0118,,,,2.795,0.1,120975000,144686000,0.8,2010-03-31,18.21,,1578785000.0,348310000,111980000,31775000,,,None,8995000,None,,None,,,,,80220000,79871000,None,None,0.136,,211240000,142174000,,,,,-21533000,,,,,1.821,3.988,1.982,,,,,,,,0.0966,,,2025-10-28,quarterly,0.9,USD,pre-market,0,,0.0663,0.214,0.036,35.77,211240000,,,,54.63,66.29,12.5,,,,,,,958906000,,20.65,,74.41,36.93
2025-12-28,FLS,3.44,4687417000.0,20.65,,1.312,17.69,,,,,,,,,,,,,,,None,790240000,790240000,,,,,,None,24630000,,0.84,0.0118,,,,2.795,0.1,157974000,182604000,0.8,2009-12-31,18.21,,1578785000.0,408833000,148128000,37867000,,,None,9846000,None,,None,,,,,110418000,0,None,None,0.136,,250531000,162420000,,,,,None,,,,,1.821,3.988,1.982,,,,,,,,0.0966,,,2025-10-28,quarterly,0.9,USD,pre-market,29400000,,0.0663,0.214,0.036,35.77,250531000,,,,54.63,66.29,12.5,,,,,,,1199073000,,20.65,,74.41,36.93
2025-12-28,FLS,3.44,4687417000.0,20.65,,1.312,17.69,,,,,,,,,,,,,,,None,665859000,665859000,,,,,,None,23706000,,0.84,0.0118,,,,2.795,0.1,168764000,192470000,0.8,2009-09-30,18.21,,1578785000.0,385205000,158645000,42006000,,,None,10119000,None,,None,,,,,116944000,116077000,None,None,0.136,,227265000,161205000,,,,,6997000,,,,,1.821,3.988,1.982,,,,,,,,0.0966,,,2025-10-28,quarterly,0.9,USD,pre-market,0,,0.0663,0.214,0.036,35.77,227265000,,,,54.63,66.29,12.5,,,,,,,1051064000,,20.65,,74.41,36.93
2025-12-28,FLS,3.44,4687417000.0,20.65,,1.312,17.69,,,,,,,,,,,,,,,None,704078000,704078000,,,,,,None,26534000,,0.84,0.0118,,,,2.795,0.1,159139000,185673000,0.8,2009-06-30,18.21,,1578785000.0,386321000,149208000,40604000,,,None,9931000,None,,None,,,,,108218000,108147000,None,None,0.136,,231345000,158753000,,,,,-71000,,,,,1.821,3.988,1.982,,,,,,,,0.0966,,,2025-10-28,quarterly,0.9,USD,pre-market,0,,0.0663,0.214,0.036,35.77,231345000,,,,54.63,66.29,12.5,,,,,,,1090399000,,20.65,,74.41,36.93
2025-12-28,FLS,3.44,4687417000.0,20.65,,1.312,17.69,,,,,,,,,,,,,,,None,656953000,656953000,,,,,,None,20575000,,0.84,0.0118,,,,2.795,0.1,138917000,159492000,0.8,2009-03-31,18.21,,1578785000.0,367773000,128808000,35983000,,,None,10109000,None,,None,,,,,92305000,0,None,None,0.136,,225311000,147137000,,,,,None,,,,,1.821,3.988,1.982,,,,,,,,0.0966,,,2025-10-28,quarterly,0.9,USD,pre-market,0,,0.0663,0.214,0.036,35.77,225311000,,,,54.63,66.29,12.5,,,,,,,1024726000,,20.65,,74.41,36.93
2025-12-28,FLS,3.44,4687417000.0,20.65,,1.312,17.69,,,,,,,,,,,,,,,None,757385000,757385000,,,,,,None,18244000,,0.84,0.0118,,,,2.795,0.1,187516000,205760000,0.8,2008-12-31,18.21,,1578785000.0,411572000,159941000,45509000,,,None,51293000,None,,None,,,,,114432000,0,None,None,0.136,,269574000,158961000,,,,,None,,,,,1.821,3.988,1.982,,,,,,,,0.0966,,,2025-10-28,quarterly,0.9,USD,pre-market,34000000,,0.0663,0.214,0.036,35.77,255701000,,,,54.63,66.29,12.5,,,,,,,1168957000,,20.65,,74.41,36.93
2025-12-28,FLS,3.44,4687417000.0,20.65,,1.312,17.69,,,,,,,,,,,,,,,None,748668000,748668000,,,,,,None,20768000,,0.84,0.0118,,,,2.795,0.1,157619000,178387000,0.8,2008-09-30,18.21,,1578785000.0,404924000,143997000,26948000,,,None,13105000,None,,None,,,,,117049000,0,None,None,0.136,,241284000,163640000,,,,,None,,,,,1.821,3.988,1.982,,,,,,,,0.0966,,,2025-10-28,quarterly,0.9,USD,pre-market,0,,0.0663,0.214,0.036,35.77,244673000,,,,54.63,66.29,12.5,,,,,,,1153592000,,20.65,,74.41,36.93
2025-12-28,FLS,3.44,4687417000.0,20.65,,1.312,17.69,,,,,,,,,,,,,,,None,739635000,739635000,,,,,,None,21339000,,0.84,0.0118,,,,2.795,0.1,174056000,195395000,0.8,2008-06-30,18.21,,1578785000.0,417970000,161029000,38165000,,,None,12732000,None,,None,,,,,122864000,0,None,None,0.136,,246389000,171581000,,,,,None,,,,,1.821,3.988,1.982,,,,,,,,0.0966,,,2025-10-28,quarterly,0.9,USD,pre-market,0,,0.0663,0.214,0.036,35.77,250901000,,,,54.63,66.29,12.5,,,,,,,1157605000,,20.65,,74.41,36.93
2025-12-28,FLS,3.44,4687417000.0,20.65,,1.312,17.69,,,,,,,,,,,,,,,None,647473000,647473000,,,,,,None,21091000,,0.84,0.0118,,,,2.795,0.1,102213000,123304000,0.8,2008-03-31,18.21,,1578785000.0,345846000,125164000,37099000,,,None,12858000,None,,None,,,,,88065000,0,None,None,0.136,,227156000,118690000,,,,,None,,,,,1.821,3.988,1.982,,,,,,,,0.0966,,,2025-10-28,quarterly,0.9,USD,pre-market,0,,0.0663,0.214,0.036,35.77,233128000,,,,54.63,66.29,12.5,,,,,,,993319000,,20.65,,74.41,36.93
2025-12-28,FLS,3.44,4687417000.0,20.65,,1.312,17.69,,,,,,,,,,,,,,,None,743120000,743120000,,,,,,None,21332000,,0.84,0.0118,,,,2.795,0.1,137355000,158687000,0.8,2007-12-31,18.21,,1578785000.0,366249000,128022000,32122000,,,None,60119000,None,,None,,,,,95900000,0,None,None,0.136,,228894000,137355000,,,,,None,,,,,1.821,3.988,1.982,,,,,,,,0.0966,,,2025-10-28,quarterly,0.9,USD,pre-market,40000000,,0.0663,0.214,0.036,35.77,233248000,,,,54.63,66.29,12.5,,,,,,,1109369000,,20.65,,74.41,36.93
2025-12-28,FLS,3.44,4687417000.0,20.65,,1.312,17.69,,,,,,,,,,,,,,,None,605664000,605664000,,,,,,None,19551000,,0.84,0.0118,,,,2.795,0.1,88678000,108229000,0.8,2007-09-30,18.21,,1578785000.0,313583000,95040000,31985000,,,None,15332000,None,,None,,,,,63055000,0,None,None,0.136,,205354000,108229000,,,,,None,,,,,1.821,3.988,1.982,,,,,,,,0.0966,,,2025-10-28,quarterly,0.9,USD,pre-market,0,,0.0663,0.214,0.036,35.77,210135000,,,,54.63,66.29,12.5,,,,,,,919247000,,20.65,,74.41,36.93
2025-12-28,FLS,3.44,4687417000.0,20.65,,1.312,17.69,,,,,,,,,,,,,,,None,628262000,628262000,,,,,,None,19455000,,0.84,0.0118,,,,2.795,0.1,77453000,96908000,0.8,2007-06-30,18.21,,1578785000.0,302415000,83971000,20766000,,,None,15761000,None,,None,,,,,63205000,0,None,None,0.136,,205507000,96908000,,,,,None,,,,,1.821,3.988,1.982,,,,,,,,0.0966,,,2025-10-28,quarterly,0.9,USD,pre-market,0,,0.0663,0.214,0.036,35.77,209537000,,,,54.63,66.29,12.5,,,,,,,930677000,,20.65,,74.41,36.93
2025-12-28,FLS,3.44,4687417000.0,20.65,,1.312,17.69,,,,,,,,,,,,,,,None,537926000,537926000,,,,,,None,19125000,,0.84,0.0118,,,,2.795,0.1,48297000,67422000,0.8,2007-03-31,18.21,,1578785000.0,265474000,53034000,19420000,,,None,14072000,None,,None,,,,,33614000,0,None,None,0.136,,198052000,67422000,,,,,None,,,,,1.821,3.988,1.982,,,,,,,,0.0966,,,2025-10-28,quarterly,0.9,USD,pre-market,0,,0.0663,0.214,0.036,35.77,203582000,,,,54.63,66.29,12.5,,,,,,,803400000,,20.65,,74.41,36.93
2025-12-28,FLS,3.44,4687417000.0,20.65,,1.312,17.69,,,,,,,,,,,,,,,None,590728000,590728000,,,,,,None,18630000,,0.84,0.0118,,,,2.795,0.1,69219000,87849000,0.8,2006-12-31,18.21,,1578785000.0,292862000,57723000,18026000,,,None,65688000,None,,None,,,,,39886000,0,None,None,0.136,,223643000,69219000,,,,,None,,,,,1.821,3.988,1.982,,,,,,,,0.0966,,,2025-10-28,quarterly,0.9,USD,pre-market,29700000,,0.0663,0.214,0.036,35.77,238463000,,,,54.63,66.29,12.5,,,,,,,883590000,,20.65,,74.41,36.93
2025-12-28,FLS,3.44,4687417000.0,20.65,,1.312,17.69,,,,,,,,,,,,,,,None,522427000,522427000,,,,,,None,18662000,,0.84,0.0118,,,,2.795,0.1,61887000,80549000,0.8,2006-09-30,18.21,,1578785000.0,248330000,43818000,16440000,,,None,16385000000,None,,None,,,,,29279000,0,None,None,0.136,,187926000,60404000,,,,,None,,,,,1.821,3.988,1.982,,,,,,,,0.0966,,,2025-10-28,quarterly,0.9,USD,pre-market,0,,0.0663,0.214,0.036,35.77,187926000,,,,54.63,66.29,12.5,,,,,,,770757000,,20.65,,74.41,36.93
2025-12-28,FLS,3.44,4687417000.0,20.65,,1.312,17.69,,,,,,,,,,,,,,,None,501140000,501140000,,,,,,None,17729000,,0.84,0.0118,,,,2.795,0.1,73358000,91087000,0.8,2006-06-30,18.21,,1578785000.0,251719000,61680000,28609000,,,None,20035000,None,,None,,,,,33609000,0,None,None,0.136,,179241000,72478000,,,,,None,,,,,1.821,3.988,1.982,,,,,,,,0.0966,,,2025-10-28,quarterly,0.9,USD,pre-market,0,,0.0663,0.214,0.036,35.77,179241000,,,,54.63,66.29,12.5,,,,,,,752859000,,20.65,,74.41,36.93
2025-12-28,FLS,3.44,4687417000.0,20.65,,1.312,17.69,,,,,,,,,,,,,,,None,501738000,501738000,,,,,,None,17131000,,0.84,0.0118,,,,2.795,0.1,53154000,70285000,0.8,2006-03-31,18.21,,1578785000.0,236772000,-128071000,18934000,,,None,19740000,None,,None,,,,,7849000,0,None,None,0.136,,183618000,53154000,,,,,None,,,,,1.821,3.988,1.982,,,,,,,,0.0966,,,2025-10-28,quarterly,0.9,USD,pre-market,0,,0.0663,0.214,0.036,35.77,183618000,,,,54.63,66.29,12.5,,,,,,,738510000,,20.65,,74.41,36.93
2025-12-28,FLS,3.44,4687417000.0,20.65,,1.312,17.69,,,,,,,,,,,,,,,None,524024000,524024000,,,,,,None,19737000,,0.84,0.0118,,,,2.795,0.1,33555000,53292000,0.8,2005-12-31,18.21,,1578785000.0,208415000,7120000,5774000,,,None,81016000,None,,None,,,,,4417000,0,None,None,0.136,,174860000,33555000,,,,,None,,,,,1.821,3.988,1.982,,,,,,,,0.0966,,,2025-10-28,quarterly,0.9,USD,pre-market,24300000,,0.0663,0.214,0.036,35.77,174860000,,,,54.63,66.29,12.5,,,,,,,732439000,,20.65,,74.41,36.93
2025-12-28,FLS,3.44,4687417000.0,20.65,,1.312,17.69,,,,,,,,,,,,,,,None,438269000,438269000,,,,,,None,17287000,,0.84,0.0118,,,,2.795,0.1,54811000,72098000,0.8,2005-09-30,18.21,,1578785000.0,211216000,9683000,4500000,,,None,18971000,None,,None,,,,,-9950000,0,None,None,0.136,,156405000,54811000,,,,,None,,,,,1.821,3.988,1.982,,,,,,,,0.0966,,,2025-10-28,quarterly,0.9,USD,pre-market,0,,0.0663,0.214,0.036,35.77,156405000,,,,54.63,66.29,12.5,,,,,,,649485000,,20.65,,74.41,36.93
2025-12-28,FLS,3.44,4687417000.0,20.65,,1.312,17.69,,,,,,,,,,,,,,,None,3091985000,3091985000,,,,,,None,85598000,,0.84,0.0118,,,,2.795,0.1,455456000,541054000,0.8,2024-12-31,18.21,,1578785000.0,1465821000,386155000,84929000,,,None,69301000,5371000,,None,,,,,282759000,301226000,-63930000,None,0.136,,950397000,515424000,,,,,None,,,,,1.821,3.988,1.982,,,,,,,,0.0966,,,2025-10-28,annual,0.9,USD,pre-market,69900000,,0.0663,0.214,0.036,35.77,978037000,,,,54.63,66.29,12.5,,,,,,,4557806000,,20.65,,74.41,36.93
2025-12-28,FLS,3.44,4687417000.0,20.65,,1.312,17.69,,,,,,,,,,,,,,,None,3022737000,3022737000,,,,,,None,83747000,,0.84,0.0118,,,,2.795,0.1,290674000,374421000,0.8,2023-12-31,18.21,,1578785000.0,1297840000,223750000,18562000,,,None,66924000,6991000,,None,,,,,186743000,205188000,-59933000,None,0.136,,894044000,403796000,,,,,None,,,,,1.821,3.988,1.982,,,,,,,,0.0966,,,2025-10-28,annual,0.9,USD,pre-market,48700000,,0.0663,0.214,0.036,35.77,961169000,,,,54.63,66.29,12.5,,,,,,,4320577000,,20.65,,74.41,36.93
2025-12-28,FLS,3.44,4687417000.0,20.65,,1.312,17.69,,,,,,,,,,,,,,,None,2620469000,2620469000,,,,,,None,90953000,,0.84,0.0118,,,,2.795,0.1,200623000,291576000,0.8,2022-12-31,18.21,,1578785000.0,994651000,154376000,-43639000,,,None,46247000,42284000,,None,,,,,188689000,198015000,-42284000,None,0.136,,801266000,193385000,,,,,-559000,,,,,1.821,3.988,1.982,,,,,,,,0.0966,,,2025-10-28,annual,0.9,USD,pre-market,39900000,,0.0663,0.214,0.036,35.77,802474000,,,,54.63,66.29,12.5,,,,,,,3615120000,,20.65,,74.41,36.93
2025-12-28,FLS,3.44,4687417000.0,20.65,,1.312,17.69,,,,,,,,,,,,,,,None,2474489000,2474489000,,,,,,None,99822000,,0.84,0.0118,,,,2.795,0.1,191205000,291027000,0.8,2021-12-31,18.21,,1578785000.0,1066570999,133588000,-2594000,,,None,57617000,82253000,,None,,,,,125949000,133418000,-54853000,None,0.136,,781431000,285140000,,,,,-82318000,,,,,1.821,3.988,1.982,,,,,,,,0.0966,,,2025-10-28,annual,0.9,USD,pre-market,34200000,,0.0663,0.214,0.036,35.77,797076000,,,,54.63,66.29,12.5,,,,,,,3541060000,,20.65,,74.41,36.93
2025-12-28,FLS,3.44,4687417000.0,20.65,,1.312,17.69,,,,,,,,,,,,,,,None,2564068000,2564068000,,,,,,None,100753000,,0.84,0.0118,,,,2.795,0.1,258477000,359230000,0.8,2020-12-31,18.21,,1578785000.0,1164066000,202292000,61417000,,,None,56185000,4175000,,None,,,,,130420000,122606000,-53211000,None,0.136,,804953000,359113000,,,,,-10254000,,,,,1.821,3.988,1.982,,,,,,,,0.0966,,,2025-10-28,annual,0.9,USD,pre-market,36100000,,0.0663,0.214,0.036,35.77,878245000,,,,54.63,66.29,12.5,,,,,,,3728134000,,20.65,,74.41,36.93
2025-12-28,FLS,3.44,4687417000.0,20.65,,1.312,17.69,,,,,,,,,,,,,,,None,2633117000,2633117000,,,,,,None,105904000,,0.84,0.0118,,,,2.795,0.1,377413000,483317000,0.8,2019-12-31,18.21,,1578785000.0,1306580000,322433000,80070000,,,None,54980000,8409000,,None,,,,,253668000,253371000,-46571000,None,0.136,,872668000,433912000,,,,,-17619000,,,,,1.821,3.988,1.982,,,,,,,,0.0966,,,2025-10-28,annual,0.9,USD,pre-market,42000000,,0.0663,0.214,0.036,35.77,899813000,,,,54.63,66.29,12.5,,,,,,,3944850000,,20.65,,74.41,36.93
2025-12-28,FLS,3.44,4687417000.0,20.65,,1.312,17.69,,,,,,,,,,,,,,,None,2594432000,2594432000,,,,,,None,112473000,,0.84,0.0118,,,,2.795,0.1,234434000,346907000,0.8,2018-12-31,18.21,,1578785000.0,1238234000,176274000,51224000,,,None,58160000,6465000,,None,,,,,119671000,118585000,-51695000,None,0.136,,928398000,309836000,,,,,-19569000,,,,,1.821,3.988,1.982,,,,,,,,0.0966,,,2025-10-28,annual,0.9,USD,pre-market,39600000,,0.0663,0.214,0.036,35.77,943714000,,,,54.63,66.29,12.5,,,,,,,3832666000,,20.65,,74.41,36.93
2025-12-28,FLS,3.44,4687417000.0,20.65,,1.312,17.69,,,,,,,,,,,,,,,None,2527931000,2527931000,,,,,,None,118454000,,0.84,0.0118,,,,2.795,0.1,322737000,441191000,0.8,2017-12-31,18.21,,1578785000.0,1132900000,263007000,258679000,,,None,59730000,3429000,,None,,,,,2652000,899000,-56301000,None,0.136,,880170000,252730000,,,,,-16114000,,,,,1.821,3.988,1.982,,,,,,,,0.0966,,,2025-10-28,annual,0.9,USD,pre-market,38600000,,0.0663,0.214,0.036,35.77,903864000,,,,54.63,66.29,12.5,,,,,,,3660831000,,20.65,,74.41,36.93
2025-12-28,FLS,3.44,4687417000.0,20.65,,1.312,17.69,,,,,,,,,,,,,,,None,2694342000,2694342000,,,,,,None,116752000,,0.84,0.0118,,,,2.795,0.1,273049000,389801000,0.8,2016-12-31,18.21,,1578785000.0,1297676000,212912000,75286000,,,None,60137000,2804000,,None,,,,,145060000,132728000,-57333000,None,0.136,,872673000,425003000,,,,,2280000,,,,,1.821,3.988,1.982,,,,,,,,0.0966,,,2025-10-28,annual,0.9,USD,pre-market,42800000,,0.0663,0.214,0.036,35.77,965322000,,,,54.63,66.29,12.5,,,,,,,3991462000,,20.65,,74.41,36.93
2025-12-28,FLS,3.44,4687417000.0,20.65,,1.312,17.69,,,,,,,,,,,,,,,None,3013534000,3013534000,,,,,,None,127087000,,0.84,0.0118,,,,2.795,0.1,477637000,604724000,0.8,2015-12-31,18.21,,1578785000.0,1552177000,412367000,148922000,,,None,65270000,39305000,,None,,,,,267669000,271209000,None,None,0.136,,932296000,619881000,,,,,-40167000,,,,,1.821,3.988,1.982,,,,,,,,0.0966,,,2025-10-28,annual,0.9,USD,pre-market,45900000,,0.0663,0.214,0.036,35.77,971611000,,,,54.63,66.29,12.5,,,,,,,4561030000,,20.65,,74.41,36.93
2025-12-28,FLS,3.44,4687417000.0,20.65,,1.312,17.69,,,,,,,,,,,,,,,None,3163268000,3163268000,,,,,,None,110277000,,0.84,0.0118,,,,2.795,0.1,793512000,903789000,0.8,2014-12-31,18.21,,1578785000.0,1714617000,733190000,208305000,,,None,60322000,None,,None,,,,,518824000,523205000,None,None,0.136,,948523000,766094000,,,,,2000000,,,,,1.821,3.988,1.982,,,,,,,,0.0966,,,2025-10-28,annual,0.9,USD,pre-market,40900000,,0.0663,0.214,0.036,35.77,936900000,,,,54.63,66.29,12.5,,,,,,,4877885000,,20.65,,74.41,36.93
2025-12-28,FLS,3.44,4687417000.0,20.65,,1.312,17.69,,,,,,,,,,,,,,,None,3266524000,3266524000,,,,,,None,106392000,,0.84,0.0118,,,,2.795,0.1,745928000,852320000,0.8,2013-12-31,18.21,,1578785000.0,1688095000,693021000,204701000,,,None,54413000,None,,None,,,,,485530000,486889000,None,None,0.136,,966829000,721266000,,,,,-14280000,,,,,1.821,3.988,1.982,,,,,,,,0.0966,,,2025-10-28,annual,0.9,USD,pre-market,37800000,,0.0663,0.214,0.036,35.77,966829000,,,,54.63,66.29,12.5,,,,,,,4954619000,,20.65,,74.41,36.93
2025-12-28,FLS,3.44,4687417000.0,20.65,,1.312,17.69,,,,,,,,,,,,,,,None,3170388000,3170388000,,,,,,None,107226000,,0.84,0.0118,,,,2.795,0.1,655085000,762311000,0.8,2012-12-31,18.21,,1578785000.0,1580951000,611565000,160766000,,,None,43520000,None,,None,,,,,448339000,449845000,None,None,0.136,,932525000,648426000,,,,,-21647000,,,,,1.821,3.988,1.982,,,,,,,,0.0966,,,2025-10-28,annual,0.9,USD,pre-market,38900000,,0.0663,0.214,0.036,35.77,922125000,,,,54.63,66.29,12.5,,,,,,,4751339000,,20.65,,74.41,36.93
2025-12-28,FLS,3.44,4687417000.0,20.65,,1.312,17.69,,,,,,,,,,,,,,,None,2989355000,2989355000,,,,,,None,104821000,,0.84,0.0118,,,,2.795,0.1,623936000,728757000,0.8,2011-12-31,18.21,,1578785000.0,1520846000,587755000,158524000,,,None,36181000,None,,None,,,,,428582000,427650000,None,None,0.136,,914080000,606766000,,,,,3678000,,,,,1.821,3.988,1.982,,,,,,,,0.0966,,,2025-10-28,annual,0.9,USD,pre-market,35000000,,0.0663,0.214,0.036,35.77,914080000,,,,54.63,66.29,12.5,,,,,,,4510201000,,20.65,,74.41,36.93
2025-12-28,FLS,3.44,4687417000.0,20.65,,1.312,17.69,,,,,,,,,,,,,,,None,2607843000,2607843000,,,,,,None,101294000,,0.84,0.0118,,,,2.795,0.1,564578000,665872000,0.8,2010-12-31,18.21,,1578785000.0,1424193000,530277000,141596000,,,None,34301000,None,,None,,,,,388290000,387106000,None,None,0.136,,838490000,585703000,,,,,-18349000,,,,,1.821,3.988,1.982,,,,,,,,0.0966,,,2025-10-28,annual,0.9,USD,pre-market,29500000,,0.0663,0.214,0.036,35.77,844990000,,,,54.63,66.29,12.5,,,,,,,4032036000,,20.65,,74.41,36.93
2025-12-28,FLS,3.44,4687417000.0,20.65,,1.312,17.69,,,,,,,,,,,,,,,None,2775630000,2775630000,,,,,,None,95257000,,0.84,0.0118,,,,2.795,0.1,624796000,720053000,0.8,2009-12-31,18.21,,1578785000.0,1589632000,584791000,156460000,,,None,40005000,None,,None,,,,,427887000,425084000,None,None,0.136,,907851000,681781000,,,,,-7968000,,,,,1.821,3.988,1.982,,,,,,,,0.0966,,,2025-10-28,annual,0.9,USD,pre-market,29400000,,0.0663,0.214,0.036,35.77,934451000,,,,54.63,66.29,12.5,,,,,,,4365262000,,20.65,,74.41,36.93
2025-12-28,FLS,3.44,4687417000.0,20.65,,1.312,17.69,,,,,,,,,,,,,,,None,2893161000,2893161000,,,,,,None,79704000,,0.84,0.0118,,,,2.795,0.1,641427000,721131000,0.8,2008-12-31,18.21,,1578785000.0,1580312000,590134000,147721000,,,None,51293000,None,,None,,,,,442413000,None,None,None,0.136,,984403000,595909000,,,,,None,,,,,1.821,3.988,1.982,,,,,,,,0.0966,,,2025-10-28,annual,0.9,USD,pre-market,34000000,,0.0663,0.214,0.036,35.77,984403000,,,,54.63,66.29,12.5,,,,,,,4473473000,,20.65,,74.41,36.93
2025-12-28,FLS,3.44,4687417000.0,20.65,,1.312,17.69,,,,,,,,,,,,,,,None,2533308000,2533308000,,,,,,None,79640000,,0.84,0.0118,,,,2.795,0.1,420187000,499827000,0.8,2007-12-31,18.21,,1578785000.0,1229386000,360068000,104294000,,,None,60119000,None,,None,,,,,255774000,None,None,None,0.136,,832265000,397121000,,,,,None,,,,,1.821,3.988,1.982,,,,,,,,0.0966,,,2025-10-28,annual,0.9,USD,pre-market,40000000,,0.0663,0.214,0.036,35.77,856501000,,,,54.63,66.29,12.5,,,,,,,3762694000,,20.65,,74.41,36.93
2025-12-28,FLS,3.44,4687417000.0,20.65,,1.312,17.69,,,,,,,,,,,,,,,None,2053761000,2053761000,,,,,,None,70996000,,0.84,0.0118,,,,2.795,0.1,252964000,323960000,0.8,2006-12-31,18.21,,1578785000.0,1007302000,187276000,73238000,,,None,65688000,None,,None,,,,,115032000,None,None,None,0.136,,782503000,224799000,,,,,None,,,,,1.821,3.988,1.982,,,,,,,,0.0966,,,2025-10-28,annual,0.9,USD,pre-market,29700000,,0.0663,0.214,0.036,35.77,782503000,,,,54.63,66.29,12.5,,,,,,,3061063000,,20.65,,74.41,36.93
2025-12-28,FLS,3.44,4687417000.0,20.65,,1.312,17.69,,,,,,,,,,,,,,,None,1837661000,1837661000,,,,,,None,69888000,,0.84,0.0118,,,,2.795,0.1,153594000,223482000,0.8,2005-12-31,18.21,,1578785000.0,857616000,92002000,37092000,,,None,81016000,None,,None,,,,,11835000,None,None,None,0.136,,663226000,194390000,,,,,None,,,,,1.821,3.988,1.982,,,,,,,,0.0966,,,2025-10-28,annual,0.9,USD,pre-market,24300000,,0.0663,0.214,0.036,35.77,623035000,,,,54.63,66.29,12.5,,,,,,,2695277000,,20.65,,74.41,36.93
2025-12-28,FLS,3.44,4687417000.0,20.65,None,1.312,17.69,,189233000,833847000,833847000,,,,,,,,,220991000,131235000,None,1837661000,1837661000,600927000,None,46350000,1394244000,None,None,69888000,,0.84,0.0118,,,,2.795,0.1,153594000,223482000,0.8,2025-09-30,18.21,1343417000,1578785000.0,857616000,92002000,37092000,177533000,177533000,None,81016000,None,847732000,None,None,1435568000,None,None,11835000,None,None,None,0.136,,663226000,194390000,89002000,542705000,None,411337000,None,,,,,1.821,3.988,1.982,,,,,,,,0.0966,,727752000,2025-10-28,quarterly,0.9,USD,pre-market,24300000,4317965000,0.0663,0.214,0.036,35.77,623035000,1671151000,81435000,None,54.63,66.29,12.5,5830314000,3164825000,1504827000,3505880000,2665489000,2001053000,2695277000,2264197000,20.65,None,74.41,36.93
2025-12-28,FLS,3.44,4687417000.0,20.65,None,1.312,17.69,,182279000,629203000,629203000,,,,,,,,,220991000,131599000,None,1837661000,1837661000,573433000,None,44870000,1389172000,None,None,69888000,,0.84,0.0118,,,,2.795,0.1,153594000,223482000,0.8,2025-06-30,18.21,1337747000,1578785000.0,857616000,92002000,37092000,182489000,182489000,None,81016000,None,864532000,None,None,1440676000,None,None,11835000,None,None,None,0.136,,663226000,194390000,121121000,495425000,None,383659000,None,,,,,1.821,3.988,1.982,,,,,,,,0.0966,,721516000,2025-10-28,quarterly,0.9,USD,pre-market,24300000,4125669000,0.0663,0.214,0.036,35.77,623035000,1667825000,78343000,None,54.63,66.29,12.5,5682525000,3004028000,1430382000,3403523000,2678497000,1973141000,2695277000,2223051000,20.65,None,74.41,36.93
2025-12-28,FLS,3.44,4687417000.0,20.65,None,1.312,17.69,,184514000,540804000,540804000,,,,,,,,,220991000,132670000,None,1837661000,1837661000,537827000,None,44197000,1355861000,None,None,69888000,,0.84,0.0118,,,,2.795,0.1,153594000,223482000,0.8,2025-03-31,18.21,1303111000,1578785000.0,857616000,92002000,37092000,184689000,184689000,None,81016000,None,841546000,None,None,1451214000,None,None,11835000,None,None,None,0.136,,663226000,194390000,126696000,481888000,None,369696000,None,,,,,1.821,3.988,1.982,,,,,,,,0.0966,,704233000,2025-10-28,quarterly,0.9,USD,pre-market,24300000,4071710000,0.0663,0.214,0.036,35.77,623035000,1679925000,77886000,None,54.63,66.29,12.5,5483298000,2864907000,1382298000,3354033000,2618391000,1971735000,2695277000,2079771000,20.65,None,74.41,36.93
2025-12-28,FLS,3.44,4687417000.0,20.65,None,1.312,17.69,,183397000,675441000,675441000,,,,,,,,,220991000,132356000,None,1837661000,1837661000,545310000,None,44059000,1275645000,None,None,69888000,,0.84,0.0118,,,,2.795,0.1,153594000,223482000,0.8,2024-12-31,18.21,1286295000,1578785000.0,857616000,92002000,37092000,188604000,188604000,None,81016000,None,837254000,None,None,1460132000,None,None,11835000,None,None,None,0.136,,663226000,194390000,116157000,504236000,None,371055000,None,,,,,1.821,3.988,1.982,,,,,,,,0.0966,,699103000,2025-10-28,quarterly,0.9,USD,pre-market,24300000,4025750000,0.0663,0.214,0.036,35.77,623035000,1687588000,77618000,None,54.63,66.29,12.5,5500821000,2904497000,1468084000,3449109000,2596324000,1981025000,2695277000,2007665000,20.65,None,74.41,36.93
2025-12-28,FLS,3.44,4687417000.0,20.65,None,1.312,17.69,,192211000,611745000,611745000,,,,,,,,,220991000,132247000,None,1837661000,1837661000,572776000,None,66919000,1270682000,None,None,69888000,,0.84,0.0118,,,,2.795,0.1,153594000,223482000,0.8,2024-09-30,18.21,1188609000,1578785000.0,857616000,92002000,37092000,117999000,117999000,None,81016000,None,862477000,None,None,1172771000,None,None,11835000,None,None,None,0.136,,663226000,194390000,124883000,472454000,None,397684000,None,,,,,1.821,3.988,1.982,,,,,,,,0.0966,,672825000,2025-10-28,quarterly,0.9,USD,pre-market,24300000,3976016000,0.0663,0.214,0.036,35.77,623035000,1431901000,100914000,None,54.63,66.29,12.5,5274558000,2869787000,1440366000,3169037000,2404771000,1728671000,2695277000,2054295000,20.65,None,74.41,36.93
2025-12-28,FLS,3.44,4687417000.0,20.65,None,1.312,17.69,,176721000,515083000,515083000,,,,,,,,,220991000,132414999,None,1837661000,1837661000,557145000,None,66439000,1319332000,None,None,69888000,,0.84,0.0118,,,,2.795,0.1,153594000,223482000,0.8,2024-06-30,18.21,1170555000,1578785000.0,857616000,92002000,37092000,117236000,117236000,None,81016000,None,851305000,None,None,1211611000,None,None,11835000,None,None,None,0.136,,663226000,194390000,130095000,457697000,None,385193000,None,,,,,1.821,3.988,1.982,,,,,,,,0.0966,,None,2025-10-28,quarterly,0.9,USD,pre-market,24300000,3945577000,0.0663,0.214,0.036,35.77,623035000,1454771000,98144000,None,54.63,66.29,12.5,5164484000,2815815000,1406340000,3148160000,2348669000,1741820000,2695277000,1970064000,20.65,None,74.41,36.93
2025-12-28,FLS,3.44,4687417000.0,20.65,None,1.312,17.69,,176375000,531981000,531981000,,,,,,,,,220991000,132368000,None,1837661000,1837661000,549515000,None,66428000,1201415000,None,None,69888000,,0.84,0.0118,,,,2.795,0.1,153594000,223482000,0.8,2024-03-31,18.21,1173368000,1578785000.0,857616000,92002000,37092000,119355000,119355000,None,81016000,None,883341000,None,None,1152336000,None,None,11835000,None,None,None,0.136,,663226000,194390000,149840000,547382000,None,382461000,None,,,,,1.821,3.988,1.982,,,,,,,,0.0966,,None,2025-10-28,quarterly,0.9,USD,pre-market,24300000,3900922000,0.0663,0.214,0.036,35.77,623035000,1395139000,98063000,None,54.63,66.29,12.5,5149925000,2766577000,1474176000,3153713000,2383348000,1679537000,2695277000,1953980000,20.65,None,74.41,36.93
2025-12-28,FLS,3.44,4687417000.0,20.65,None,1.312,17.69,,171047000,545678000,545678000,,,,,,,,,220991000,132132000,None,1837661000,1837661000,547824000,None,66243000,1162097000,None,None,69888000,,0.84,0.0118,,,,2.795,0.1,153594000,223482000,0.8,2023-12-31,18.21,1182225000,1578785000.0,857616000,92002000,37092000,122248000,122248000,None,81016000,None,879937000,None,None,1167307000,None,None,11835000,None,None,None,0.136,,663226000,194390000,116065000,453907000,None,389120000,None,,,,,1.821,3.988,1.982,,,,,,,,0.0966,,None,2025-10-28,quarterly,0.9,USD,pre-market,24300000,3854717000,0.0663,0.214,0.036,35.77,623035000,1404597000,98625000,None,54.63,66.29,12.5,5108719000,2703777000,1438576000,3133668000,2404942000,1695092000,2695277000,1936100000,20.65,None,74.41,36.93
2025-12-28,FLS,3.44,4687417000.0,20.65,None,1.312,17.69,,170606000,480458000,480458000,,,,,,,,,220991000,132026000,None,1837661000,1837661000,481337000,None,61213000,1113988000,None,None,69888000,,0.84,0.0118,,,,2.795,0.1,153594000,223482000,0.8,2023-09-30,18.21,1164388000,1578785000.0,857616000,92002000,37092000,122549000,122549000,None,81016000,None,916107000,None,None,1266423000,None,None,11835000,None,None,None,0.136,,663226000,194390000,127972000,461841000,None,339777000,None,,,,,1.821,3.988,1.982,,,,,,,,0.0966,,649107000,2025-10-28,quarterly,0.9,USD,pre-market,24300000,3818392000,0.0663,0.214,0.036,35.77,623035000,1498242000,92912000,None,54.63,66.29,12.5,4965213000,2638525000,1306815000,3051922000,2326688000,1745107000,2695277000,1874107000,20.65,None,74.41,36.93
2025-12-28,FLS,3.44,4687417000.0,20.65,None,1.312,17.69,,178695000,422837000,422837000,,,,,,,,,220991000,131810000,None,1837661000,1837661000,492623000,None,55781000,1115503000,None,None,69888000,,0.84,0.0118,,,,2.795,0.1,153594000,223482000,0.8,2023-06-30,18.21,1177131000,1578785000.0,857616000,92002000,37092000,125216000,125216000,None,81016000,None,914288000,None,None,1245253000,None,None,11835000,None,None,None,0.136,,663226000,194390000,126756000,441520000,None,314408000,None,,,,,1.821,3.988,1.982,,,,,,,,0.0966,,500075000,2025-10-28,quarterly,0.9,USD,pre-market,24300000,3798984000,0.0663,0.214,0.036,35.77,623035000,1479729000,88221000,None,54.63,66.29,12.5,4920015000,2579384000,1292089000,2998005000,2340631000,1705916000,2695277000,1884452000,20.65,-2014932000,74.41,36.93
2025-12-28,FLS,3.44,4687417000.0,20.65,None,1.312,17.69,,183162000,404726000,404726000,,,,,,,,,220991000,131753999,None,1837661000,1837661000,488761000,None,53387000,1136048000,None,None,69888000,,0.84,0.0118,,,,2.795,0.1,153594000,223482000,0.8,2023-03-31,18.21,1173718000,1578785000.0,857616000,92002000,37092000,128258000,128258000,None,81016000,None,882252000,None,None,1209169000,None,None,11835000,None,None,None,0.136,,663226000,194390000,119209000,455309000,None,314626000,None,,,,,1.821,3.988,1.982,,,,,,,,0.0966,,496434000,2025-10-28,quarterly,0.9,USD,pre-market,24300000,3774379000,0.0663,0.214,0.036,35.77,623035000,1445718000,86013000,None,54.63,66.29,12.5,4875749000,2542235000,1321721000,2996052000,2333514000,1674331000,2695277000,1846318000,20.65,-2016517000,74.41,36.93
2025-12-28,FLS,3.44,4687417000.0,20.65,None,1.312,17.69,,187724000,434971000,434971000,,,,,,,,,220991000,131560000,None,1837661000,1837661000,476747000,None,49335000,1102089000,None,None,69888000,,0.84,0.0118,,,,2.795,0.1,153594000,223482000,0.8,2022-12-31,18.21,1168124000,1578785000.0,857616000,92002000,37092000,134503000,134503000,None,81016000,None,803198000,None,None,1224151000,None,None,11835000,None,None,None,0.136,,663226000,194390000,110714000,365517999,None,309529000,None,,,,,1.821,3.988,1.982,,,,,,,,0.0966,,675925000,2025-10-28,quarterly,0.9,USD,pre-market,24300000,3774209000,0.0663,0.214,0.036,35.77,623035000,1461210000,81863000,None,54.63,66.29,12.5,4790634000,2450972000,1243151000,2932027000,2339662000,1688876000,2695277000,1824993000,20.65,-2036882000,74.41,36.93
2025-12-28,FLS,3.44,4687417000.0,20.65,None,1.312,17.69,,186051000,351870000,351870000,,,,,,,,,220991000,131402000,None,1837661000,1837661000,414372000,None,47962000,975388000,None,None,69888000,,0.84,0.0118,,,,2.795,0.1,153594000,223482000,0.8,2022-09-30,18.21,1135538000,1578785000.0,857616000,92002000,37092000,134105000,134105000,None,81016000,None,779449000,None,None,1232248000,None,None,11835000,None,None,None,0.136,,663226000,194390000,117077000,382535000,None,None,None,,,,,1.821,3.988,1.982,,,,,,,,0.0966,,646666000,2025-10-28,quarterly,0.9,USD,pre-market,24300000,3678817000,0.0663,0.214,0.036,35.77,623035000,1466261000,78685000,None,54.63,66.29,12.5,4505988000,2223784000,1091686000,2814229000,2282204000,1722543000,2695277000,1657125000,20.65,None,74.41,36.93
2025-12-28,FLS,3.44,4687417000.0,20.65,None,1.312,17.69,,185733000,458345000,458345000,,,,,,,,,220991000,131245000,None,1837661000,1837661000,433508000,None,46306000,933023000,None,None,69888000,,0.84,0.0118,,,,2.795,0.1,153594000,223482000,0.8,2022-06-30,18.21,1162514000,1578785000.0,857616000,92002000,37092000,139786000,139786000,None,81016000,None,748920000,None,None,1241636000,None,None,11835000,None,None,None,0.136,,663226000,194390000,140639000,374575000,None,341906000,None,,,,,1.821,3.988,1.982,,,,,,,,0.0966,,487299000,2025-10-28,quarterly,0.9,USD,pre-market,24300000,3666935000,0.0663,0.214,0.036,35.77,623035000,1473675000,78459000,None,54.63,66.29,12.5,4582732000,2280927000,1091717000,2828839000,2301805000,1737122000,2695277000,1721403000,20.65,-2037839000,74.41,36.93
2025-12-28,FLS,3.44,4687417000.0,20.65,None,1.312,17.69,,192995000,575795000,575795000,,,,,,,,,220991000,130410000,None,1837661000,1837661000,418719000,None,44616000,930255000,None,None,69888000,,0.84,0.0118,,,,2.795,0.1,153594000,223482000,0.8,2022-03-31,18.21,1186221000,1578785000.0,857616000,92002000,37092000,148461000,148461000,None,81016000,None,722380000,None,None,1251595000,None,None,11835000,None,None,None,0.136,,663226000,194390000,148426000,447175000,None,352698000,None,,,,,1.821,3.988,1.982,,,,,,,,0.0966,,506655000,2025-10-28,quarterly,0.9,USD,pre-market,24300000,3648678000,0.0663,0.214,0.036,35.77,623035000,1489206000,77554000,None,54.63,66.29,12.5,4703011000,2376856000,1147606000,2911956000,2326155000,1764350000,2695277000,1754989000,20.65,-2039900000,74.41,36.93
2025-12-28,FLS,3.44,4687417000.0,20.65,None,1.312,17.69,,199414000,658452000,658452000,,,,,,,,,220991000,130829000,None,1837661000,1837661000,410062000,None,41058000,934808000,None,None,69888000,,0.84,0.0118,,,,2.795,0.1,153594000,223482000,0.8,2021-12-31,18.21,1196479000,1578785000.0,857616000,92002000,37092000,152463000,152463000,None,81016000,None,678287000,None,None,1261770000,None,None,11835000,None,None,None,0.136,,663226000,194390000,117130000,377124000,None,352062000,None,,,,,1.821,3.988,1.982,,,,,,,,0.0966,,709790000,2025-10-28,quarterly,0.9,USD,pre-market,24300000,3691023000,0.0663,0.214,0.036,35.77,623035000,1502242000,73686000,None,54.63,66.29,12.5,4749768000,2388677000,1131805000,2912423000,2361091000,1780618000,2695277000,1804319000,20.65,-2057706000,74.41,36.93
2025-12-28,FLS,3.44,4687417000.0,20.65,None,1.312,17.69,,199622000,1457269000,1457269000,,,,,,,,,220991000,130789000,None,1837661000,1837661000,370977000,None,836618000,946699000,None,None,69888000,,0.84,0.0118,,,,2.795,0.1,153594000,223482000,0.8,2021-09-30,18.21,1202598000,1578785000.0,857616000,92002000,37092000,155994000,155994000,None,81016000,None,698046000,None,None,1272246000,None,None,11835000,None,None,None,0.136,,663226000,194390000,121209000,468153000,None,457964000,None,,,,,1.821,3.988,1.982,,,,,,,,0.0966,,707474000,2025-10-28,quarterly,0.9,USD,pre-market,24300000,3700507000,0.0663,0.214,0.036,35.77,623035000,2308486000,870652000,None,54.63,66.29,12.5,5595916000,3223223000,1908885000,3804683000,2372693000,1895798000,2695277000,1759504000,20.65,-2058168000,74.41,36.93
2025-12-28,FLS,3.44,4687417000.0,20.65,None,1.312,17.69,,208644000,630397000,630397000,,,,,,,,,220991000,130804000,None,1837661000,1837661000,393608000,None,9599000,991782000,None,None,69888000,,0.84,0.0118,,,,2.795,0.1,153594000,223482000,0.8,2021-06-30,18.21,1213103000,1578785000.0,857616000,92002000,37092000,160653000,160653000,None,81016000,None,690145000,None,None,1307149000,None,None,11835000,None,None,None,0.136,,663226000,194390000,128364000,422160999,None,497724000,None,,,,,1.821,3.988,1.982,,,,,,,,0.0966,,-903690000,2025-10-28,quarterly,0.9,USD,pre-market,24300000,3677117000,0.0663,0.214,0.036,35.77,623035000,1525392000,44855000,None,54.63,66.29,12.5,4818669000,2440688000,1069716000,3047977000,2377981000,1978261000,2695277000,1740984000,20.65,-2058279000,74.41,36.93
2025-12-28,FLS,3.44,4687417000.0,20.65,None,1.312,17.69,,204618000,659305000,659305000,,,,,,,,,220991000,131006000,None,1837661000,1837661000,386210000,None,8342000,1004668000,None,None,69888000,,0.84,0.0118,,,,2.795,0.1,153594000,223482000,0.8,2021-03-31,18.21,1209119000,1578785000.0,857616000,92002000,37092000,163236000,163236000,None,81016000,None,672123000,None,None,1307579000,None,None,11835000,None,None,None,0.136,,663226000,194390000,112867000,453595000,None,507970000,None,,,,,1.821,3.988,1.982,,,,,,,,0.0966,,534899000,2025-10-28,quarterly,0.9,USD,pre-market,24300000,3658158000,0.0663,0.214,0.036,35.77,623035000,1520539000,44388000,None,54.63,66.29,12.5,4809638000,2448963000,1083731000,3067852000,2360675000,1984121000,2695277000,1712032000,20.65,-2045937000,74.41,36.93
2025-12-28,FLS,3.44,4687417000.0,20.65,None,1.312,17.69,,211236000,1095274000,1095274000,,,,,,,,,220991000,130995000,None,1837661000,1837661000,440199000,None,8995000,1031196000,None,None,69888000,,0.84,0.0118,,,,2.795,0.1,153594000,223482000,0.8,2020-12-31,18.21,1224886000,1578785000.0,857616000,92002000,37092000,168496000,168496000,None,81016000,None,667228000,None,None,1717911000,None,None,11835000,None,None,None,0.136,,663226000,194390000,110635000,402777000,None,516087000,None,,,,,1.821,3.988,1.982,,,,,,,,0.0966,,556873000,2025-10-28,quarterly,0.9,USD,pre-market,24300000,3656449000,0.0663,0.214,0.036,35.77,623035000,1938142000,43985000,None,54.63,66.29,12.5,5314677000,2904333000,1141633000,3551877000,2410344000,2410244000,2695277000,1732470000,20.65,-2059309000,74.41,36.93
2025-12-28,FLS,3.44,4687417000.0,20.65,None,1.312,17.69,,167982000,921178000,921178000,,,,,,,,,220991000,130900000,None,1837661000,1837661000,428870000,None,8581000,1061027000,None,None,69888000,,0.84,0.0118,,,,2.795,0.1,153594000,223482000,0.8,2020-09-30,18.21,1204609000,1578785000.0,857616000,92002000,37092000,171246000,171246000,None,81016000,None,714489000,None,None,1701082000,None,None,11835000,None,None,None,0.136,,663226000,194390000,109451000,423117000,None,541721000,None,,,,,1.821,3.988,1.982,,,,,,,,0.0966,,551011000,2025-10-28,quarterly,0.9,USD,pre-market,24300000,3625291000,0.0663,0.214,0.036,35.77,623035000,1877645000,43215000,None,54.63,66.29,12.5,5173576000,2806145000,1093582000,3469733000,2367431000,2376151000,2695277000,1673421000,20.65,-2059666000,74.41,36.93
2025-12-28,FLS,3.44,4687417000.0,20.65,None,1.312,17.69,,174383000,561705000,561705000,,,,,,,,,220991000,130730000,None,1837661000,1837661000,428856000,None,9058000,1068530000,None,None,69888000,,0.84,0.0118,,,,2.795,0.1,153594000,223482000,0.8,2020-06-30,18.21,1187735000,1578785000.0,857616000,92002000,37092000,172709000,172709000,None,81016000,None,684431000,None,None,1367478000,None,None,11835000,None,None,None,0.136,,663226000,194390000,115889000,401041000,None,470400000,None,,,,,1.821,3.988,1.982,,,,,,,,0.0966,,541768000,2025-10-28,quarterly,0.9,USD,pre-market,24300000,3643868000,0.0663,0.214,0.036,35.77,623035000,1550919000,44706000,None,54.63,66.29,12.5,4755702000,2430555000,1088738000,3065351000,2325147000,1976613000,2695277000,1662572000,20.65,-2064302000,74.41,36.93
2025-12-28,FLS,3.44,4687417000.0,20.65,None,1.312,17.69,,183872000,622299000,622299000,,,,,,,,,220991000,131573000,None,1837661000,1837661000,425795000,None,8980000,1008806000,None,None,69888000,,0.84,0.0118,,,,2.795,0.1,153594000,223482000,0.8,2020-03-31,18.21,1180264000,1578785000.0,857616000,92002000,37092000,174538000,174538000,None,81016000,None,684113000,None,None,1357108000,None,None,11835000,None,None,None,0.136,,663226000,194390000,110296000,410783000,None,466479000,None,,,,,1.821,3.988,1.982,,,,,,,,0.0966,,550853000,2025-10-28,quarterly,0.9,USD,pre-market,24300000,3661579000,0.0663,0.214,0.036,35.77,623035000,1549960000,45821000,None,54.63,66.29,12.5,4762074000,2425514000,1106031000,3076649000,2336560000,1970618000,2695277000,1659430000,20.65,-2069063000,74.41,36.93
2025-12-28,FLS,3.44,4687417000.0,20.65,None,1.312,17.69,,187631000,670980000,670980000,,,,,,,,,220991000,131667000,None,1837661000,1837661000,447582000,None,11272000,1068452000,None,None,69888000,,0.84,0.0118,,,,2.795,0.1,153594000,223482000,0.8,2019-12-31,18.21,1193010000,1578785000.0,857616000,92002000,37092000,180805000,180805000,None,81016000,None,660837000,None,None,1365977000,None,None,11835000,None,None,None,0.136,,663226000,194390000,105101000,363221000,None,473295000,None,,,,,1.821,3.988,1.982,,,,,,,,0.0966,,572175000,2025-10-28,quarterly,0.9,USD,pre-market,24300000,3695862000,0.0663,0.214,0.036,35.77,623035000,1564880000,47380000,None,54.63,66.29,12.5,4919642000,2505370000,1112888000,3103683000,2414272000,1990795000,2695277000,1790357000,20.65,-2051583000,74.41,36.93
2025-12-28,FLS,3.44,4687417000.0,20.65,None,1.312,17.69,,181881000,547270000,547270000,,,,,,,,,220991000,131846000,None,1837661000,1837661000,398215000,None,9739000,1047747000,None,None,69888000,,0.84,0.0118,,,,2.795,0.1,153594000,223482000,0.8,2019-09-30,18.21,1178248000,1578785000.0,857616000,92002000,37092000,182162000,182162000,None,81016000,None,687239000,None,None,1350265000,None,None,11835000,None,None,None,0.136,,663226000,194390000,113404000,385519999,None,449388000,None,,,,,1.821,3.988,1.982,,,,,,,,0.0966,,575845000,2025-10-28,quarterly,0.9,USD,pre-market,24300000,3651126000,0.0663,0.214,0.036,35.77,623035000,1541885000,44781000,None,54.63,66.29,12.5,4764492000,2395660000,1048196000,2994688000,2368832000,1946492000,2695277000,1744335000,20.65,-2042140000,74.41,36.93
2025-12-28,FLS,3.44,4687417000.0,20.65,None,1.312,17.69,,189673000,596470000,596470000,,,,,,,,,220991000,131754000,None,1837661000,1837661000,402118000,None,71495000,1022164000,None,None,69888000,,0.84,0.0118,,,,2.795,0.1,153594000,223482000,0.8,2019-06-30,18.21,1195116000,1578785000.0,857616000,92002000,37092000,183113000,183113000,None,81016000,None,680898000,None,None,1386475000,None,None,11835000,None,None,None,0.136,,663226000,194390000,109792000,339297000,None,472674000,None,,,,,1.821,3.988,1.982,,,,,,,,0.0966,,590213000,2025-10-28,quarterly,0.9,USD,pre-market,24300000,3607928000,0.0663,0.214,0.036,35.77,623035000,1647643000,107767000,None,54.63,66.29,12.5,4821209000,2409324000,1058871000,3071421000,2411885000,2012550000,2695277000,1726311000,20.65,-2036857000,74.41,36.93
2025-12-28,FLS,3.44,4687417000.0,20.65,None,1.312,17.69,,198122000,637710000,637710000,,,,,,,,,220991000,131532000,None,1837661000,1837661000,398052000,None,72197000,1006232000,None,None,69888000,,0.84,0.0118,,,,2.795,0.1,153594000,223482000,0.8,2019-03-31,18.21,1191706000,1578785000.0,857616000,92002000,37092000,186290000,186290000,None,81016000,None,680191000,None,None,1392238000,None,None,11835000,None,None,None,0.136,,663226000,194390000,112490000,405633000,None,464527000,None,,,,,1.821,3.988,1.982,,,,,,,,0.0966,,587915000,2025-10-28,quarterly,0.9,USD,pre-market,24300000,3575014000,0.0663,0.214,0.036,35.77,623035000,1662557000,110004000,None,54.63,66.29,12.5,4846497000,2436623000,1121431000,3138511000,2409874000,2017080000,2695277000,1686799000,20.65,-2037586000,74.41,36.93
2025-12-28,FLS,3.44,4687417000.0,20.65,None,1.312,17.69,,None,619683000,619683000,,,,,,,,,220991000,131413000,None,1837661000,1837661000,418893000,None,68218000,1021013000,None,None,69888000,,0.84,0.0118,,,,2.795,0.1,153594000,223482000,0.8,2018-12-31,18.21,1197640000,1578785000.0,857616000,92002000,37092000,190550000,190550000,None,81016000,None,633871000,None,None,1414829000,None,None,11835000,None,None,None,0.136,,663226000,194390000,108578000,367055000,None,459693000,None,,,,,1.821,3.988,1.982,,,,,,,,0.0966,,610096000,2025-10-28,quarterly,0.9,USD,pre-market,24300000,3543007000,0.0663,0.214,0.036,35.77,623035000,1483047000,68218000,None,54.63,66.29,12.5,4616277000,2383145000,1080975000,2955497000,2233132000,1874522000,2695277000,1642315000,20.65,-2049404000,74.41,36.93
2025-12-28,FLS,3.44,4687417000.0,20.65,None,1.312,17.69,,None,529942000,529942000,,,,,,,,,220991000,131350000,None,1837661000,1837661000,400281000,None,67269000,1041825000,None,None,69888000,,0.84,0.0118,,,,2.795,0.1,153594000,223482000,0.8,2018-09-30,18.21,1203768000,1578785000.0,857616000,92002000,37092000,195864000,195864000,None,81016000,None,655652000,None,None,1436746000,None,None,11835000,None,None,None,0.136,,663226000,194390000,97248000,398284999,None,497511000,None,,,,,1.821,3.988,1.982,,,,,,,,0.0966,,608739000,2025-10-28,quarterly,0.9,USD,pre-market,24300000,3505051000,0.0663,0.214,0.036,35.77,623035000,1504015000,67269000,0,54.63,66.29,12.5,4605064000,2324667000,1040080000,2974337000,2280397000,1934257000,2695277000,1613039000,20.65,-2049535000,74.41,36.93
2025-12-28,FLS,3.44,4687417000.0,20.65,None,1.312,17.69,,None,517442000,517442000,,,,,,,,,220991000,131226000,None,1837661000,1837661000,428835000,None,69923000,1072932000,None,None,69888000,,0.84,0.0118,,,,2.795,0.1,153594000,223482000,0.8,2018-06-30,18.21,1206877000,1578785000.0,857616000,92002000,37092000,200253000,200253000,None,81016000,None,675325000,None,None,1454947000,None,None,11835000,None,None,None,0.136,,663226000,194390000,107292000,382157000,None,501269000,None,,,,,1.821,3.988,1.982,,,,,,,,0.0966,,625979000,2025-10-28,quarterly,0.9,USD,pre-market,24300000,3502006000,0.0663,0.214,0.036,35.77,623035000,1524870000,69923000,0,54.63,66.29,12.5,4650622000,2372991000,1052855000,3009071000,2277631000,1956216000,2695277000,1621660000,20.65,-2049549000,74.41,36.93
2025-12-28,FLS,3.44,4687417000.0,20.65,None,1.312,17.69,,None,535657000,535657000,,,,,,,,,220991000,131095000,None,1837661000,1837661000,399362000,None,71484000,1061434000,None,None,69888000,,0.84,0.0118,,,,2.795,0.1,153594000,223482000,0.8,2018-03-31,18.21,1231761000,1578785000.0,857616000,92002000,37092000,208690000,208690000,None,81016000,None,701847000,None,None,1501423000,None,None,11835000,None,None,None,0.136,,663226000,194390000,112375000,405209000,None,512385000,None,,,,,1.821,3.988,1.982,,,,,,,,0.0966,,668456000,2025-10-28,quarterly,0.9,USD,pre-market,24300000,3514296000,0.0663,0.214,0.036,35.77,623035000,1572907000,71484000,0,54.63,66.29,12.5,4770316000,2411313000,1052961000,3066769000,2359003000,2013808000,2695277000,1685227000,20.65,-2051020000,74.41,36.93
2025-12-28,FLS,3.44,4687417000.0,20.65,None,1.312,17.69,,None,703445000,703445000,,,,,,,,,220991000,131180000,None,1837661000,1837661000,443113000,None,75599000,856711000,None,None,69888000,,0.84,0.0118,,,,2.795,0.1,153594000,223482000,0.8,2017-12-31,18.21,1218188000,1578785000.0,857616000,92002000,37092000,210049000,210049000,None,81016000,None,884273000,None,None,1499658000,None,None,11835000,None,None,None,0.136,,663226000,194390000,226143000,403966000,None,496954000,None,,,,,1.821,3.988,1.982,,,,,,,,0.0966,,671796000,2025-10-28,quarterly,0.9,USD,pre-market,24300000,3503947000,0.0663,0.214,0.036,35.77,623035000,1575257000,75599000,0,54.63,66.29,12.5,4910474000,2558745000,1242908000,3239520000,2351729000,1996612000,2695277000,1654587000,20.65,-2059558000,74.41,36.93
2025-12-28,FLS,3.44,4687417000.0,20.65,None,1.312,17.69,,None,502143000,502143000,,,,,,,,,220991000,131396000,None,1837661000,1837661000,360844000,None,80635000,851246000,None,None,69888000,,0.84,0.0118,,,,2.795,0.1,153594000,223482000,0.8,2017-09-30,18.21,1211544000,1578785000.0,857616000,92002000,37092000,212425000,212425000,None,81016000,None,951598000,None,None,1506057000,None,None,11835000,None,None,None,0.136,,663226000,194390000,265520000,706838000,None,412137000,None,,,,,1.821,3.988,1.982,,,,,,,,0.0966,,673555000,2025-10-28,quarterly,0.9,USD,pre-market,24300000,3634750000,0.0663,0.214,0.036,35.77,623035000,1586692000,80635000,0,54.63,66.29,12.5,4834140000,2439010000,1148317000,3066511000,2395130000,1918194000,2695277000,1748688000,20.65,-2061054000,74.41,36.93
2025-12-28,FLS,3.44,4687417000.0,20.65,None,1.312,17.69,,None,505161000,505161000,,,,,,,,,220991000,131341000,None,1837661000,1837661000,367347000,None,1590827000,832036000,None,None,69888000,,0.84,0.0118,,,,2.795,0.1,153594000,223482000,0.8,2017-06-30,18.21,1202156000,1578785000.0,857616000,92002000,37092000,214929000,214929000,None,81016000,None,941816000,None,None,1500988000,None,None,11835000,None,None,None,0.136,,663226000,194390000,270588000,689137000,None,422016000,None,,,,,1.821,3.988,1.982,,,,,,,,0.0966,,678907000,2025-10-28,quarterly,0.9,USD,pre-market,24300000,3612173000,0.0663,0.214,0.036,35.77,623035000,1590827000,89839000,0,54.63,66.29,12.5,4795115000,2415555000,1146323000,3069327000,2379560000,1923004000,2695277000,1703992000,20.65,-2061345000,74.41,36.93
2025-12-28,FLS,3.44,4687417000.0,20.65,None,1.312,17.69,,None,325783000,325783000,,,,,,,,,220991000,131275000,None,1837661000,1837661000,354566000,None,90632000,844597000,None,None,69888000,,0.84,0.0118,,,,2.795,0.1,153594000,223482000,0.8,2017-03-31,18.21,1211153000,1578785000.0,857616000,92002000,37092000,216724000,216724000,None,81016000,None,957120000,None,None,1477549000,None,None,11835000,None,None,None,0.136,,663226000,194390000,306357000,654025000,None,415844000,None,,,,,1.821,3.988,1.982,,,,,,,,0.0966,,715563000,2025-10-28,quarterly,0.9,USD,pre-market,24300000,3624907000,0.0663,0.214,0.036,35.77,623035000,1568181000,90632000,0,54.63,66.29,12.5,4696831000,2282133000,1099223000,2994968000,2414698000,1895745000,2695277000,1680374000,20.65,-2063085000,74.41,36.93
2025-12-28,FLS,3.44,4687417000.0,20.65,None,1.312,17.69,,None,367162000,367162000,,,,,,,,,220991000,130562000,None,1837661000,1837661000,412087000,None,85365000,894749000,None,None,69888000,,0.84,0.0118,,,,2.795,0.1,153594000,223482000,0.8,2016-12-31,18.21,1205054000,1578785000.0,857616000,92002000,37092000,214528000,214528000,None,81016000,None,919251000,None,None,1485258000,None,None,11835000,None,None,None,0.136,,663226000,194390000,299716000,388523000,None,407839000,None,,,,,1.821,3.988,1.982,,,,,,,,0.0966,,724805000,2025-10-28,quarterly,0.9,USD,pre-market,24300000,3632163000,0.0663,0.214,0.036,35.77,623035000,1570623000,85365000,0,54.63,66.29,12.5,4742762000,2331361000,1178141000,3073567000,2411402000,1895426000,2695277000,1648234000,20.65,-2078527000,74.41,36.93
2025-12-28,FLS,3.44,4687417000.0,20.65,None,1.312,17.69,,None,260870000,260870000,,,,,,,,,220991000,130299000,None,1837661000,1837661000,394600000,None,75211000,896755000,None,None,69888000,,0.84,0.0118,,,,2.795,0.1,153594000,223482000,0.8,2016-09-30,18.21,1229817000,1578785000.0,857616000,92002000,37092000,219280000,219280000,None,81016000,None,1038944000,None,None,1535678000,None,None,11835000,None,None,None,0.136,,663226000,194390000,370810000,731928000,None,402645000,None,,,,,1.821,3.988,1.982,,,,,,,,0.0966,,750128000,2025-10-28,quarterly,0.9,USD,pre-market,24300000,3591867000,0.0663,0.214,0.036,35.77,623035000,1610889000,75211000,0,54.63,66.29,12.5,4853602000,2382880000,1201739000,3140062000,2470722000,1938323000,2695277000,1694421000,20.65,-2078439000,74.41,36.93
2025-12-28,FLS,3.44,4687417000.0,20.65,None,1.312,17.69,,None,266013000,266013000,,,,,,,,,220991000,130910000,None,1837661000,1837661000,417218000,None,70656000,945966000,None,None,69888000,,0.84,0.0118,,,,2.795,0.1,153594000,223482000,0.8,2016-06-30,18.21,1227218000,1578785000.0,857616000,92002000,37092000,222412000,222412000,None,81016000,None,1057967000,None,None,1543557000,None,None,11835000,None,None,None,0.136,,663226000,194390000,153416000,750728000,None,387226000,None,,,,,1.821,3.988,1.982,,,,,,,,0.0966,,755105000,2025-10-28,quarterly,0.9,USD,pre-market,24300000,3637837000,0.0663,0.214,0.036,35.77,623035000,1614213000,70656000,0,54.63,66.29,12.5,4931672000,2423362000,1238602000,3169385000,2508310000,1930783000,2695277000,1743976000,20.65,-2082308000,74.41,36.93
2025-12-28,FLS,3.44,4687417000.0,20.65,None,1.312,17.69,,None,310318000,310318000,,,,,,,,,220991000,130812000,None,1837661000,1837661000,410115000,None,None,914684000,None,None,69888000,,0.84,0.0118,,,,2.795,0.1,153594000,223482000,0.8,2016-03-31,18.21,1240187000,1578785000.0,857616000,92002000,37092000,228294000,228294000,None,81016000,None,1088155000,None,None,1573450000,None,None,11835000,None,None,None,0.136,,663226000,194390000,116032000,807121000,None,386812000,None,,,,,1.821,3.988,1.982,,,,,,,,0.0966,,767633000,2025-10-28,quarterly,0.9,USD,pre-market,24300000,3599869000,0.0663,0.214,0.036,35.77,623035000,1636016000,62566000,0,54.63,66.29,12.5,4981050000,2429189000,1279802000,3240064000,2551861000,1960262000,2695277000,1722665000,20.65,-2084240000,74.41,36.93
2025-12-28,FLS,3.44,4687417000.0,20.65,None,1.312,17.69,,None,366444000,366444000,,,,,,,,,220991000,130142000,None,1837661000,1837661000,491378000,None,60434000,985772000,None,None,69888000,,0.84,0.0118,,,,2.795,0.1,153594000,223482000,0.8,2015-12-31,18.21,1223986000,1578785000.0,857616000,92002000,37092000,228777000,228777000,None,81016000,None,995565000,None,None,1570836000,None,None,11835000,None,None,None,0.136,,663226000,194390000,300935000,742076000,None,489319000,None,,,,,1.821,3.988,1.982,,,,,,,,0.0966,,758427000,2025-10-28,quarterly,0.9,USD,pre-market,24300000,3587120000,0.0663,0.214,0.036,35.77,623035000,1631270000,60434000,0,54.63,66.29,12.5,5103850000,2631792000,1359962000,3420117000,2472058000,2060155000,2695277000,1666477000,20.65,-2106785000,74.41,36.93
2025-12-28,FLS,3.44,4687417000.0,20.65,None,1.312,17.69,,None,237842000,237842000,,,,,,,,,220991000,133160000,None,1837661000,1837661000,459013000,None,None,999700000,None,None,69888000,,0.84,0.0118,,,,2.795,0.1,153594000,223482000,0.8,2015-09-30,18.21,1234858000,1578785000.0,857616000,92002000,37092000,235871000,235871000,None,81016000,None,1116445000,None,None,1610059000,None,None,11835000,None,None,None,0.136,,663226000,194390000,295742000,786373000,None,529371000,None,,,,,1.821,3.988,1.982,,,,,,,,0.0966,,756179000,2025-10-28,quarterly,0.9,USD,pre-market,24300000,3539468000,0.0663,0.214,0.036,35.77,623035000,1678952000,68893000,164000,54.63,66.29,12.5,5158255000,2649729000,1314279000,3453709000,2508526000,2139430000,2695277000,1688323000,20.65,-2053128000,74.41,36.93
2025-12-28,FLS,3.44,4687417000.0,20.65,None,1.312,17.69,,None,315304000,315304000,,,,,,,,,220991000,134831000,None,1837661000,1837661000,502969000,None,None,1042404000,None,None,69888000,,0.84,0.0118,,,,2.795,0.1,153594000,223482000,0.8,2015-06-30,18.21,1236374000,1578785000.0,857616000,92002000,37092000,242671000,242671000,None,81016000,None,1129695000,None,None,1626150000,None,None,11835000,None,None,None,0.136,,663226000,194390000,291537000,795084000,None,536641000,None,,,,,1.821,3.988,1.982,,,,,,,,0.0966,,767904000,2025-10-28,quarterly,0.9,USD,pre-market,24300000,3469687000,0.0663,0.214,0.036,35.77,623035000,1693515000,67365000,152000,54.63,66.29,12.5,5312122000,2778940000,1365418000,3528209000,2533182000,2162791000,2695277000,1768576000,20.65,-1945235000,74.41,36.93
2025-12-28,FLS,3.44,4687417000.0,20.65,None,1.312,17.69,,None,333776000,333776000,,,,,,,,,220991000,135954000,None,1837661000,1837661000,484542000,None,None,1015544000,None,None,69888000,,0.84,0.0118,,,,2.795,0.1,153594000,223482000,0.8,2015-03-31,18.21,1214919000,1578785000.0,857616000,92002000,37092000,247550000,247550000,None,81016000,None,1118940000,None,None,1620782000,None,None,11835000,None,None,None,0.136,,663226000,194390000,292078000,797485000,None,525991000,None,,,,,1.821,3.988,1.982,,,,,,,,0.0966,,752015000,2025-10-28,quarterly,0.9,USD,pre-market,24300000,3418920000,0.0663,0.214,0.036,35.77,623035000,1679521000,58739000,0,54.63,66.29,12.5,5251681000,2760338000,1340766000,3487539000,2491343000,2146773000,2695277000,1751864000,20.65,-1885594000,74.41,36.93
2025-12-28,FLS,3.44,4687417000.0,20.65,None,1.312,17.69,,None,450350000,450350000,,,,,,,,,220991000,134918000,None,1837661000,1837661000,611715000,None,53131000,1082447000,None,None,69888000,,0.84,0.0118,,,,2.795,0.1,153594000,223482000,0.8,2014-12-31,18.21,1067255000,1578785000.0,857616000,92002000,37092000,146337000,146337000,None,81016000,None,995564000,None,None,1101791000,None,None,11835000,None,None,None,0.136,,663226000,194390000,265802000,427679000,None,452511000,None,,,,,1.821,3.988,1.982,,,,,,,,0.0966,,693881000,2025-10-28,quarterly,0.9,USD,pre-market,24300000,3415738000,0.0663,0.214,0.036,35.77,623035000,1154922000,53131000,0,54.63,66.29,12.5,4968020000,2794163000,1471875000,3026177000,2173857000,1554302000,2695277000,1931562000,20.65,-1830919000,74.41,36.93
2025-12-28,FLS,3.44,4687417000.0,20.65,None,1.312,17.69,,None,162869000,162869000,,,,,,,,,220991000,137529000,None,1837661000,1837661000,490514000,None,None,1131075000,None,None,69888000,,0.84,0.0118,,,,2.795,0.1,153594000,223482000,0.8,2014-09-30,18.21,1079327000,1578785000.0,857616000,92002000,37092000,145956000,145956000,None,81016000,None,1118283000,None,None,1112636000,None,None,11835000,None,None,None,0.136,,663226000,194390000,260983000,769969000,None,442834000,None,,,,,1.821,3.988,1.982,,,,,,,,0.0966,,678307000,2025-10-28,quarterly,0.9,USD,pre-market,24300000,3278771000,0.0663,0.214,0.036,35.77,623035000,1166758000,54122000,0,54.63,66.29,12.5,4793774000,2673210000,1314605000,2870075000,2120564000,1555470000,2695277000,1914914000,20.65,-1772808000,74.41,36.93
2025-12-28,FLS,3.44,4687417000.0,20.65,None,1.312,17.69,,None,143569000,143569000,,,,,,,,,220991000,137995000,None,1837661000,1837661000,516020000,None,None,1157758000,None,None,69888000,,0.84,0.0118,,,,2.795,0.1,153594000,223482000,0.8,2014-06-30,18.21,1101869000,1578785000.0,857616000,92002000,37092000,151959000,151959000,None,81016000,None,1160181000,None,None,1123861000,None,None,11835000,None,None,None,0.136,,663226000,194390000,267482000,768998000,None,472790000,None,,,,,1.821,3.988,1.982,,,,,,,,0.0966,,696751000,2025-10-28,quarterly,0.9,USD,pre-market,24300000,3172209000,0.0663,0.214,0.036,35.77,623035000,1189559000,65698000,149000,54.63,66.29,12.5,4886110000,2728990000,1350716000,2947367000,2157120000,1596651000,2695277000,1931818000,20.65,-1737419000,74.41,36.93
2025-12-28,FLS,3.44,4687417000.0,20.65,None,1.312,17.69,,None,164416000,164416000,,,,,,,,,220991000,138870000,None,1837661000,1837661000,470222000,None,None,1064216000,None,None,69888000,,0.84,0.0118,,,,2.795,0.1,153594000,223482000,0.8,2014-03-31,18.21,1101434000,1578785000.0,857616000,92002000,37092000,155495000,155495000,None,81016000,None,1121248000,None,None,1117244000,None,None,11835000,None,None,None,0.136,,663226000,194390000,257387000,768700000,None,465281000,None,,,,,1.821,3.988,1.982,,,,,,,,0.0966,,694921000,2025-10-28,quarterly,0.9,USD,pre-market,24300000,3070775000,0.0663,0.214,0.036,35.77,623035000,1192332000,75088000,96000,54.63,66.29,12.5,4759408000,2607267000,1314010000,2896535000,2152141000,1582525000,2695277000,1855486000,20.65,-1693994000,74.41,36.93
2025-12-28,FLS,3.44,4687417000.0,20.65,None,1.312,17.69,,None,363804000,363804000,,,,,,,,,220991000,137734000,None,1837661000,1837661000,612092000,None,None,1155327000,None,None,69888000,,0.84,0.0118,,,,2.795,0.1,153594000,223482000,0.8,2013-12-31,18.21,1107551000,1578785000.0,857616000,92002000,37092000,160548000,160548000,None,81016000,None,1060670000,None,None,1127619000,None,None,11835000,None,None,None,0.136,,663226000,194390000,267581000,835882000,None,473894000,None,,,,,1.821,3.988,1.982,,,,,,,,0.0966,,716289000,2025-10-28,quarterly,0.9,USD,pre-market,24300000,2985391000,0.0663,0.214,0.036,35.77,623035000,1200297000,72678000,146000,54.63,66.29,12.5,5036733000,2847382000,1558099000,3159612000,2189351000,1601513000,2695277000,1870379000,20.65,-1600266000,74.41,36.93
2025-12-28,FLS,3.44,4687417000.0,20.65,None,1.312,17.69,,None,113751000,113751000,,,,,,,,,220991000,141085000,None,1837661000,1837661000,495295000,None,None,1089748000,None,None,69888000,,0.84,0.0118,,,,2.795,0.1,153594000,223482000,0.8,2013-09-30,18.21,1058802000,1578785000.0,857616000,92002000,37092000,143067000,143067000,None,81016000,None,1184188000,None,None,839224000,None,None,11835000,None,None,None,0.136,,663226000,194390000,238964000,830020000,None,452254000,None,,,,,1.821,3.988,1.982,,,,,,,,0.0966,,678934000,2025-10-28,quarterly,0.9,USD,pre-market,24300000,2863863000,0.0663,0.214,0.036,35.77,623035000,1108158000,268934000,0,54.63,66.29,12.5,4696194000,2626651000,1594249000,2885727000,2069543000,1291478000,2695277000,1804657000,20.65,-1511768000,74.41,36.93
2025-12-28,FLS,3.44,4687417000.0,20.65,None,1.312,17.69,,None,104712000,104712000,,,,,,,,,220991000,142882000,None,1837661000,1837661000,526116000,None,None,1080240000,None,None,69888000,,0.84,0.0118,,,,2.795,0.1,153594000,223482000,0.8,2013-06-30,18.21,1045958000,1578785000.0,857616000,92002000,37092000,144165000,144165000,None,81016000,None,1184242000,None,None,849211000,None,None,11835000,None,None,None,0.136,,663226000,194390000,242672000,816101000,None,446893000,None,,,,,1.821,3.988,1.982,,,,,,,,0.0966,,660119000,2025-10-28,quarterly,0.9,USD,pre-market,24300000,2757262000,0.0663,0.214,0.036,35.77,623035000,1127084000,277873000,0,54.63,66.29,12.5,4638143000,2611866000,1620090000,2916194000,2026277000,1296104000,2695277000,1716132000,20.65,-1447399000,74.41,36.93
2025-12-28,FLS,3.44,4687417000.0,20.65,None,1.312,17.69,,None,169437000,169437000,,,,,,,,,73664000,145631000,None,1837661000,1837661000,514067000,None,None,1056321000,None,None,69888000,,0.84,0.0118,,,,2.795,0.1,153594000,223482000,0.8,2013-03-31,18.21,1042741000,1578785000.0,857616000,92002000,37092000,146675000,146675000,None,81016000,None,1155773000,None,None,859289000,None,None,11835000,None,None,None,0.136,,663226000,194390000,252307000,838694000,None,458119000,None,,,,,1.821,3.988,1.982,,,,,,,,0.0966,,666422000,2025-10-28,quarterly,0.9,USD,pre-market,24300000,2656814000,0.0663,0.214,0.036,35.77,623035000,1069654000,210365000,0,54.63,66.29,12.5,4668294000,2633838000,1563126000,2880534000,2034456000,1317408000,2695277000,1782327000,20.65,-1298393000,74.41,36.93
2025-12-28,FLS,3.44,4687417000.0,20.65,None,1.312,17.69,,None,304252000,304252000,,,,,,,,,73664000,144468000,None,1837661000,1837661000,616900000,None,None,1103724000,None,None,69888000,,0.84,0.0118,,,,2.795,0.1,153594000,223482000,0.8,2012-12-31,18.21,1053852000,1578785000.0,857616000,92002000,37092000,150075000,150075000,None,81016000,None,1086663000,None,None,869116000,None,None,11835000,None,None,None,0.136,,663226000,194390000,245577000,422677000,None,456742000,None,,,,,1.821,3.988,1.982,,,,,,,,0.0966,,654179000,2025-10-28,quarterly,0.9,USD,pre-market,24300000,2579308000,0.0663,0.214,0.036,35.77,623035000,928594000,59478000,0,54.63,66.29,12.5,4810958000,2740216000,1590625000,2916483000,2070742000,1325858000,2695277000,1890219000,20.65,-1164496000,74.41,36.93
2025-12-28,FLS,3.44,4687417000.0,20.65,None,1.312,17.69,,None,217420000,217420000,,,,,,,,,73664000,153855000,None,1837661000,1837661000,516500000,None,None,1105641000,None,None,69888000,,0.84,0.0118,,,,2.795,0.1,153594000,223482000,0.8,2012-09-30,18.21,1047729000,1578785000.0,857616000,92002000,37092000,151891000,151891000,None,81016000,None,1155725000,None,None,879135000,None,None,11835000,None,None,None,0.136,,663226000,194390000,242284000,845078000,None,426949000,None,,,,,1.821,3.988,1.982,,,,,,,,0.0966,,605360000,2025-10-28,quarterly,0.9,USD,pre-market,24300000,2455401000,0.0663,0.214,0.036,35.77,623035000,927996000,48861000,0,54.63,66.29,12.5,4743748000,2721070000,1410439000,2716523000,2022678000,1306084000,2695277000,2016808000,20.65,-866289000,74.41,36.93
2025-12-28,FLS,3.44,4687417000.0,20.65,749973000,1.312,17.69,,None,175213000,175213000,,,,,,,,,73664000,162797000,None,1837661000,1837661000,541925000,None,None,1057642000,None,None,69888000,,0.84,0.0118,,,,2.795,0.1,153594000,223482000,0.8,2012-06-30,18.21,1042410000,1578785000.0,857616000,92002000,37092000,154839000,154839000,None,81016000,None,1149178000,None,None,426140000,None,None,11835000,None,None,None,0.136,,663226000,194390000,235614000,840030000,None,429549000,None,,,,,1.821,3.988,1.982,,,,,,,,0.0966,,591805000,2025-10-28,quarterly,0.9,USD,pre-market,24300000,2367469000,0.0663,0.214,0.036,35.77,623035000,796775000,370635000,0,54.63,66.29,12.5,4605883000,2617647000,1752590000,2608279000,1988236000,855689000,2695277000,1987600000,20.65,-765729000,74.41,36.93
2025-12-28,FLS,3.44,4687417000.0,20.65,None,1.312,17.69,,None,172694000,172694000,,,,,,,,,73664000,165093000,None,1837661000,1837661000,501496000,None,None,1049125000,None,None,69888000,,0.84,0.0118,,,,2.795,0.1,153594000,223482000,0.8,2012-03-31,18.21,1057372000,1578785000.0,857616000,92002000,37092000,161343000,161343000,None,81016000,None,1141341000,None,None,438648000,None,None,11835000,None,None,None,0.136,,663226000,194390000,243063000,817551000,None,433290000,None,,,,,1.821,3.988,1.982,,,,,,,,0.0966,,602854000,2025-10-28,quarterly,0.9,USD,pre-market,24300000,2278806000,0.0663,0.214,0.036,35.77,623035000,499421000,60773000,0,54.63,66.29,12.5,4618410000,2606223000,1379820000,2251758000,2012187000,871938000,2695277000,2357670000,20.65,-414722000,74.41,36.93
2025-12-28,FLS,3.44,4687417000.0,20.65,None,1.312,17.69,,None,337356000,337356000,,,,,,,,,73664000,163410000,None,1837661000,1837661000,597342000,None,None,1060249000,None,None,69888000,,0.84,0.0118,,,,2.795,0.1,153594000,223482000,0.8,2011-12-31,18.21,1045077000,1578785000.0,857616000,92002000,37092000,163482000,163482000,None,81016000,None,1008379000,None,None,451593000,None,None,11835000,None,None,None,0.136,,663226000,194390000,222370000,407093000,None,422470000,None,,,,,1.821,3.988,1.982,,,,,,,,0.0966,,598746000,2025-10-28,quarterly,0.9,USD,pre-market,24300000,2205524000,0.0663,0.214,0.036,35.77,623035000,505216000,53623000,0,54.63,66.29,12.5,4622614000,2628354000,1470321000,2344384000,1994260000,874063000,2695277000,2269813000,20.65,-424052000,74.41,36.93
2025-12-28,FLS,3.44,4687417000.0,20.65,None,1.312,17.69,,None,227885000,227885000,,,,,,,,,73664000,168483000,None,1837661000,1837661000,459900000,None,None,1022897000,None,None,69888000,,0.84,0.0118,,,,2.795,0.1,153594000,223482000,0.8,2011-09-30,18.21,1013526000,1578785000.0,857616000,92002000,37092000,139811000,139811000,None,81016000,None,1076704000,None,None,457855000,None,None,11835000,None,None,None,0.136,,663226000,194390000,249980000,788133000,None,417715000,None,,,,,1.821,3.988,1.982,,,,,,,,0.0966,,564759000,2025-10-28,quarterly,0.9,USD,pre-market,24300000,2098054000,0.0663,0.214,0.036,35.77,623035000,507888000,50033000,0,54.63,66.29,12.5,4480505000,2577466000,1298066000,2173636000,1903039000,875570000,2695277000,2298704000,20.65,-315389000,74.41,36.93
2025-12-28,FLS,3.44,4687417000.0,20.65,None,1.312,17.69,,None,221312000,221312000,,,,,,,,,73664000,168726000,None,1837661000,1837661000,479221000,None,None,1000702000,None,None,69888000,,0.84,0.0118,,,,2.795,0.1,153594000,223482000,0.8,2011-06-30,18.21,1035372000,1578785000.0,857616000,92002000,37092000,147057000,147057000,None,81016000,None,1090575000,None,None,464463000,None,None,11835000,None,None,None,0.136,,663226000,194390000,277033000,799371000,None,433064000,None,,,,,1.821,3.988,1.982,,,,,,,,0.0966,,593233000,2025-10-28,quarterly,0.9,USD,pre-market,24300000,2008272000,0.0663,0.214,0.036,35.77,623035000,520160000,55697000,0,54.63,66.29,12.5,4563276000,2589622000,1334289000,2231816000,1973654000,897527000,2695277000,2321017000,20.65,-301346000,74.41,36.93
2025-12-28,FLS,3.44,4687417000.0,20.65,None,1.312,17.69,,None,288858000,288858000,,,,,,,,,73664000,169017000,None,1837661000,1837661000,461967000,None,None,909342000,None,None,69888000,,0.84,0.0118,,,,2.795,0.1,153594000,223482000,0.8,2011-03-31,18.21,1027178000,1578785000.0,857616000,92002000,37092000,147535000,147535000,None,81016000,None,1021443000,None,None,470857000,None,None,11835000,None,None,None,0.136,,663226000,194390000,273577000,807651000,None,426928000,None,,,,,1.821,3.988,1.982,,,,,,,,0.0966,,586348000,2025-10-28,quarterly,0.9,USD,pre-market,24300000,1927584000,0.0663,0.214,0.036,35.77,623035000,525134000,54277000,0,54.63,66.29,12.5,4449534000,2493220000,1323895000,2221680000,1956314000,897785000,2695277000,2217407000,20.65,-289158000,74.41,36.93
2025-12-28,FLS,3.44,4687417000.0,20.65,None,1.312,17.69,,None,557579000,557579000,,,,,,,,,73664000,166962000,None,1837661000,1837661000,571021000,None,None,839566000,None,None,69888000,,0.84,0.0118,,,,2.795,0.1,153594000,223482000,0.8,2010-12-31,18.21,1012530000,1578785000.0,857616000,92002000,37092000,147112000,147112000,None,81016000,None,886731000,None,None,476230000,None,None,11835000,None,None,None,0.136,,663226000,194390000,239868000,833873000,None,414272000,None,,,,,1.821,3.988,1.982,,,,,,,,0.0966,,581245000,2025-10-28,quarterly,0.9,USD,pre-market,24300000,1848680000,0.0663,0.214,0.036,35.77,623035000,527711000,51481000,0,54.63,66.29,12.5,4459910000,2523744000,1456375000,2346877000,1936166000,890502000,2695277000,2103022000,20.65,-292210000,74.41,36.93
2025-12-28,FLS,3.44,4687417000.0,20.65,None,1.312,17.69,,None,310600000,310600000,,,,,,,,,73700000,169158000,None,1837661000,1837661000,437100000,None,None,839700000,None,None,69888000,,0.84,0.0118,,,,2.795,0.1,153594000,223482000,0.8,2010-09-30,18.21,1007800000,1578785000.0,857616000,92002000,37092000,148600000,148600000,None,81016000,None,947800000,None,None,535825000,None,None,11835000,None,None,None,0.136,,663226000,194390000,236100000,831100000,None,402662000,None,,,,,1.821,3.988,1.982,,,,,,,,0.0966,,544449000,2025-10-28,quarterly,0.9,USD,pre-market,24300000,1752500000,0.0663,0.214,0.036,35.77,623035000,564400000,28536000,0,54.63,66.29,12.5,4229800000,2334200000,1268200000,2214400000,1895600000,946200000,2695277000,2015500000,20.65,-280765000,74.41,36.93
2025-12-28,FLS,3.44,4687417000.0,20.65,None,1.312,17.69,,None,503502000,503502000,,,,,,,,,73664000,169416000,None,1837661000,1837661000,387575000,None,None,762859000,None,None,69888000,,0.84,0.0118,,,,2.795,0.1,153594000,223482000,0.8,2010-06-30,18.21,850671000,1578785000.0,857616000,92002000,37092000,116382000,116382000,None,81016000,None,798035000,None,None,536381000,None,None,11835000,None,None,None,0.136,,663226000,194390000,229511000,740366000,None,424672000,None,,,,,1.821,3.988,1.982,,,,,,,,0.0966,,503334000,2025-10-28,quarterly,0.9,USD,pre-market,24300000,1665151000,0.0663,0.214,0.036,35.77,623035000,565935000,29554000,0,54.63,66.29,12.5,3958565000,2293907000,1157495000,2118548000,1664658000,961053000,2695277000,1834004000,20.65,-270007000,74.41,36.93
2025-12-28,FLS,3.44,4687417000.0,20.65,None,1.312,17.69,,None,468356000,468356000,,,,,,,,,73664000,169500000,None,1837661000,1837661000,397458000,None,None,815871000,None,None,69888000,,0.84,0.0118,,,,2.795,0.1,153594000,223482000,0.8,2010-03-31,18.21,857463000,1578785000.0,857616000,92002000,37092000,120798000,120798000,None,81016000,None,797069000,None,None,537847000,None,None,11835000,None,None,None,0.136,,663226000,194390000,277094000,837316000,None,442014000,None,,,,,1.821,3.988,1.982,,,,,,,,0.0966,,534133000,2025-10-28,quarterly,0.9,USD,pre-market,24300000,1590281000,0.0663,0.214,0.036,35.77,623035000,566058000,28211000,0,54.63,66.29,12.5,4069041000,2358390000,1262985000,2242846000,1710651000,979861000,2695277000,1820521000,20.65,-261348000,74.41,36.93
2025-12-28,FLS,3.44,4687417000.0,20.65,None,1.312,17.69,,None,654320000,654320000,,,,,,,,,73594000,166908000,None,1837661000,1837661000,493306000,None,None,791722000,None,None,69888000,,0.84,0.0118,,,,2.795,0.1,153594000,223482000,0.8,2009-12-31,18.21,864927000,1578785000.0,857616000,92002000,37092000,124678000,124678000,None,81016000,None,795233000,None,None,539373000,None,None,11835000,None,None,None,0.136,,663226000,194390000,258047000,937422000,None,449691000,None,,,,,1.821,3.988,1.982,,,,,,,,0.0966,,560472000,2025-10-28,quarterly,0.9,USD,pre-market,24300000,1526774000,0.0663,0.214,0.036,35.77,623035000,566728000,27355000,0,54.63,66.29,12.5,4248894000,2499322000,1458083000,2447147000,1749572000,989064000,2695277000,1796113000,20.65,-275656000,74.41,36.93
2025-12-28,FLS,3.44,4687417000.0,20.65,None,1.312,17.69,,None,291225000,291225000,,,,,,,,,73547000,169134000,None,1837661000,1837661000,398507000,None,None,841251000,None,None,69888000,,0.84,0.0118,,,,2.795,0.1,153594000,223482000,0.8,2009-09-30,18.21,865437000,1578785000.0,857616000,92002000,37092000,127834000,127834000,None,81016000,None,884422000,None,None,541151000,None,None,11835000,None,None,None,0.136,,663226000,194390000,250895000,890049000,None,438959000,None,,,,,1.821,3.988,1.982,,,,,,,,0.0966,,561679000,2025-10-28,quarterly,0.9,USD,pre-market,24300000,1431507000,0.0663,0.214,0.036,35.77,623035000,568937000,27786000,0,54.63,66.29,12.5,4017027000,2267793000,1316342000,2296452000,1749234000,980110000,2695277000,1713156000,20.65,-261739000,74.41,36.93
2025-12-28,FLS,3.44,4687417000.0,20.65,None,1.312,17.69,,None,251538000,251538000,,,,,,,,,73547000,169194000,None,1837661000,1837661000,437655000,None,None,853139000,None,None,69888000,,0.84,0.0118,,,,2.795,0.1,153594000,223482000,0.8,2009-06-30,18.21,863309000,1578785000.0,857616000,92002000,37092000,129069000,129069000,None,81016000,None,891610000,None,None,542634000,None,None,11835000,None,None,None,0.136,,663226000,194390000,224763000,876965000,None,486183000,None,,,,,1.821,3.988,1.982,,,,,,,,0.0966,,550511000,2025-10-28,quarterly,0.9,USD,pre-market,24300000,1329739000,0.0663,0.214,0.036,35.77,623035000,570978000,28344000,0,54.63,66.29,12.5,3953335000,2221050000,1342964000,2371781000,1732285000,1028817000,2695277000,1573880000,20.65,-254184000,74.41,36.93
2025-12-28,FLS,3.44,4687417000.0,20.65,None,1.312,17.69,,None,201539000,201539000,,,,,,,,,73547000,168975000,None,1837661000,1837661000,445414000,None,None,828445000,None,None,69888000,,0.84,0.0118,,,,2.795,0.1,153594000,223482000,0.8,2009-03-31,18.21,824526000,1578785000.0,857616000,92002000,37092000,118605000,118605000,None,81016000,None,884033000,None,None,544101000,None,None,11835000,None,None,None,0.136,,663226000,194390000,211263000,870272000,None,None,None,,,,,1.821,3.988,1.982,,,,,,,,0.0966,,533784000,2025-10-28,quarterly,0.9,USD,pre-market,24300000,1236723000,0.0663,0.214,0.036,35.77,623035000,569279000,25178000,None,54.63,66.29,12.5,3793662000,2125280000,1340864000,2380175000,1668382000,1039311000,2695277000,1406332000,20.65,-245880000,74.41,36.93
2025-12-28,FLS,3.44,4687417000.0,20.65,None,1.312,17.69,,None,471792000,471792000,,,,,,,,,73477000,167892000,None,1837661000,1837661000,598498000,None,None,808522000,None,None,69888000,,0.84,0.0118,,,,2.795,0.1,153594000,223482000,0.8,2008-12-31,18.21,828395000,1578785000.0,857616000,92002000,37092000,121919000,121919000,None,81016000,None,834612000,None,None,545617000,None,None,11835000,None,None,None,0.136,,663226000,194390000,217499000,981767000,None,None,None,,,,,1.821,3.988,1.982,,,,,,,,0.0966,,547235000,2025-10-28,quarterly,0.9,USD,pre-market,24300000,1159634000,0.0663,0.214,0.036,35.77,623035000,573348000,27731000,264000,54.63,66.29,12.5,4023694000,2332425000,1607996000,2649496000,1691269000,1041500000,2695277000,1367767000,20.65,-248073000,74.41,36.93
2025-12-28,FLS,3.44,4687417000.0,20.65,None,1.312,17.69,,None,153431000,153431000,,,,,,,,,73474000,172407000,None,1837661000,1837661000,470580000,None,None,912042000,None,None,69888000,,0.84,0.0118,,,,2.795,0.1,153594000,223482000,0.8,2008-09-30,18.21,842772000,1578785000.0,857616000,92002000,37092000,125855000,125855000,None,81016000,None,859289000,None,None,547191000,None,None,11835000,None,None,None,0.136,,663226000,194390000,179850000,944507000,None,None,None,,,,,1.821,3.988,1.982,,,,,,,,0.0966,,493711000,2025-10-28,quarterly,0.9,USD,pre-market,24300000,1059258000,0.0663,0.214,0.036,35.77,623035000,568886000,21695000,519000,54.63,66.29,12.5,3745307000,2104612000,1436782000,2335341000,1640695000,898559000,2695277000,1409966000,20.65,-219881000,74.41,36.93
2025-12-28,FLS,3.44,4687417000.0,20.65,None,1.312,17.69,,None,136742000,136742000,,,,,,,,,73474000,173526000,None,1837661000,1837661000,490552000,None,None,919856000,None,None,69888000,,0.84,0.0118,,,,2.795,0.1,153594000,223482000,0.8,2008-06-30,18.21,858113000,1578785000.0,857616000,92002000,37092000,131183000,131183000,None,81016000,None,892810000,None,None,548303000,None,None,11835000,None,None,None,0.136,,663226000,194390000,196996000,827997000,None,None,None,,,,,1.821,3.988,1.982,,,,,,,,0.0966,,508743000,2025-10-28,quarterly,0.9,USD,pre-market,24300000,956409000,0.0663,0.214,0.036,35.77,623035000,571545000,23242000,360000,54.63,66.29,12.5,3793268000,2146404000,1341791000,2289964000,1646864000,948173000,2695277000,1503304000,20.65,-123583000,74.41,36.93
2025-12-28,FLS,3.44,4687417000.0,20.65,None,1.312,17.69,,None,197913000,197913000,,,,,,,,,73481000,173451000,None,1837661000,1837661000,477854000,None,None,788459000,None,None,69888000,,0.84,0.0118,,,,2.795,0.1,153594000,223482000,0.8,2008-03-31,18.21,857900000,1578785000.0,857616000,92002000,37092000,133770000,133770000,None,81016000,None,853881000,None,None,549884000,None,None,11835000,None,None,None,0.136,,663226000,194390000,204832000,798375000,None,None,None,,,,,1.821,3.988,1.982,,,,,,,,0.0966,,501640000,2025-10-28,quarterly,0.9,USD,pre-market,24300000,847961000,0.0663,0.214,0.036,35.77,623035000,562762000,12878000,1481000,54.63,66.29,12.5,3695616000,2045085000,1289107000,2281886000,1650531000,992779000,2695277000,1413730000,20.65,-90992000,74.41,36.93
2025-12-28,FLS,3.44,4687417000.0,20.65,None,1.312,17.69,,None,370575000,370575000,,,,,,,,,73394000,170448387,None,1837661000,1837661000,513169000,None,None,666733000,None,None,69888000,,0.84,0.0118,,,,2.795,0.1,153594000,223482000,0.8,2007-12-31,18.21,853265000,1578785000.0,857616000,92002000,37092000,134734000,134734000,None,81016000,None,680199000,None,None,550795000,None,None,11835000,None,None,None,0.136,,663226000,194390000,179264000,729830000,None,None,None,,,,,1.821,3.988,1.982,,,,,,,,0.0966,,488892000,2025-10-28,quarterly,0.9,USD,pre-market,24300000,774366000,0.0663,0.214,0.036,35.77,623035000,557976000,7181000,2663000,54.63,66.29,12.5,3520421000,1896771000,1250180000,2220204000,1623650000,970024000,2695277000,1292977000,20.65,-101781000,74.41,36.93
2025-12-28,FLS,3.44,4687417000.0,20.65,None,1.312,17.69,,None,71107000,71107000,,,,,,,,,73390000,171968182,None,1837661000,1837661000,412583000,None,None,704734000,None,None,69888000,,0.84,0.0118,,,,2.795,0.1,153594000,223482000,0.8,2007-09-30,18.21,855477000,1578785000.0,857616000,92002000,37092000,137234000,137234000,None,81016000,None,729871000,None,None,552109000,None,None,11835000,None,None,None,0.136,,663226000,194390000,185684000,644322000,None,None,None,,,,,1.821,3.988,1.982,,,,,,,,0.0966,,472704000,2025-10-28,quarterly,0.9,USD,pre-market,24300000,687079000,0.0663,0.214,0.036,35.77,623035000,616663000,64554000,3730000,54.63,66.29,12.5,3274656000,1691396000,1121459000,2107983000,1583260000,986524000,2695277000,1166673000,20.65,-107425000,74.41,36.93
2025-12-28,FLS,3.44,4687417000.0,20.65,None,1.312,17.69,,None,47955000,47955000,,,,,,,,,73390000,170824324,None,1837661000,1837661000,405050000,None,None,664408000,None,None,69888000,,0.84,0.0118,,,,2.795,0.1,153594000,223482000,0.8,2007-06-30,18.21,852661000,1578785000.0,857616000,92002000,37092000,138722000,138722000,None,81016000,None,680955000,None,None,553578000,None,None,11835000,None,None,None,0.136,,663226000,194390000,164963000,523772000,None,None,None,,,,,1.821,3.988,1.982,,,,,,,,0.0966,,462929000,2025-10-28,quarterly,0.9,USD,pre-market,24300000,632613000,0.0663,0.214,0.036,35.77,623035000,684158000,130580000,3024000,54.63,66.29,12.5,3128344000,1558281000,1059402000,2049020000,1570063000,989618000,2695277000,1079324000,20.65,-115242000,74.41,36.93
2025-12-28,FLS,3.44,4687417000.0,20.65,None,1.312,17.69,,None,37994000,37994000,,,,,,,,,73390000,170918644,None,1837661000,1837661000,384083000,None,None,579506000,None,None,69888000,,0.84,0.0118,,,,2.795,0.1,153594000,223482000,0.8,2007-03-31,18.21,850379000,1578785000.0,857616000,92002000,37092000,140898000,140898000,None,81016000,None,627427000,None,None,555074000,None,None,11835000,None,None,None,0.136,,663226000,194390000,155836000,482609000,None,None,None,,,,,1.821,3.988,1.982,,,,,,,,0.0966,,450815000,2025-10-28,quarterly,0.9,USD,pre-market,24300000,577974000,0.0663,0.214,0.036,35.77,623035000,650782000,95708000,2469000,54.63,66.29,12.5,2960128000,1400763000,962400000,1946914000,1559365000,984514000,2695277000,1013214000,20.65,-108919000,74.41,36.93
2025-12-28,FLS,3.44,4687417000.0,20.65,None,1.312,17.69,,None,67000000,67000000,,,,,,,,,73289000,168070000,None,1837661000,1837661000,412869000,None,None,551815000,None,None,69888000,,0.84,0.0118,,,,2.795,0.1,153594000,223482000,0.8,2006-12-31,18.21,851123000,1578785000.0,857616000,92002000,37092000,143358000,143358000,None,81016000,None,547373000,None,None,556519000,None,None,11835000,None,None,None,0.136,,663226000,194390000,136693000,463117000,None,None,None,,,,,1.821,3.988,1.982,,,,,,,,0.0966,,442892000,2025-10-28,quarterly,0.9,USD,pre-market,24300000,582767000,0.0663,0.214,0.036,35.77,623035000,564569000,8050000,3457000,54.63,66.29,12.5,2869235000,1302881000,884036000,1848649000,1566354000,964613000,2695277000,1020586000,20.65,-95262000,74.41,36.93
2025-12-28,FLS,3.44,4687417000.0,20.65,None,1.312,17.69,,None,48737000,48737000,,,,,,,,,72018000,172229412,None,1837661000,1837661000,339106000,None,None,519063000,None,None,69888000,,0.84,0.0118,,,,2.795,0.1,153594000,223482000,0.8,2006-09-30,18.21,845777000,1578785000.0,857616000,92002000,37092000,143988000,143988000,None,81016000,None,489735000,None,None,643525000,None,None,11835000,None,None,None,0.136,,663226000,194390000,153042000,399006000,None,None,None,,,,,1.821,3.988,1.982,,,,,,,,0.0966,,418969000,2025-10-28,quarterly,0.9,USD,pre-market,24300000,521309000,0.0663,0.214,0.036,35.77,623035000,654564000,11039000,None,54.63,66.29,12.5,2747320000,1210577000,749151000,1799165000,1536743000,1050014000,2695277000,948155000,20.65,-33125000,74.41,36.93
2025-12-28,FLS,3.44,4687417000.0,20.65,None,1.312,17.69,,None,58247000,58247000,,,,,,,,,72018000,173839655,None,1837661000,1837661000,321143000,None,None,506107000,None,None,69888000,,0.84,0.0118,,,,2.795,0.1,153594000,223482000,0.8,2006-06-30,18.21,844870000,1578785000.0,857616000,92002000,37092000,146576000,146576000,None,81016000,None,429407000,None,None,644875000,None,None,11835000,None,None,None,0.136,,663226000,194390000,161192000,360187000,None,None,None,,,,,1.821,3.988,1.982,,,,,,,,0.0966,,421893000,2025-10-28,quarterly,0.9,USD,pre-market,24300000,493126000,0.0663,0.214,0.036,35.77,623035000,655606000,10731000,None,54.63,66.29,12.5,2679146000,1154953000,692061000,1766491000,1524193000,1074430000,2695277000,912655000,20.65,-31655000,74.41,36.93
2025-12-28,FLS,3.44,4687417000.0,20.65,None,1.312,17.69,,None,92864000,92864000,,,,,,,,,72018000,166704000,None,1837661000,1837661000,316713000,None,None,472946000,None,None,69888000,,0.84,0.0118,,,,2.795,0.1,153594000,223482000,0.8,2006-03-31,18.21,834863000,1578785000.0,857616000,92002000,37092000,146251000,146251000,None,81016000,None,361770000,None,None,651520000,None,None,11835000,None,None,None,0.136,,663226000,194390000,127609000,365842000,None,None,None,,,,,1.821,3.988,1.982,,,,,,,,0.0966,,400686000,2025-10-28,quarterly,0.9,USD,pre-market,24300000,446163000,0.0663,0.214,0.036,35.77,623035000,665136000,12367000,None,54.63,66.29,12.5,2575538000,1071199000,694922000,1743704000,1504339000,1048782000,2695277000,831834000,20.65,-31061000,74.41,36.93
2025-12-28,FLS,3.44,4687417000.0,20.65,None,1.312,17.69,,None,63759000,63759000,,,,,,,,,72018000,172028571,None,1837661000,1837661000,316545000,None,None,462120000,None,None,69888000,,0.84,0.0118,,,,2.795,0.1,153594000,223482000,0.8,2005-12-31,18.21,865351000,1578785000.0,857616000,92002000,37092000,157893000,157893000,None,81016000,None,401672000,None,None,652769000,None,None,11835000,None,None,None,0.136,,663226000,194390000,135387000,347766000,None,None,None,,,,,1.821,3.988,1.982,,,,,,,,0.0966,,397622000,2025-10-28,quarterly,0.9,USD,pre-market,24300000,434328000,0.0663,0.214,0.036,35.77,623035000,701844000,44098000,3628000,54.63,66.29,12.5,2634036000,1049669000,708410000,1763811000,1584367000,1055401000,2695277000,870225000,20.65,-37547000,74.41,36.93
2025-12-28,FLS,3.44,4687417000.0,20.65,None,1.312,17.69,,None,35234000,35234000,,,,,,,,,72018000,165833333,None,1837661000,1837661000,297259000,None,None,424006000,None,None,69888000,,0.84,0.0118,,,,2.795,0.1,153594000,223482000,0.8,2005-09-30,18.21,839674000,1578785000.0,857616000,92002000,37092000,146667000,146667000,None,81016000,None,405298000,None,None,680347000,None,None,11835000,None,None,None,0.136,,663226000,194390000,180849000,343020000,None,None,None,,,,,1.821,3.988,1.982,,,,,,,,0.0966,,397322000,2025-10-28,quarterly,0.9,USD,pre-market,24300000,438314000,0.0663,0.214,0.036,35.77,623035000,699184000,18837000,None,54.63,66.29,12.5,2570028000,1047546000,659116000,1707295000,None,None,2695277000,862733000,20.65,-37818000,74.41,36.93
2025-12-28,FLS,3.44,4687417000.0,20.65,None,1.312,17.69,,183397000,675441000,675441000,,,,,,,,,220991000,132356000,None,1837661000,1837661000,545310000,None,44059000,1275645000,None,None,69888000,,0.84,0.0118,,,,2.795,0.1,153594000,223482000,0.8,2024-12-31,18.21,1286295000,1578785000.0,857616000,92002000,37092000,188604000,188604000,None,81016000,None,837254000,None,None,1460132000,None,None,11835000,None,None,None,0.136,,663226000,194390000,116157000,504236000,None,371055000,None,,,,,1.821,3.988,1.982,,,,,,,,0.0966,,699103000,2025-10-28,annual,0.9,USD,pre-market,24300000,4025750000,0.0663,0.214,0.036,35.77,623035000,1687588000,77618000,None,54.63,66.29,12.5,5500821000,2904497000,1468084000,3449109000,2596324000,1981025000,2695277000,2007665000,20.65,None,74.41,36.93
2025-12-28,FLS,3.44,4687417000.0,20.65,None,1.312,17.69,,171047000,545678000,545678000,,,,,,,,,220991000,131931000,None,1837661000,1837661000,547824000,None,66243000,1162097000,None,None,69888000,,0.84,0.0118,,,,2.795,0.1,153594000,223482000,0.8,2023-12-31,18.21,1182225000,1578785000.0,857616000,92002000,37092000,122248000,122248000,None,81016000,None,879937000,None,None,1167307000,None,None,11835000,None,None,None,0.136,,663226000,194390000,116065000,453907000,None,389120000,None,,,,,1.821,3.988,1.982,,,,,,,,0.0966,,662588000,2025-10-28,annual,0.9,USD,pre-market,24300000,3854717000,0.0663,0.214,0.036,35.77,623035000,1404597000,98625000,None,54.63,66.29,12.5,5108719000,2703777000,1438576000,3133668000,2404942000,1695092000,2695277000,1936100000,20.65,None,74.41,36.93
2025-12-28,FLS,3.44,4687417000.0,20.65,None,1.312,17.69,,187724000,434971000,434971000,,,,,,,,,220991000,131315000,None,1837661000,1837661000,476747000,None,49335000,1102089000,None,None,69888000,,0.84,0.0118,,,,2.795,0.1,153594000,223482000,0.8,2022-12-31,18.21,1168124000,1578785000.0,857616000,92002000,37092000,134503000,134503000,None,81016000,None,803198000,None,None,1224151000,None,None,11835000,None,None,None,0.136,,663226000,194390000,110714000,365517999,None,309529000,None,,,,,1.821,3.988,1.982,,,,,,,,0.0966,,675925000,2025-10-28,annual,0.9,USD,pre-market,24300000,3774209000,0.0663,0.214,0.036,35.77,623035000,1461210000,81863000,None,54.63,66.29,12.5,4790634000,2450972000,1243151000,2932027000,2339662000,1688876000,2695277000,1824993000,20.65,-2036882000,74.41,36.93
2025-12-28,FLS,3.44,4687417000.0,20.65,None,1.312,17.69,,199414000,658452000,658452000,,,,,,,,,220991000,130857000,None,1837661000,1837661000,410062000,None,41058000,934808000,None,None,69888000,,0.84,0.0118,,,,2.795,0.1,153594000,223482000,0.8,2021-12-31,18.21,1196479000,1578785000.0,857616000,92002000,37092000,152463000,152463000,None,81016000,None,678287000,None,None,1261770000,None,None,11835000,None,None,None,0.136,,663226000,194390000,117130000,377124000,None,352062000,None,,,,,1.821,3.988,1.982,,,,,,,,0.0966,,709790000,2025-10-28,annual,0.9,USD,pre-market,24300000,3691023000,0.0663,0.214,0.036,35.77,623035000,1502242000,73686000,None,54.63,66.29,12.5,4749768000,2388677000,1131805000,2912423000,2361091000,1780618000,2695277000,1804319000,20.65,-2057706000,74.41,36.93
2025-12-28,FLS,3.44,4687417000.0,20.65,None,1.312,17.69,,211236000,1095274000,1095274000,,,,,,,,,220991000,131050000,None,1837661000,1837661000,440199000,None,8995000,1031196000,None,None,69888000,,0.84,0.0118,,,,2.795,0.1,153594000,223482000,0.8,2020-12-31,18.21,1224886000,1578785000.0,857616000,92002000,37092000,168496000,168496000,None,81016000,None,667228000,None,None,1717911000,None,None,11835000,None,None,None,0.136,,663226000,194390000,110635000,402777000,None,516087000,None,,,,,1.821,3.988,1.982,,,,,,,,0.0966,,556873000,2025-10-28,annual,0.9,USD,pre-market,24300000,3656449000,0.0663,0.214,0.036,35.77,623035000,1938142000,43985000,None,54.63,66.29,12.5,5314677000,2904333000,1141633000,3551877000,2410344000,2410244000,2695277000,1732470000,20.65,-2059309000,74.41,36.93
2025-12-28,FLS,3.44,4687417000.0,20.65,None,1.312,17.69,,187631000,670980000,670980000,,,,,,,,,220991000,131719000,None,1837661000,1837661000,447582000,None,11272000,1068452000,None,None,69888000,,0.84,0.0118,,,,2.795,0.1,153594000,223482000,0.8,2019-12-31,18.21,1193010000,1578785000.0,857616000,92002000,37092000,180805000,180805000,None,81016000,None,660837000,None,None,1365977000,None,None,11835000,None,None,None,0.136,,663226000,194390000,105101000,363221000,None,473295000,None,,,,,1.821,3.988,1.982,,,,,,,,0.0966,,572175000,2025-10-28,annual,0.9,USD,pre-market,24300000,3695862000,0.0663,0.214,0.036,35.77,623035000,1564880000,47380000,None,54.63,66.29,12.5,4919642000,2505370000,1112888000,3103683000,2414272000,1990795000,2695277000,1790357000,20.65,-2051583000,74.41,36.93
2025-12-28,FLS,3.44,4687417000.0,20.65,None,1.312,17.69,,None,619683000,619683000,,,,,,,,,220991000,131271000,None,1837661000,1837661000,418893000,None,68218000,1021013000,None,None,69888000,,0.84,0.0118,,,,2.795,0.1,153594000,223482000,0.8,2018-12-31,18.21,1197640000,1578785000.0,857616000,92002000,37092000,190550000,190550000,None,81016000,None,633871000,None,None,1414829000,None,None,11835000,None,None,None,0.136,,663226000,194390000,108578000,367055000,None,459693000,None,,,,,1.821,3.988,1.982,,,,,,,,0.0966,,610096000,2025-10-28,annual,0.9,USD,pre-market,24300000,3543007000,0.0663,0.214,0.036,35.77,623035000,1483047000,68218000,None,54.63,66.29,12.5,4616277000,2383145000,1080975000,2955497000,2233132000,1874522000,2695277000,1642315000,20.65,-2049404000,74.41,36.93
2025-12-28,FLS,3.44,4687417000.0,20.65,None,1.312,17.69,,None,703445000,703445000,,,,,,,,,220991000,131180000,None,1837661000,1837661000,443113000,None,75599000,856711000,None,None,69888000,,0.84,0.0118,,,,2.795,0.1,153594000,223482000,0.8,2017-12-31,18.21,1218188000,1578785000.0,857616000,92002000,37092000,210049000,210049000,None,81016000,None,884273000,None,None,1499658000,None,None,11835000,None,None,None,0.136,,663226000,194390000,226143000,403966000,None,496954000,None,,,,,1.821,3.988,1.982,,,,,,,,0.0966,,671796000,2025-10-28,annual,0.9,USD,pre-market,24300000,3503947000,0.0663,0.214,0.036,35.77,623035000,1575257000,75599000,0,54.63,66.29,12.5,4910474000,2558745000,1242908000,3239520000,2351729000,1996612000,2695277000,1654587000,20.65,-2059558000,74.41,36.93
2025-12-28,FLS,3.44,4687417000.0,20.65,None,1.312,17.69,,None,367162000,367162000,,,,,,,,,220991000,130975000,None,1837661000,1837661000,412087000,None,85365000,882638000,None,None,69888000,,0.84,0.0118,,,,2.795,0.1,153594000,223482000,0.8,2016-12-31,18.21,1205054000,1578785000.0,857616000,92002000,37092000,214528000,214528000,None,81016000,None,919251000,None,None,1485258000,None,None,11835000,None,None,None,0.136,,663226000,194390000,299716000,390782000,None,407839000,None,,,,,1.821,3.988,1.982,,,,,,,,0.0966,,724805000,2025-10-28,annual,0.9,USD,pre-market,24300000,3632163000,0.0663,0.214,0.036,35.77,623035000,1570623000,85365000,0,54.63,66.29,12.5,4742762000,2331361000,1178141000,3073567000,2411402000,1895426000,2695277000,1648234000,20.65,-2078527000,74.41,36.93
2025-12-28,FLS,3.44,4687417000.0,20.65,None,1.312,17.69,,None,366444000,366444000,,,,,,,,,220991000,133811000,None,1837661000,1837661000,491378000,None,60434000,985772000,None,None,69888000,,0.84,0.0118,,,,2.795,0.1,153594000,223482000,0.8,2015-12-31,18.21,1223986000,1578785000.0,857616000,92002000,37092000,228777000,228777000,None,81016000,None,995565000,None,None,1570836000,None,None,11835000,None,None,None,0.136,,663226000,194390000,126465000,418481000,None,489319000,None,,,,,1.821,3.988,1.982,,,,,,,,0.0966,,758427000,2025-10-28,annual,0.9,USD,pre-market,24300000,3587120000,0.0663,0.214,0.036,35.77,623035000,1620996000,60434000,0,54.63,66.29,12.5,5103850000,2631792000,1359962000,3420117000,2472058000,2060155000,2695277000,1666477000,20.65,-2106785000,74.41,36.93
2025-12-28,FLS,3.44,4687417000.0,20.65,None,1.312,17.69,,None,450350000,450350000,,,,,,,,,220991000,137843000,None,1837661000,1837661000,611715000,None,53131000,1082447000,None,None,69888000,,0.84,0.0118,,,,2.795,0.1,153594000,223482000,0.8,2014-12-31,18.21,1067255000,1578785000.0,857616000,92002000,37092000,146337000,146337000,None,81016000,None,995564000,None,None,1101791000,None,None,11835000,None,None,None,0.136,,663226000,194390000,265802000,427679000,None,452511000,None,,,,,1.821,3.988,1.982,,,,,,,,0.0966,,693881000,2025-10-28,annual,0.9,USD,pre-market,24300000,3415738000,0.0663,0.214,0.036,35.77,623035000,1154922000,53131000,0,54.63,66.29,12.5,4968020000,2794163000,1471875000,3026177000,2173857000,1554302000,2695277000,1931562000,20.65,-1830919000,74.41,36.93
2025-12-28,FLS,3.44,4687417000.0,20.65,None,1.312,17.69,,None,363804000,363804000,,,,,,,,,220991000,142429000,None,1837661000,1837661000,612092000,None,None,1155327000,None,None,69888000,,0.84,0.0118,,,,2.795,0.1,153594000,223482000,0.8,2013-12-31,18.21,1107551000,1578785000.0,857616000,92002000,37092000,160548000,160548000,None,81016000,None,1060670000,None,None,1127619000,None,None,11835000,None,None,None,0.136,,663226000,194390000,267581000,835882000,None,473894000,None,,,,,1.821,3.988,1.982,,,,,,,,0.0966,,716289000,2025-10-28,annual,0.9,USD,pre-market,24300000,2985391000,0.0663,0.214,0.036,35.77,623035000,1200297000,72678000,146000,54.63,66.29,12.5,5036733000,2847382000,1558099000,3159612000,2189351000,1601513000,2695277000,1870379000,20.65,-1600266000,74.41,36.93
2025-12-28,FLS,3.44,4687417000.0,20.65,None,1.312,17.69,,None,304252000,304252000,,,,,,,,,73664000,157970000,None,1837661000,1837661000,616900000,None,None,1103724000,None,None,69888000,,0.84,0.0118,,,,2.795,0.1,153594000,223482000,0.8,2012-12-31,18.21,1053852000,1578785000.0,857616000,92002000,37092000,150075000,150075000,None,81016000,None,1086663000,None,None,869116000,None,None,11835000,None,None,None,0.136,,663226000,194390000,340061000,857259000,None,456742000,None,,,,,1.821,3.988,1.982,,,,,,,,0.0966,,654179000,2025-10-28,annual,0.9,USD,pre-market,24300000,2579308000,0.0663,0.214,0.036,35.77,623035000,928594000,59478000,0,54.63,66.29,12.5,4810958000,2740216000,1590625000,2916483000,2070742000,1325858000,2695277000,1890219000,20.65,-1164496000,74.41,36.93
2025-12-28,FLS,3.44,4687417000.0,20.65,None,1.312,17.69,,None,337356000,337356000,,,,,,,,,73664000,168307000,None,1837661000,1837661000,597342000,None,None,1060249000,None,None,69888000,,0.84,0.0118,,,,2.795,0.1,153594000,223482000,0.8,2011-12-31,18.21,1045077000,1578785000.0,857616000,92002000,37092000,163482000,163482000,None,81016000,None,1008379000,None,None,451593000,None,None,11835000,None,None,None,0.136,,663226000,194390000,322835000,819356000,None,422470000,None,,,,,1.821,3.988,1.982,,,,,,,,0.0966,,598746000,2025-10-28,annual,0.9,USD,pre-market,24300000,2205524000,0.0663,0.214,0.036,35.77,623035000,505216000,53623000,0,54.63,66.29,12.5,4622614000,2628354000,1470321000,2344384000,1994260000,874063000,2695277000,2269813000,20.65,-424052000,74.41,36.93
2025-12-28,FLS,3.44,4687417000.0,20.65,None,1.312,17.69,,None,557579000,557579000,,,,,,,,,73664000,169245000,None,1837661000,1837661000,571021000,None,None,839566000,None,None,69888000,,0.84,0.0118,,,,2.795,0.1,153594000,223482000,0.8,2010-12-31,18.21,1012530000,1578785000.0,857616000,92002000,37092000,147112000,147112000,None,81016000,None,886731000,None,None,476230000,None,None,11835000,None,None,None,0.136,,663226000,194390000,347740000,833873000,None,414272000,None,,,,,1.821,3.988,1.982,,,,,,,,0.0966,,581245000,2025-10-28,annual,0.9,USD,pre-market,24300000,1848680000,0.0663,0.214,0.036,35.77,623035000,527711000,51481000,0,54.63,66.29,12.5,4459910000,2523744000,1456375000,2346877000,1936166000,890502000,2695277000,2103022000,20.65,-292210000,74.41,36.93
2025-12-28,FLS,3.44,4687417000.0,20.65,None,1.312,17.69,,None,654320000,654320000,,,,,,,,,73594000,169086000,None,1837661000,1837661000,493306000,None,None,791722000,None,None,69888000,,0.84,0.0118,,,,2.795,0.1,153594000,223482000,0.8,2009-12-31,18.21,864927000,1578785000.0,857616000,92002000,37092000,124678000,124678000,None,81016000,None,795233000,None,None,539373000,None,None,11835000,None,None,None,0.136,,663226000,194390000,370230000,937422000,None,449691000,None,,,,,1.821,3.988,1.982,,,,,,,,0.0966,,560472000,2025-10-28,annual,0.9,USD,pre-market,24300000,1526774000,0.0663,0.214,0.036,35.77,623035000,566728000,27355000,0,54.63,66.29,12.5,4248894000,2499322000,1458083000,2447147000,1749572000,989064000,2695277000,1796113000,20.65,-275656000,74.41,36.93
2025-12-28,FLS,3.44,4687417000.0,20.65,None,1.312,17.69,,None,471792000,471792000,,,,,,,,,73477000,171540000,None,1837661000,1837661000,598498000,None,None,808522000,None,None,69888000,,0.84,0.0118,,,,2.795,0.1,153594000,223482000,0.8,2008-12-31,18.21,828395000,1578785000.0,857616000,92002000,37092000,121919000,121919000,None,81016000,None,834612000,None,None,545617000,None,None,11835000,None,None,None,0.136,,663226000,194390000,217499000,981767000,None,None,None,,,,,1.821,3.988,1.982,,,,,,,,0.0966,,547235000,2025-10-28,annual,0.9,USD,pre-market,24300000,1159634000,0.0663,0.214,0.036,35.77,623035000,573348000,27731000,264000,54.63,66.29,12.5,4023694000,2332425000,1607996000,2649496000,1691269000,1041500000,2695277000,1367767000,20.65,-248073000,74.41,36.93
2025-12-28,FLS,3.44,4687417000.0,20.65,None,1.312,17.69,,None,370575000,370575000,,,,,,,,,73394000,172045291,None,1837661000,1837661000,513169000,None,None,666733000,None,None,69888000,,0.84,0.0118,,,,2.795,0.1,153594000,223482000,0.8,2007-12-31,18.21,853265000,1578785000.0,857616000,92002000,37092000,134734000,134734000,None,81016000,None,680199000,None,None,550795000,None,None,11835000,None,None,None,0.136,,663226000,194390000,179264000,729830000,None,None,None,,,,,1.821,3.988,1.982,,,,,,,,0.0966,,488892000,2025-10-28,annual,0.9,USD,pre-market,24300000,774366000,0.0663,0.214,0.036,35.77,623035000,557976000,7181000,2663000,54.63,66.29,12.5,3520421000,1896771000,1250180000,2220204000,1623650000,970024000,2695277000,1292977000,20.65,-101781000,74.41,36.93
2025-12-28,FLS,3.44,4687417000.0,20.65,None,1.312,17.69,,None,67000000,67000000,,,,,,,,,73289000,170839604,None,1837661000,1837661000,412869000,None,None,551815000,None,None,69888000,,0.84,0.0118,,,,2.795,0.1,153594000,223482000,0.8,2006-12-31,18.21,851123000,1578785000.0,857616000,92002000,37092000,143358000,143358000,None,81016000,None,547373000,None,None,556519000,None,None,11835000,None,None,None,0.136,,663226000,194390000,136693000,463117000,None,None,None,,,,,1.821,3.988,1.982,,,,,,,,0.0966,,442892000,2025-10-28,annual,0.9,USD,pre-market,24300000,582767000,0.0663,0.214,0.036,35.77,623035000,564569000,8050000,3457000,54.63,66.29,12.5,2869235000,1302881000,884036000,1848649000,1566354000,964613000,2695277000,1020586000,20.65,-95262000,74.41,36.93
2025-12-28,FLS,3.44,4687417000.0,20.65,None,1.312,17.69,,None,92864000,92864000,,,,,,,,,72018000,170740000,None,1837661000,1837661000,316713000,None,None,472946000,None,None,69888000,,0.84,0.0118,,,,2.795,0.1,153594000,223482000,0.8,2005-12-31,18.21,834863000,1578785000.0,857616000,92002000,37092000,146251000,146251000,None,81016000,None,361770000,None,None,652769000,None,None,11835000,None,None,None,0.136,,663226000,194390000,127609000,382396000,None,None,None,,,,,1.821,3.988,1.982,,,,,,,,0.0966,,397622000,2025-10-28,annual,0.9,USD,pre-market,24300000,446163000,0.0663,0.214,0.036,35.77,623035000,665136000,12367000,3628000,54.63,66.29,12.5,2575538000,1071199000,694922000,1743704000,1504339000,1048782000,2695277000,831834000,20.65,-37547000,74.41,36.93
2025-12-28,FLS,3.44,4687417000.0,20.65,None,1.312,17.69,17194000,None,92864000,92864000,-176503000,-16994000,None,None,12519000,None,None,None,72018000,170740000,None,1837661000,1837661000,316713000,None,None,472946000,None,None,69888000,24410000,0.84,0.0118,27462000,27462000,None,2.795,0.1,153594000,223482000,0.8,2025-09-30,18.21,834863000,1578785000.0,857616000,92002000,37092000,146251000,146251000,None,81016000,None,361770000,None,None,652769000,None,None,223858000,None,None,None,0.136,401846000,663226000,194390000,127609000,382396000,None,None,None,None,None,None,None,1.821,3.988,1.982,None,None,None,None,None,-52797000,None,0.0966,None,397622000,2025-10-28,quarterly,0.9,USD,pre-market,24300000,446163000,0.0663,0.214,0.036,35.77,623035000,665136000,12367000,3628000,54.63,66.29,12.5,2575538000,1071199000,694922000,1743704000,1504339000,1048782000,2695277000,831834000,20.65,-37547000,74.41,36.93
2025-12-28,FLS,3.44,4687417000.0,20.65,None,1.312,17.69,16602000,None,92864000,92864000,-70212000,-16197000,None,None,5404000,None,None,None,72018000,170740000,None,1837661000,1837661000,316713000,None,None,472946000,None,None,69888000,23882000,0.84,0.0118,27592000,27592000,None,2.795,0.1,153594000,223482000,0.8,2025-06-30,18.21,834863000,1578785000.0,857616000,92002000,37092000,146251000,146251000,None,81016000,None,361770000,None,None,652769000,None,None,88224000,None,None,None,0.136,154146000,663226000,194390000,127609000,382396000,None,None,None,None,None,None,None,1.821,3.988,1.982,None,None,None,None,None,-31709000,None,0.0966,None,397622000,2025-10-28,quarterly,0.9,USD,pre-market,24300000,446163000,0.0663,0.214,0.036,35.77,623035000,665136000,12367000,3628000,54.63,66.29,12.5,2575538000,1071199000,694922000,1743704000,1504339000,1048782000,2695277000,831834000,20.65,-37547000,74.41,36.93
2025-12-28,FLS,3.44,4687417000.0,20.65,None,1.312,17.69,11738000,None,92864000,92864000,-84232000,-11276000,None,None,8804000,None,None,None,72018000,170740000,None,1837661000,1837661000,316713000,None,None,472946000,None,None,69888000,24402000,0.84,0.0118,27617000,27617000,None,2.795,0.1,153594000,223482000,0.8,2025-03-31,18.21,834863000,1578785000.0,857616000,92002000,37092000,146251000,146251000,None,81016000,None,361770000,None,None,652769000,None,None,79457000,None,None,None,0.136,-49934000,663226000,194390000,127609000,382396000,None,None,None,None,None,None,None,1.821,3.988,1.982,None,None,None,None,None,-21088000,None,0.0966,None,397622000,2025-10-28,quarterly,0.9,USD,pre-market,24300000,446163000,0.0663,0.214,0.036,35.77,623035000,665136000,12367000,3628000,54.63,66.29,12.5,2575538000,1071199000,694922000,1743704000,1504339000,1048782000,2695277000,831834000,20.65,-37547000,74.41,36.93
2025-12-28,FLS,3.44,4687417000.0,20.65,None,1.312,17.69,28850000,None,92864000,92864000,224875000,-333102000,None,None,35928000,None,None,None,72018000,170740000,None,1837661000,1837661000,316713000,None,None,472946000,None,None,69888000,22351000,0.84,0.0118,27592000,27592000,None,2.795,0.1,153594000,223482000,0.8,2024-12-31,18.21,834863000,1578785000.0,857616000,92002000,37092000,146251000,146251000,None,81016000,None,361770000,None,None,652769000,None,None,83510000,None,None,None,0.136,197348000,663226000,194390000,127609000,382396000,None,None,None,None,None,None,None,1.821,3.988,1.982,None,None,None,None,None,-174000,None,0.0966,None,397622000,2025-10-28,quarterly,0.9,USD,pre-market,24300000,446163000,0.0663,0.214,0.036,35.77,623035000,665136000,12367000,3628000,54.63,66.29,12.5,2575538000,1071199000,694922000,1743704000,1504339000,1048782000,2695277000,831834000,20.65,-37547000,74.41,36.93
2025-12-28,FLS,3.44,4687417000.0,20.65,None,1.312,17.69,23880000,None,92864000,92864000,-70697000,-24022000,None,None,-659000,None,None,None,72018000,170740000,None,1837661000,1837661000,316713000,None,None,472946000,None,None,69888000,20973000,0.84,0.0118,27589000,27589000,None,2.795,0.1,153594000,223482000,0.8,2024-09-30,18.21,834863000,1578785000.0,857616000,92002000,37092000,146251000,146251000,None,81016000,None,361770000,None,None,652769000,None,None,63349000,None,None,None,0.136,178485000,663226000,194390000,127609000,382396000,None,None,None,None,None,None,None,1.821,3.988,1.982,None,None,None,None,None,-3909000,None,0.0966,None,397622000,2025-10-28,quarterly,0.9,USD,pre-market,24300000,446163000,0.0663,0.214,0.036,35.77,623035000,665136000,12367000,3628000,54.63,66.29,12.5,2575538000,1071199000,694922000,1743704000,1504339000,1048782000,2695277000,831834000,20.65,-37547000,74.41,36.93
2025-12-28,FLS,3.44,4687417000.0,20.65,None,1.312,17.69,14679000,None,92864000,92864000,17531000,-16504000,None,None,15055000,None,None,None,72018000,170740000,None,1837661000,1837661000,316713000,None,None,472946000,None,None,69888000,20694000,0.84,0.0118,27605000,27605000,None,2.795,0.1,153594000,223482000,0.8,2024-06-30,18.21,834863000,1578785000.0,857616000,92002000,37092000,146251000,146251000,None,81016000,None,361770000,None,None,652769000,None,None,76452000,None,None,None,0.136,-12782000,663226000,194390000,127609000,382396000,None,None,None,None,None,None,None,1.821,3.988,1.982,None,None,None,None,None,-13612000,None,0.0966,None,397622000,2025-10-28,quarterly,0.9,USD,pre-market,24300000,446163000,0.0663,0.214,0.036,35.77,623035000,665136000,12367000,3628000,54.63,66.29,12.5,2575538000,1071199000,694922000,1743704000,1504339000,1048782000,2695277000,831834000,20.65,-37547000,74.41,36.93
2025-12-28,FLS,3.44,4687417000.0,20.65,None,1.312,17.69,13610000,None,92864000,92864000,-54214000,-13586000,None,None,-11452000,None,None,None,72018000,170740000,None,1837661000,1837661000,316713000,None,None,472946000,None,None,69888000,21580000,0.84,0.0118,27654000,27654000,None,2.795,0.1,153594000,223482000,0.8,2024-03-31,18.21,834863000,1578785000.0,857616000,92002000,37092000,146251000,146251000,None,81016000,None,361770000,None,None,652769000,None,None,77915000,None,None,None,0.136,62257000,663226000,194390000,127609000,382396000,None,None,None,None,None,None,None,1.821,3.988,1.982,None,None,None,None,None,-2549000,None,0.0966,None,397622000,2025-10-28,quarterly,0.9,USD,pre-market,24300000,446163000,0.0663,0.214,0.036,35.77,623035000,665136000,12367000,3628000,54.63,66.29,12.5,2575538000,1071199000,694922000,1743704000,1504339000,1048782000,2695277000,831834000,20.65,-37547000,74.41,36.93
2025-12-28,FLS,3.44,4687417000.0,20.65,None,1.312,17.69,19815000,None,92864000,92864000,-120923000,-20203000,None,None,54765000,None,None,None,72018000,170740000,None,1837661000,1837661000,316713000,None,None,472946000,None,None,69888000,20673000,0.84,0.0118,26243000,26243000,None,2.795,0.1,153594000,223482000,0.8,2023-12-31,18.21,834863000,1578785000.0,857616000,92002000,37092000,146251000,146251000,None,81016000,None,361770000,None,None,652769000,None,None,67444000,None,None,None,0.136,194632000,663226000,194390000,127609000,382396000,None,None,None,None,None,None,None,1.821,3.988,1.982,None,None,None,None,None,-42000,None,0.0966,None,397622000,2025-10-28,quarterly,0.9,USD,pre-market,24300000,446163000,0.0663,0.214,0.036,35.77,623035000,665136000,12367000,3628000,54.63,66.29,12.5,2575538000,1071199000,694922000,1743704000,1504339000,1048782000,2695277000,831834000,20.65,-37547000,74.41,36.93
2025-12-28,FLS,3.44,4687417000.0,20.65,None,1.312,17.69,15651000,None,92864000,92864000,196000,-15543000,None,None,-15356000,None,None,None,72018000,170740000,None,1837661000,1837661000,316713000,None,None,472946000,None,None,69888000,20464000,0.84,0.0118,26241000,26241000,None,2.795,0.1,153594000,223482000,0.8,2023-09-30,18.21,834863000,1578785000.0,857616000,92002000,37092000,146251000,146251000,None,81016000,None,361770000,None,None,652769000,None,None,52593000,None,None,None,0.136,80756000,663226000,194390000,127609000,382396000,None,None,None,None,None,None,None,1.821,3.988,1.982,None,None,None,None,None,32000,None,0.0966,None,397622000,2025-10-28,quarterly,0.9,USD,pre-market,24300000,446163000,0.0663,0.214,0.036,35.77,623035000,665136000,12367000,3628000,54.63,66.29,12.5,2575538000,1071199000,694922000,1743704000,1504339000,1048782000,2695277000,831834000,20.65,-37547000,74.41,36.93
2025-12-28,FLS,3.44,4687417000.0,20.65,None,1.312,17.69,16575000,None,92864000,92864000,11532000,-16378000,18950000,None,-28519000,None,None,20899000,72018000,170740000,None,1837661000,1837661000,316713000,None,None,472946000,None,None,69888000,21019000,0.84,0.0118,26242000,26242000,None,2.795,0.1,153594000,223482000,0.8,2023-06-30,18.21,834863000,1578785000.0,857616000,92002000,37092000,146251000,146251000,None,81016000,None,361770000,None,None,652769000,None,None,55155000,None,None,None,0.136,23796000,663226000,194390000,127609000,382396000,None,None,None,None,None,None,None,1.821,3.988,1.982,None,None,None,None,None,-385000,None,0.0966,None,397622000,2025-10-28,quarterly,0.9,USD,pre-market,24300000,446163000,0.0663,0.214,0.036,35.77,623035000,665136000,12367000,3628000,54.63,66.29,12.5,2575538000,1071199000,694922000,1743704000,1504339000,1048782000,2695277000,831834000,20.65,-37547000,74.41,36.93
2025-12-28,FLS,3.44,4687417000.0,20.65,None,1.312,17.69,15318000,None,92864000,92864000,-43819000,-16456000,-33687000,None,-70721000,None,None,-26249000,72018000,170740000,None,1837661000,1837661000,316713000,None,None,472946000,None,None,69888000,21591000,0.84,0.0118,26229000,26229000,None,2.795,0.1,153594000,223482000,0.8,2023-03-31,18.21,834863000,1578785000.0,857616000,92002000,37092000,146251000,146251000,None,81016000,None,361770000,None,None,652769000,None,None,29996000,None,None,None,0.136,26588000,663226000,194390000,127609000,382396000,None,None,None,None,None,None,None,1.821,3.988,1.982,None,None,None,None,None,-5850000,None,0.0966,None,397622000,2025-10-28,quarterly,0.9,USD,pre-market,24300000,446163000,0.0663,0.214,0.036,35.77,623035000,665136000,12367000,3628000,54.63,66.29,12.5,2575538000,1071199000,694922000,1743704000,1504339000,1048782000,2695277000,831834000,20.65,-37547000,74.41,36.93
2025-12-28,FLS,3.44,4687417000.0,20.65,None,1.312,17.69,30456000,None,92864000,92864000,-38234000,39561000,None,None,4446000,None,None,None,72018000,170740000,None,1837661000,1837661000,316713000,None,None,472946000,None,None,69888000,21695000,0.84,0.0118,26143000,26143000,None,2.795,0.1,153594000,223482000,0.8,2022-12-31,18.21,834863000,1578785000.0,857616000,92002000,37092000,146251000,146251000,None,81016000,None,361770000,None,None,652769000,None,None,124962000,None,None,None,0.136,69475000,663226000,194390000,127609000,382396000,None,None,None,None,None,None,None,1.821,3.988,1.982,None,None,None,None,None,-105000,None,0.0966,None,397622000,2025-10-28,quarterly,0.9,USD,pre-market,24300000,446163000,0.0663,0.214,0.036,35.77,623035000,665136000,12367000,3628000,54.63,66.29,12.5,2575538000,1071199000,694922000,1743704000,1504339000,1048782000,2695277000,831834000,20.65,-37547000,74.41,36.93
2025-12-28,FLS,3.44,4687417000.0,20.65,None,1.312,17.69,14819000,None,92864000,92864000,-34068000,-16650000,None,None,-55201000,None,None,None,72018000,170740000,None,1837661000,1837661000,316713000,None,None,472946000,None,None,69888000,22476000,0.84,0.0118,26139000,26139000,None,2.795,0.1,153594000,223482000,0.8,2022-09-30,18.21,834863000,1578785000.0,857616000,92002000,37092000,146251000,146251000,None,81016000,None,361770000,None,None,652769000,None,None,40635000,None,None,None,0.136,-38118000,663226000,194390000,127609000,382396000,None,None,None,None,None,None,None,1.821,3.988,1.982,None,None,None,None,None,-81000,None,0.0966,None,397622000,2025-10-28,quarterly,0.9,USD,pre-market,24300000,446163000,0.0663,0.214,0.036,35.77,623035000,665136000,12367000,3628000,54.63,66.29,12.5,2575538000,1071199000,694922000,1743704000,1504339000,1048782000,2695277000,831834000,20.65,-37547000,74.41,36.93
2025-12-28,FLS,3.44,4687417000.0,20.65,None,1.312,17.69,16960000,None,92864000,92864000,-39319000,-16779000,-100692000,None,-48022000,None,None,-26677000,72018000,170740000,None,1837661000,1837661000,316713000,None,None,472946000,None,None,69888000,23238000,0.84,0.0118,26139000,26139000,None,2.795,0.1,153594000,223482000,0.8,2022-06-30,18.21,834863000,1578785000.0,857616000,92002000,37092000,146251000,146251000,None,81016000,None,361770000,None,None,652769000,None,None,46097000,None,None,None,0.136,-44594000,663226000,194390000,127609000,382396000,None,None,None,None,None,None,None,1.821,3.988,1.982,None,None,None,None,None,-193000,None,0.0966,None,397622000,2025-10-28,quarterly,0.9,USD,pre-market,24300000,446163000,0.0663,0.214,0.036,35.77,623035000,665136000,12367000,3628000,54.63,66.29,12.5,2575538000,1071199000,694922000,1743704000,1504339000,1048782000,2695277000,831834000,20.65,-37547000,74.41,36.93
2025-12-28,FLS,3.44,4687417000.0,20.65,None,1.312,17.69,14052000,None,92864000,92864000,-38391000,-12218000,-77382000,None,-48715000,None,None,5039000,72018000,170740000,None,1837661000,1837661000,316713000,None,None,472946000,None,None,69888000,23544000,0.84,0.0118,26128000,26128000,None,2.795,0.1,153594000,223482000,0.8,2022-03-31,18.21,834863000,1578785000.0,857616000,92002000,37092000,146251000,146251000,None,81016000,None,361770000,None,None,652769000,None,None,-13679000,None,None,None,0.136,-26773000,663226000,194390000,127609000,382396000,None,None,None,None,None,None,None,1.821,3.988,1.982,None,None,None,None,None,-4304000,None,0.0966,None,397622000,2025-10-28,quarterly,0.9,USD,pre-market,24300000,446163000,0.0663,0.214,0.036,35.77,623035000,665136000,12367000,3628000,54.63,66.29,12.5,2575538000,1071199000,694922000,1743704000,1504339000,1048782000,2695277000,831834000,20.65,-37547000,74.41,36.93
2025-12-28,FLS,3.44,4687417000.0,20.65,None,1.312,17.69,20902000,None,92864000,92864000,-872051000,-20764000,-793803000,None,15409000,None,None,-33036000,72018000,170740000,None,1837661000,1837661000,316713000,None,None,472946000,None,None,69888000,22863000,0.84,0.0118,26053000,26053000,None,2.795,0.1,153594000,223482000,0.8,2021-12-31,18.21,834863000,1578785000.0,857616000,92002000,37092000,146251000,146251000,None,81016000,None,361770000,None,None,652769000,None,None,19469000,None,None,None,0.136,99012000,663226000,194390000,127609000,382396000,None,None,None,None,None,None,None,1.821,3.988,1.982,None,None,None,None,None,-85000,None,0.0966,None,397622000,2025-10-28,quarterly,0.9,USD,pre-market,24300000,446163000,0.0663,0.214,0.036,35.77,623035000,665136000,12367000,3628000,54.63,66.29,12.5,2575538000,1071199000,694922000,1743704000,1504339000,1048782000,2695277000,831834000,20.65,-37547000,74.41,36.93
2025-12-28,FLS,3.44,4687417000.0,20.65,None,1.312,17.69,11493000,None,92864000,92864000,763438000,-14873000,838366000,None,-16749000,None,None,10076000,72018000,170740000,None,1837661000,1837661000,316713000,None,None,472946000,None,None,69888000,25035000,0.84,0.0118,26383000,26383000,None,2.795,0.1,153594000,223482000,0.8,2021-09-30,18.21,834863000,1578785000.0,857616000,92002000,37092000,146251000,146251000,None,81016000,None,361770000,None,None,652769000,None,None,51808000,None,None,None,0.136,89801000,663226000,194390000,127609000,382396000,None,None,None,None,None,None,None,1.821,3.988,1.982,None,None,None,None,None,-122000,None,0.0966,None,397622000,2025-10-28,quarterly,0.9,USD,pre-market,24300000,446163000,0.0663,0.214,0.036,35.77,623035000,665136000,12367000,3628000,54.63,66.29,12.5,2575538000,1071199000,694922000,1743704000,1504339000,1048782000,2695277000,831834000,20.65,-37547000,74.41,36.93
2025-12-28,FLS,3.44,4687417000.0,20.65,None,1.312,17.69,11119000,None,92864000,92864000,-41171000,-14352000,-30595000,None,-13796000,None,None,5280000,72018000,170740000,None,1837661000,1837661000,316713000,None,None,472946000,None,None,69888000,26540000,0.84,0.0118,25703000,25703000,None,2.795,0.1,153594000,223482000,0.8,2021-06-30,18.21,834863000,1578785000.0,857616000,92002000,37092000,146251000,146251000,None,81016000,None,361770000,None,None,652769000,None,None,47744000,None,None,None,0.136,24928000,663226000,194390000,127609000,382396000,None,None,None,None,None,None,None,1.821,3.988,1.982,None,None,None,None,None,-12450000,None,0.0966,None,397622000,2025-10-28,quarterly,0.9,USD,pre-market,24300000,446163000,0.0663,0.214,0.036,35.77,623035000,665136000,12367000,3628000,54.63,66.29,12.5,2575538000,1071199000,694922000,1743704000,1504339000,1048782000,2695277000,831834000,20.65,-37547000,74.41,36.93
2025-12-28,FLS,3.44,4687417000.0,20.65,None,1.312,17.69,11422000,None,92864000,92864000,-449923000,-9488000,-423033000,None,-16988000,None,None,9005000,72018000,170740000,None,1837661000,1837661000,316713000,None,None,472946000,None,None,69888000,25384000,0.84,0.0118,26465000,26465000,None,2.795,0.1,153594000,223482000,0.8,2021-03-31,18.21,834863000,1578785000.0,857616000,92002000,37092000,146251000,146251000,None,81016000,None,361770000,None,None,652769000,None,None,17161000,None,None,None,0.136,36378000,663226000,194390000,127609000,382396000,None,None,None,None,None,None,None,1.821,3.988,1.982,None,None,None,None,None,-5081000,None,0.0966,None,397622000,2025-10-28,quarterly,0.9,USD,pre-market,24300000,446163000,0.0663,0.214,0.036,35.77,623035000,665136000,12367000,3628000,54.63,66.29,12.5,2575538000,1071199000,694922000,1743704000,1504339000,1048782000,2695277000,831834000,20.65,-37547000,74.41,36.93
2025-12-28,FLS,3.44,4687417000.0,20.65,None,1.312,17.69,9486000,None,92864000,92864000,-31385000,-7540000,155983000,None,67280000,None,None,21324000,72018000,170740000,None,1837661000,1837661000,316713000,None,None,472946000,None,None,69888000,28078000,0.84,0.0118,26053000,26053000,None,2.795,0.1,153594000,223482000,0.8,2020-12-31,18.21,834863000,1578785000.0,857616000,92002000,37092000,146251000,146251000,None,81016000,None,361770000,None,None,652769000,None,None,60458000,None,None,None,0.136,194908000,663226000,194390000,127609000,382396000,None,None,None,None,None,None,None,1.821,3.988,1.982,None,None,None,None,None,-86000,None,0.0966,None,397622000,2025-10-28,quarterly,0.9,USD,pre-market,24300000,446163000,0.0663,0.214,0.036,35.77,623035000,665136000,12367000,3628000,54.63,66.29,12.5,2575538000,1071199000,694922000,1743704000,1504339000,1048782000,2695277000,831834000,20.65,-37547000,74.41,36.93
2025-12-28,FLS,3.44,4687417000.0,20.65,None,1.312,17.69,17352000,None,92864000,92864000,272587000,-14403000,352252000,None,-15399000,None,None,23466000,72018000,170740000,None,1837661000,1837661000,316713000,None,None,472946000,None,None,69888000,24828000,0.84,0.0118,26052000,26052000,None,2.795,0.1,153594000,223482000,0.8,2020-09-30,18.21,834863000,1578785000.0,857616000,92002000,37092000,146251000,146251000,None,81016000,None,361770000,None,None,652769000,None,None,58762000,None,None,None,0.136,94068000,663226000,194390000,127609000,382396000,None,None,None,None,None,None,None,1.821,3.988,1.982,None,None,None,None,None,-671000,None,0.0966,None,397622000,2025-10-28,quarterly,0.9,USD,pre-market,24300000,446163000,0.0663,0.214,0.036,35.77,623035000,665136000,12367000,3628000,54.63,66.29,12.5,2575538000,1071199000,694922000,1743704000,1504339000,1048782000,2695277000,831834000,20.65,-37547000,74.41,36.93
2025-12-28,FLS,3.44,4687417000.0,20.65,None,1.312,17.69,13117000,None,92864000,92864000,-28251000,-13044000,-68615000,None,6651000,None,None,-18279000,72018000,170740000,None,1837661000,1837661000,316713000,None,None,472946000,None,None,69888000,24010000,0.84,0.0118,26031000,26031000,None,2.795,0.1,153594000,223482000,0.8,2020-06-30,18.21,834863000,1578785000.0,857616000,92002000,37092000,146251000,146251000,None,81016000,None,361770000,None,None,652769000,None,None,8274000,None,None,None,0.136,-27320000,663226000,194390000,127609000,382396000,None,None,None,None,None,None,None,1.821,3.988,1.982,None,None,None,None,None,-713000,None,0.0966,None,397622000,2025-10-28,quarterly,0.9,USD,pre-market,24300000,446163000,0.0663,0.214,0.036,35.77,623035000,665136000,12367000,3628000,54.63,66.29,12.5,2575538000,1071199000,694922000,1743704000,1504339000,1048782000,2695277000,831834000,20.65,-37547000,74.41,36.93
2025-12-28,FLS,3.44,4687417000.0,20.65,None,1.312,17.69,15955000,None,92864000,92864000,-65481000,-5218000,-23196000,None,-43226000,None,None,19137000,72018000,170740000,None,1837661000,1837661000,316713000,None,None,472946000,None,None,69888000,23837000,0.84,0.0118,26023000,26023000,None,2.795,0.1,153594000,223482000,0.8,2020-03-31,18.21,834863000,1578785000.0,857616000,92002000,37092000,146251000,146251000,None,81016000,None,361770000,None,None,652769000,None,None,14223000,None,None,None,0.136,47503000,663226000,194390000,127609000,382396000,None,None,None,None,None,None,None,1.821,3.988,1.982,None,None,None,None,None,-32112000,None,0.0966,None,397622000,2025-10-28,quarterly,0.9,USD,pre-market,24300000,446163000,0.0663,0.214,0.036,35.77,623035000,665136000,12367000,3628000,54.63,66.29,12.5,2575538000,1071199000,694922000,1743704000,1504339000,1048782000,2695277000,831834000,20.65,-37547000,74.41,36.93
2025-12-28,FLS,3.44,4687417000.0,20.65,None,1.312,17.69,21546000,None,92864000,92864000,-34110000,-19986000,131663000,None,37637000,None,None,16234000,72018000,170740000,None,1837661000,1837661000,316713000,None,None,472946000,None,None,69888000,25340000,0.84,0.0118,24862000,24862000,None,2.795,0.1,153594000,223482000,0.8,2019-12-31,18.21,834863000,1578785000.0,857616000,92002000,37092000,146251000,146251000,None,81016000,None,361770000,None,None,652769000,None,None,71246000,None,None,None,0.136,168750000,663226000,194390000,127609000,382396000,None,None,None,None,None,None,None,1.821,3.988,1.982,None,None,None,None,None,-9568000,None,0.0966,None,397622000,2025-10-28,quarterly,0.9,USD,pre-market,24300000,446163000,0.0663,0.214,0.036,35.77,623035000,665136000,12367000,3628000,54.63,66.29,12.5,2575538000,1071199000,694922000,1743704000,1504339000,1048782000,2695277000,831834000,20.65,-37547000,74.41,36.93
2025-12-28,FLS,3.44,4687417000.0,20.65,None,1.312,17.69,20009000,None,92864000,92864000,-108717000,-19538000,-49200000,-16239000,-16670000,None,None,94000,72018000,170740000,None,1837661000,1837661000,316713000,None,None,472946000,None,None,69888000,24785000,0.84,0.0118,24923000,24923000,None,2.795,0.1,153594000,223482000,0.8,2019-09-30,18.21,834863000,1578785000.0,857616000,92002000,37092000,146251000,146251000,None,81016000,None,361770000,None,None,652769000,None,None,52931000,None,None,None,0.136,93873000,663226000,194390000,127609000,382396000,None,None,None,None,None,None,None,1.821,3.988,1.982,None,None,None,None,None,-5432000,None,0.0966,None,397622000,2025-10-28,quarterly,0.9,USD,pre-market,24300000,446163000,0.0663,0.214,0.036,35.77,623035000,665136000,12367000,3628000,54.63,66.29,12.5,2575538000,1071199000,694922000,1743704000,1504339000,1048782000,2695277000,831834000,20.65,-37547000,74.41,36.93
2025-12-28,FLS,3.44,4687417000.0,20.65,None,1.312,17.69,14629000,None,92864000,92864000,-43042000,-13538000,-41240000,4509000,1868000,None,None,-21619000,72018000,170740000,None,1837661000,1837661000,316713000,None,None,472946000,None,None,69888000,27203000,0.84,0.0118,24863000,24863000,None,2.795,0.1,153594000,223482000,0.8,2019-06-30,18.21,834863000,1578785000.0,857616000,92002000,37092000,146251000,146251000,None,81016000,None,361770000,None,None,652769000,None,None,60475000,None,None,None,0.136,10831000,663226000,194390000,127609000,382396000,None,None,None,None,None,None,None,1.821,3.988,1.982,None,None,None,None,None,-580000,None,0.0966,None,397622000,2025-10-28,quarterly,0.9,USD,pre-market,24300000,446163000,0.0663,0.214,0.036,35.77,623035000,665136000,12367000,3628000,54.63,66.29,12.5,2575538000,1071199000,694922000,1743704000,1504339000,1048782000,2695277000,831834000,20.65,-37547000,74.41,36.93
2025-12-28,FLS,3.44,4687417000.0,20.65,None,1.312,17.69,10638000,None,92864000,92864000,-43786000,28573000,18027000,-5279000,-49478000,None,None,8174000,72018000,170740000,None,1837661000,1837661000,316713000,None,None,472946000,None,None,69888000,27466000,0.84,0.0118,24909000,24909000,None,2.795,0.1,153594000,223482000,0.8,2019-03-31,18.21,834863000,1578785000.0,857616000,92002000,37092000,146251000,146251000,None,81016000,None,361770000,None,None,652769000,None,None,59496000,None,None,None,0.136,38519000,663226000,194390000,127609000,382396000,None,None,None,None,None,None,None,1.821,3.988,1.982,None,None,None,None,None,-2861000,None,0.0966,None,397622000,2025-10-28,quarterly,0.9,USD,pre-market,24300000,446163000,0.0663,0.214,0.036,35.77,623035000,665136000,12367000,3628000,54.63,66.29,12.5,2575538000,1071199000,694922000,1743704000,1504339000,1048782000,2695277000,831834000,20.65,-37547000,74.41,36.93
2025-12-28,FLS,3.44,4687417000.0,20.65,None,1.312,17.69,34017000,None,92864000,92864000,-40058000,-31889000,89741000,-2805000,17385000,None,None,-15967000,72018000,170740000,None,1837661000,1837661000,316713000,None,None,472946000,None,None,69888000,27257000,0.84,0.0118,24868000,24868000,None,2.795,0.1,153594000,223482000,0.8,2018-12-31,18.21,834863000,1578785000.0,857616000,92002000,37092000,146251000,146251000,None,81016000,None,361770000,None,None,652769000,None,None,64365000,None,None,None,0.136,164493000,663226000,194390000,127609000,382396000,None,None,None,None,None,None,None,1.821,3.988,1.982,None,None,None,None,None,-89000,None,0.0966,None,397622000,2025-10-28,quarterly,0.9,USD,pre-market,24300000,446163000,0.0663,0.214,0.036,35.77,623035000,665136000,12367000,3628000,54.63,66.29,12.5,2575538000,1071199000,694922000,1743704000,1504339000,1048782000,2695277000,831834000,20.65,-37547000,74.41,36.93
2025-12-28,FLS,3.44,4687417000.0,20.65,None,1.312,17.69,18229000,None,92864000,92864000,-45978000,-18738000,12500000,-5859000,10715000,None,None,22754000,72018000,170740000,None,1837661000,1837661000,316713000,None,None,472946000,None,None,69888000,27580000,0.84,0.0118,24867000,24867000,None,2.795,0.1,153594000,223482000,0.8,2018-09-30,18.21,834863000,1578785000.0,857616000,92002000,37092000,146251000,146251000,None,81016000,None,361770000,None,None,652769000,None,None,29439000,None,None,None,0.136,83075000,663226000,194390000,127609000,382396000,None,None,None,None,None,None,None,1.821,3.988,1.982,None,None,None,None,None,-41000,None,0.0966,None,397622000,2025-10-28,quarterly,0.9,USD,pre-market,24300000,446163000,0.0663,0.214,0.036,35.77,623035000,665136000,12367000,3628000,54.63,66.29,12.5,2575538000,1071199000,694922000,1743704000,1504339000,1048782000,2695277000,831834000,20.65,-37547000,74.41,36.93
2025-12-28,FLS,3.44,4687417000.0,20.65,None,1.312,17.69,18257000,None,92864000,92864000,-40393000,-17949000,-18215000,-23863000,-8815000,None,None,-74085000,72018000,170740000,None,1837661000,1837661000,316713000,None,None,472946000,None,None,69888000,28723000,0.84,0.0118,24855000,24855000,None,2.795,0.1,153594000,223482000,0.8,2018-06-30,18.21,834863000,1578785000.0,857616000,92002000,37092000,146251000,146251000,None,81016000,None,361770000,None,None,652769000,None,None,14787000,None,None,None,0.136,63990000,663226000,194390000,127609000,382396000,None,None,None,None,None,None,None,1.821,3.988,1.982,None,None,None,None,None,-643000,None,0.0966,None,397622000,2025-10-28,quarterly,0.9,USD,pre-market,24300000,446163000,0.0663,0.214,0.036,35.77,623035000,665136000,12367000,3628000,54.63,66.29,12.5,2575538000,1071199000,694922000,1743704000,1504339000,1048782000,2695277000,831834000,20.65,-37547000,74.41,36.93
2025-12-28,FLS,3.44,4687417000.0,20.65,None,1.312,17.69,13490000,None,92864000,92864000,-46855000,-12890000,-167788000,12684000,-48599000,None,None,41850000,72018000,170740000,None,1837661000,1837661000,316713000,None,None,472946000,None,None,69888000,28913000,0.84,0.0118,24826000,24826000,None,2.795,0.1,153594000,223482000,0.8,2018-03-31,18.21,834863000,1578785000.0,857616000,92002000,37092000,146251000,146251000,None,81016000,None,361770000,None,None,652769000,None,None,16459000,None,None,None,0.136,-120727000,663226000,194390000,127609000,382396000,None,None,None,None,None,None,None,1.821,3.988,1.982,None,None,None,None,None,-2288000,None,0.0966,None,397622000,2025-10-28,quarterly,0.9,USD,pre-market,24300000,446163000,0.0663,0.214,0.036,35.77,623035000,665136000,12367000,3628000,54.63,66.29,12.5,2575538000,1071199000,694922000,1743704000,1504339000,1048782000,2695277000,831834000,20.65,-37547000,74.41,36.93
2025-12-28,FLS,3.44,4687417000.0,20.65,None,1.312,17.69,20982000,None,92864000,92864000,-49139000,5468000,201302000,6267000,68997000,None,None,-3619000,72018000,170740000,None,1837661000,1837661000,316713000,None,None,472946000,None,None,69888000,30510000,0.84,0.0118,24821000,24821000,None,2.795,0.1,153594000,223482000,0.8,2017-12-31,18.21,834863000,1578785000.0,857616000,92002000,37092000,146251000,146251000,None,81016000,None,361770000,None,None,652769000,None,None,-105888000,None,None,None,0.136,238706000,663226000,194390000,127609000,382396000,None,None,None,None,None,None,None,1.821,3.988,1.982,None,None,None,None,None,49000,None,0.0966,None,397622000,2025-10-28,quarterly,0.9,USD,pre-market,24300000,446163000,0.0663,0.214,0.036,35.77,623035000,665136000,12367000,3628000,54.63,66.29,12.5,2575538000,1071199000,694922000,1743704000,1504339000,1048782000,2695277000,831834000,20.65,-37547000,74.41,36.93
2025-12-28,FLS,3.44,4687417000.0,20.65,None,1.312,17.69,11173000,None,92864000,92864000,-53752000,16358000,-3018000,8616000,-3078000,None,None,-8366000,72018000,170740000,None,1837661000,1837661000,316713000,None,None,472946000,None,None,69888000,30549000,0.84,0.0118,24833000,24833000,None,2.795,0.1,153594000,223482000,0.8,2017-09-30,18.21,834863000,1578785000.0,857616000,92002000,37092000,146251000,146251000,None,81016000,None,361770000,None,None,652769000,None,None,48742000,None,None,None,0.136,25760000,663226000,194390000,127609000,382396000,None,None,None,None,None,None,None,1.821,3.988,1.982,None,None,None,None,None,306000,None,0.0966,None,397622000,2025-10-28,quarterly,0.9,USD,pre-market,24300000,446163000,0.0663,0.214,0.036,35.77,623035000,665136000,12367000,3628000,54.63,66.29,12.5,2575538000,1071199000,694922000,1743704000,1504339000,1048782000,2695277000,831834000,20.65,-37547000,74.41,36.93
2025-12-28,FLS,3.44,4687417000.0,20.65,None,1.312,17.69,13585000,None,92864000,92864000,-43636000,170269000,179378000,10072000,5392000,None,None,4735000,72018000,170740000,None,1837661000,1837661000,316713000,None,None,472946000,None,None,69888000,28770000,0.84,0.0118,24794000,24794000,None,2.795,0.1,153594000,223482000,0.8,2017-06-30,18.21,834863000,1578785000.0,857616000,92002000,37092000,146251000,146251000,None,81016000,None,361770000,None,None,652769000,None,None,42185000,None,None,None,0.136,42673000,663226000,194390000,127609000,382396000,None,None,None,None,None,None,None,1.821,3.988,1.982,None,None,None,None,None,-3395000,None,0.0966,None,397622000,2025-10-28,quarterly,0.9,USD,pre-market,24300000,446163000,0.0663,0.214,0.036,35.77,623035000,665136000,12367000,3628000,54.63,66.29,12.5,2575538000,1071199000,694922000,1743704000,1504339000,1048782000,2695277000,831834000,20.65,-37547000,74.41,36.93
2025-12-28,FLS,3.44,4687417000.0,20.65,None,1.312,17.69,15862000,None,92864000,92864000,-38826000,-15495000,-41379000,9015000,-22669000,None,None,67466000,72018000,170740000,None,1837661000,1837661000,316713000,None,None,472946000,None,None,69888000,28625000,0.84,0.0118,24785000,24785000,None,2.795,0.1,153594000,223482000,0.8,2017-03-31,18.21,834863000,1578785000.0,857616000,92002000,37092000,146251000,146251000,None,81016000,None,361770000,None,None,652769000,None,None,19289000,None,None,None,0.136,3927000,663226000,194390000,127609000,382396000,None,None,None,None,None,None,None,1.821,3.988,1.982,None,None,None,None,None,-3198000,None,0.0966,None,397622000,2025-10-28,quarterly,0.9,USD,pre-market,24300000,446163000,0.0663,0.214,0.036,35.77,623035000,665136000,12367000,3628000,54.63,66.29,12.5,2575538000,1071199000,694922000,1743704000,1504339000,1048782000,2695277000,831834000,20.65,-37547000,74.41,36.93
2025-12-28,FLS,3.44,4687417000.0,20.65,None,1.312,17.69,25224000,None,92864000,92864000,-29325000,-22562000,106292000,-11222000,78252000,None,None,-33263000,72018000,170740000,None,1837661000,1837661000,316713000,None,None,472946000,None,None,69888000,29453000,0.84,0.0118,24786000,24786000,None,2.795,0.1,153594000,223482000,0.8,2016-12-31,18.21,834863000,1578785000.0,857616000,92002000,37092000,146251000,146251000,None,81016000,None,361770000,None,None,652769000,None,None,66987000,None,None,None,0.136,169401000,663226000,194390000,127609000,382396000,None,None,None,None,None,None,None,1.821,3.988,1.982,None,None,None,None,None,-138000,None,0.0966,None,397622000,2025-10-28,quarterly,0.9,USD,pre-market,24300000,446163000,0.0663,0.214,0.036,35.77,623035000,665136000,12367000,3628000,54.63,66.29,12.5,2575538000,1071199000,694922000,1743704000,1504339000,1048782000,2695277000,831834000,20.65,-37547000,74.41,36.93
2025-12-28,FLS,3.44,4687417000.0,20.65,None,1.312,17.69,27563000,None,92864000,92864000,-35479000,-28358000,-5143000,1389000,4489000,None,None,28842000,72018000,170740000,None,1837661000,1837661000,316713000,None,None,472946000,None,None,69888000,28887000,0.84,0.0118,24779000,24779000,None,2.795,0.1,153594000,223482000,0.8,2016-09-30,18.21,834863000,1578785000.0,857616000,92002000,37092000,146251000,146251000,None,81016000,None,361770000,None,None,652769000,None,None,-15034000,None,None,None,0.136,60244000,663226000,194390000,127609000,382396000,None,None,None,None,None,None,None,1.821,3.988,1.982,None,None,None,None,None,-1755000,None,0.0966,None,397622000,2025-10-28,quarterly,0.9,USD,pre-market,24300000,446163000,0.0663,0.214,0.036,35.77,623035000,665136000,12367000,3628000,54.63,66.29,12.5,2575538000,1071199000,694922000,1743704000,1504339000,1048782000,2695277000,831834000,20.65,-37547000,74.41,36.93
2025-12-28,FLS,3.44,4687417000.0,20.65,None,1.312,17.69,16700000,None,92864000,92864000,-40861000,-20438000,-44305000,-2326000,17999000,None,None,-48301000,72018000,170740000,None,1837661000,1837661000,316713000,None,None,472946000,None,None,69888000,29784000,0.84,0.0118,24766000,24766000,None,2.795,0.1,153594000,223482000,0.8,2016-06-30,18.21,834863000,1578785000.0,857616000,92002000,37092000,146251000,146251000,None,81016000,None,361770000,None,None,652769000,None,None,54363000,None,None,None,0.136,19321000,663226000,194390000,127609000,382396000,None,None,None,None,None,None,None,1.821,3.988,1.982,None,None,None,None,None,-6156000,None,0.0966,None,397622000,2025-10-28,quarterly,0.9,USD,pre-market,24300000,446163000,0.0663,0.214,0.036,35.77,623035000,665136000,12367000,3628000,54.63,66.29,12.5,2575538000,1071199000,694922000,1743704000,1504339000,1048782000,2695277000,831834000,20.65,-37547000,74.41,36.93
2025-12-28,FLS,3.44,4687417000.0,20.65,None,1.312,17.69,20212000,None,92864000,92864000,-37921000,-20111000,-56126000,7591000,-69863000,None,None,89649000,72018000,170740000,None,1837661000,1837661000,316713000,None,None,472946000,None,None,69888000,28628000,0.84,0.0118,23415000,23415000,None,2.795,0.1,153594000,223482000,0.8,2016-03-31,18.21,834863000,1578785000.0,857616000,92002000,37092000,146251000,146251000,None,81016000,None,361770000,None,None,652769000,None,None,34291000,None,None,None,0.136,-8625000,663226000,194390000,127609000,382396000,None,None,None,None,None,None,None,1.821,3.988,1.982,None,None,None,None,None,-2356000,None,0.0966,None,397622000,2025-10-28,quarterly,0.9,USD,pre-market,24300000,446163000,0.0663,0.214,0.036,35.77,623035000,665136000,12367000,3628000,54.63,66.29,12.5,2575538000,1071199000,694922000,1743704000,1504339000,1048782000,2695277000,831834000,20.65,-37547000,74.41,36.93
2025-12-28,FLS,3.44,4687417000.0,20.65,None,1.312,17.69,43329000,None,92864000,92864000,-109867000,-37212000,128602000,-10370000,93298000,None,None,-16219000,72018000,170740000,None,1837661000,1837661000,316713000,None,None,472946000,None,None,69888000,27517000,0.84,0.0118,23650000,23650000,None,2.795,0.1,153594000,223482000,0.8,2015-12-31,18.21,834863000,1578785000.0,857616000,92002000,37092000,146251000,146251000,None,81016000,None,361770000,None,None,652769000,None,None,72462000,None,None,None,0.136,286051000,663226000,194390000,127609000,382396000,None,None,None,None,None,None,None,1.821,3.988,1.982,None,None,None,None,None,-53969000,None,0.0966,None,397622000,2025-10-28,quarterly,0.9,USD,pre-market,24300000,446163000,0.0663,0.214,0.036,35.77,623035000,665136000,12367000,3628000,54.63,66.29,12.5,2575538000,1071199000,694922000,1743704000,1504339000,1048782000,2695277000,831834000,20.65,-37547000,74.41,36.93
2025-12-28,FLS,3.44,4687417000.0,20.65,None,1.312,17.69,24738000,None,92864000,92864000,-145752000,-34616000,-77462000,-10071000,-6525000,None,None,21284000,72018000,170740000,None,1837661000,1837661000,316713000,None,None,472946000,None,None,69888000,32467000,0.84,0.0118,24072000,24072000,None,2.795,0.1,153594000,223482000,0.8,2015-09-30,18.21,834863000,1578785000.0,857616000,92002000,37092000,146251000,146251000,None,81016000,None,361770000,None,None,652769000,None,None,94536000,None,None,None,0.136,112977000,663226000,194390000,127609000,382396000,None,None,None,None,None,None,None,1.821,3.988,1.982,None,None,None,None,None,-110038000,None,0.0966,None,397622000,2025-10-28,quarterly,0.9,USD,pre-market,24300000,446163000,0.0663,0.214,0.036,35.77,623035000,665136000,12367000,3628000,54.63,66.29,12.5,2575538000,1071199000,694922000,1743704000,1504339000,1048782000,2695277000,831834000,20.65,-37547000,74.41,36.93
2025-12-28,FLS,3.44,4687417000.0,20.65,None,1.312,17.69,29827000,None,92864000,92864000,-101934000,-29604000,-18472000,1801000,4843000,None,None,-14020000,72018000,170740000,None,1837661000,1837661000,316713000,None,None,472946000,None,None,69888000,33259000,0.84,0.0118,24242000,24242000,None,2.795,0.1,153594000,223482000,0.8,2015-06-30,18.21,834863000,1578785000.0,857616000,92002000,37092000,146251000,146251000,None,81016000,None,361770000,None,None,652769000,None,None,76631000,None,None,None,0.136,111265000,663226000,194390000,127609000,382396000,None,None,None,None,None,None,None,1.821,3.988,1.982,None,None,None,None,None,-59745000,None,0.0966,None,397622000,2025-10-28,quarterly,0.9,USD,pre-market,24300000,446163000,0.0663,0.214,0.036,35.77,623035000,665136000,12367000,3628000,54.63,66.29,12.5,2575538000,1071199000,694922000,1743704000,1504339000,1048782000,2695277000,831834000,20.65,-37547000,74.41,36.93
2025-12-28,FLS,3.44,4687417000.0,20.65,None,1.312,17.69,83967000,None,92864000,92864000,418875000,-423863000,-116574000,-18385000,-117848000,None,None,59396000,72018000,170740000,None,1837661000,1837661000,316713000,None,None,472946000,None,None,69888000,33844000,0.84,0.0118,21686000,21686000,None,2.795,0.1,153594000,223482000,0.8,2015-03-31,18.21,834863000,1578785000.0,857616000,92002000,37092000,146251000,146251000,None,81016000,None,361770000,None,None,652769000,None,None,29645000,None,None,None,0.136,-93201000,663226000,194390000,127609000,382396000,None,None,None,None,None,None,None,1.821,3.988,1.982,None,None,None,None,None,-79899000,None,0.0966,None,397622000,2025-10-28,quarterly,0.9,USD,pre-market,24300000,446163000,0.0663,0.214,0.036,35.77,623035000,665136000,12367000,3628000,54.63,66.29,12.5,2575538000,1071199000,694922000,1743704000,1504339000,1048782000,2695277000,831834000,20.65,-37547000,74.41,36.93
2025-12-28,FLS,3.44,4687417000.0,20.65,None,1.312,17.69,49017000,None,92864000,92864000,-90049000,-48899000,287481000,-18332000,78329000,None,None,-52509000,72018000,170740000,None,1837661000,1837661000,316713000,None,None,472946000,None,None,69888000,26974000,0.84,0.0118,21831000,21831000,None,2.795,0.1,153594000,223482000,0.8,2014-12-31,18.21,834863000,1578785000.0,857616000,92002000,37092000,146251000,146251000,None,81016000,None,361770000,None,None,652769000,None,None,160533000,None,None,None,0.136,444761000,663226000,194390000,127609000,382396000,None,None,None,None,None,None,None,1.821,3.988,1.982,None,None,None,None,None,-58180000,None,0.0966,None,397622000,2025-10-28,quarterly,0.9,USD,pre-market,24300000,446163000,0.0663,0.214,0.036,35.77,623035000,665136000,12367000,3628000,54.63,66.29,12.5,2575538000,1071199000,694922000,1743704000,1504339000,1048782000,2695277000,831834000,20.65,-37547000,74.41,36.93
2025-12-28,FLS,3.44,4687417000.0,20.65,None,1.312,17.69,29936000,None,92864000,92864000,-77594000,-29112000,19300000,-11462000,1261000,None,None,-12451000,72018000,170740000,None,1837661000,1837661000,316713000,None,None,472946000,None,None,69888000,27660000,0.84,0.0118,21905000,21905000,None,2.795,0.1,153594000,223482000,0.8,2014-09-30,18.21,834863000,1578785000.0,857616000,92002000,37092000,146251000,146251000,None,81016000,None,361770000,None,None,652769000,None,None,130600000,None,None,None,0.136,141119000,663226000,194390000,127609000,382396000,None,None,None,None,None,None,None,1.821,3.988,1.982,None,None,None,None,None,-35256000,None,0.0966,None,397622000,2025-10-28,quarterly,0.9,USD,pre-market,24300000,446163000,0.0663,0.214,0.036,35.77,623035000,665136000,12367000,3628000,54.63,66.29,12.5,2575538000,1071199000,694922000,1743704000,1504339000,1048782000,2695277000,831834000,20.65,-37547000,74.41,36.93
2025-12-28,FLS,3.44,4687417000.0,20.65,None,1.312,17.69,22003000,None,92864000,92864000,-70800000,-21515000,-20847000,-1930000,-38119000,None,None,-91959000,72018000,170740000,None,1837661000,1837661000,316713000,None,None,472946000,None,None,69888000,28280000,0.84,0.0118,21995000,21995000,None,2.795,0.1,153594000,223482000,0.8,2014-06-30,18.21,834863000,1578785000.0,857616000,92002000,37092000,146251000,146251000,None,81016000,None,361770000,None,None,652769000,None,None,125164000,None,None,None,0.136,73398000,663226000,194390000,127609000,382396000,None,None,None,None,None,None,None,1.821,3.988,1.982,None,None,None,None,None,-43463000,None,0.0966,None,397622000,2025-10-28,quarterly,0.9,USD,pre-market,24300000,446163000,0.0663,0.214,0.036,35.77,623035000,665136000,12367000,3628000,54.63,66.29,12.5,2575538000,1071199000,694922000,1743704000,1504339000,1048782000,2695277000,831834000,20.65,-37547000,74.41,36.93
2025-12-28,FLS,3.44,4687417000.0,20.65,None,1.312,17.69,31663000,None,92864000,92864000,-129215000,15443000,-199388000,-951000,-76990000,None,None,77264000,72018000,170740000,None,1837661000,1837661000,316713000,None,None,472946000,None,None,69888000,27363000,0.84,0.0118,19387000,19387000,None,2.795,0.1,153594000,223482000,0.8,2014-03-31,18.21,834863000,1578785000.0,857616000,92002000,37092000,146251000,146251000,None,81016000,None,361770000,None,None,652769000,None,None,108588000,None,None,None,0.136,-84665000,663226000,194390000,127609000,382396000,None,None,None,None,None,None,None,1.821,3.988,1.982,None,None,None,None,None,-109605000,None,0.0966,None,397622000,2025-10-28,quarterly,0.9,USD,pre-market,24300000,446163000,0.0663,0.214,0.036,35.77,623035000,665136000,12367000,3628000,54.63,66.29,12.5,2575538000,1071199000,694922000,1743704000,1504339000,1048782000,2695277000,831834000,20.65,-37547000,74.41,36.93
2025-12-28,FLS,3.44,4687417000.0,20.65,None,1.312,17.69,44388000,None,92864000,92864000,-18815000,-110362000,250053000,359000,130361000,None,None,-64651000,72018000,170740000,None,1837661000,1837661000,316713000,None,None,472946000,None,None,69888000,27808000,0.84,0.0118,19560000,19560000,None,2.795,0.1,153594000,223482000,0.8,2013-12-31,18.21,834863000,1578785000.0,857616000,92002000,37092000,146251000,146251000,None,81016000,None,361770000,None,None,652769000,None,None,141993000,None,None,None,0.136,378871000,663226000,194390000,127609000,382396000,None,None,None,None,None,None,None,1.821,3.988,1.982,None,None,None,None,None,-88183000,None,0.0966,None,397622000,2025-10-28,quarterly,0.9,USD,pre-market,24300000,446163000,0.0663,0.214,0.036,35.77,623035000,665136000,12367000,3628000,54.63,66.29,12.5,2575538000,1071199000,694922000,1743704000,1504339000,1048782000,2695277000,831834000,20.65,-37547000,74.41,36.93
2025-12-28,FLS,3.44,4687417000.0,20.65,None,1.312,17.69,33543000,None,92864000,92864000,-101026000,-32910000,9039000,1261000,18926000,None,None,4936000,72018000,170740000,None,1837661000,1837661000,316713000,None,None,472946000,None,None,69888000,26961000,0.84,0.0118,19716000,19716000,None,2.795,0.1,153594000,223482000,0.8,2013-09-30,18.21,834863000,1578785000.0,857616000,92002000,37092000,146251000,146251000,None,81016000,None,361770000,None,None,652769000,None,None,126532000,None,None,None,0.136,141714000,663226000,194390000,127609000,382396000,None,None,None,None,None,None,None,1.821,3.988,1.982,None,None,None,None,None,-63810000,None,0.0966,None,397622000,2025-10-28,quarterly,0.9,USD,pre-market,24300000,446163000,0.0663,0.214,0.036,35.77,623035000,665136000,12367000,3628000,54.63,66.29,12.5,2575538000,1071199000,694922000,1743704000,1504339000,1048782000,2695277000,831834000,20.65,-37547000,74.41,36.93
2025-12-28,FLS,3.44,4687417000.0,20.65,None,1.312,17.69,26901000,None,92864000,92864000,-110601000,-26777000,-64725000,-2591000,-37169000,None,None,-34331000,72018000,170740000,None,1837661000,1837661000,316713000,None,None,472946000,None,None,69888000,26413000,0.84,0.0118,20107000,20107000,None,2.795,0.1,153594000,223482000,0.8,2013-06-30,18.21,834863000,1578785000.0,857616000,92002000,37092000,146251000,146251000,None,81016000,None,361770000,None,None,652769000,None,None,120895000,None,None,None,0.136,75244000,663226000,194390000,127609000,382396000,None,None,None,None,None,None,None,1.821,3.988,1.982,None,None,None,None,None,-150765000,None,0.0966,None,397622000,2025-10-28,quarterly,0.9,USD,pre-market,24300000,446163000,0.0663,0.214,0.036,35.77,623035000,665136000,12367000,3628000,54.63,66.29,12.5,2575538000,1071199000,694922000,1743704000,1504339000,1048782000,2695277000,831834000,20.65,-37547000,74.41,36.93
2025-12-28,FLS,3.44,4687417000.0,20.65,None,1.312,17.69,34258000,None,92864000,92864000,-25382000,2051000,-134815000,-3414000,-83502000,None,None,40223000,72018000,170740000,None,1837661000,1837661000,316713000,None,None,472946000,None,None,69888000,25210000,0.84,0.0118,17514000,17514000,None,2.795,0.1,153594000,223482000,0.8,2013-03-31,18.21,834863000,1578785000.0,857616000,92002000,37092000,146251000,146251000,None,81016000,None,361770000,None,None,652769000,None,None,98900000,None,None,None,0.136,-108070000,663226000,194390000,127609000,382396000,None,None,None,None,None,None,None,1.821,3.988,1.982,None,None,None,None,None,-155552000,None,0.0966,None,397622000,2025-10-28,quarterly,0.9,USD,pre-market,24300000,446163000,0.0663,0.214,0.036,35.77,623035000,665136000,12367000,3628000,54.63,66.29,12.5,2575538000,1071199000,694922000,1743704000,1504339000,1048782000,2695277000,831834000,20.65,-37547000,74.41,36.93
2025-12-28,FLS,3.44,4687417000.0,20.65,None,1.312,17.69,51359000,None,92864000,92864000,-264009000,-45899000,86832000,2174000,76548000,None,None,10492000,72018000,170740000,None,1837661000,1837661000,316713000,None,None,472946000,None,None,69888000,26448000,0.84,0.0118,18196000,18196000,None,2.795,0.1,153594000,223482000,0.8,2012-12-31,18.21,834863000,1578785000.0,857616000,92002000,37092000,146251000,146251000,None,81016000,None,361770000,None,None,652769000,None,None,141938000,None,None,None,0.136,394566000,663226000,194390000,127609000,382396000,None,None,None,None,None,None,None,1.821,3.988,1.982,None,None,None,None,None,-238078000,None,0.0966,None,397622000,2025-10-28,quarterly,0.9,USD,pre-market,24300000,446163000,0.0663,0.214,0.036,35.77,623035000,665136000,12367000,3628000,54.63,66.29,12.5,2575538000,1071199000,694922000,1743704000,1504339000,1048782000,2695277000,831834000,20.65,-37547000,74.41,36.93
2025-12-28,FLS,3.44,4687417000.0,20.65,None,1.312,17.69,27295000,None,92864000,92864000,2255000,-25929000,42207000,3692000,6485000,None,None,-32249000,72018000,170740000,None,1837661000,1837661000,316713000,None,None,472946000,None,None,69888000,26266000,0.84,0.0118,18487000,18487000,None,2.795,0.1,153594000,223482000,0.8,2012-09-30,18.21,834863000,1578785000.0,857616000,92002000,37092000,146251000,146251000,None,81016000,None,361770000,None,None,652769000,None,None,106834000,None,None,None,0.136,62189000,663226000,194390000,127609000,382396000,None,None,None,None,None,None,None,1.821,3.988,1.982,None,None,None,None,None,-100966000,None,0.0966,None,397622000,2025-10-28,quarterly,0.9,USD,pre-market,24300000,446163000,0.0663,0.214,0.036,35.77,623035000,665136000,12367000,3628000,54.63,66.29,12.5,2575538000,1071199000,694922000,1743704000,1504339000,1048782000,2695277000,831834000,20.65,-37547000,74.41,36.93
2025-12-28,FLS,3.44,4687417000.0,20.65,None,1.312,17.69,28199000,None,92864000,92864000,-132602000,-28085000,2519000,-5060000,-43226000,None,None,-51009000,72018000,170740000,None,1837661000,1837661000,316713000,None,None,472946000,None,None,69888000,26784000,0.84,0.0118,19672000,19672000,None,2.795,0.1,153594000,223482000,0.8,2012-06-30,18.21,834863000,1578785000.0,857616000,92002000,37092000,146251000,146251000,None,81016000,None,361770000,None,None,652769000,None,None,108485000,None,None,None,0.136,168266000,663226000,194390000,127609000,382396000,None,None,None,None,None,None,None,1.821,3.988,1.982,None,None,None,None,None,-410848000,None,0.0966,None,397622000,2025-10-28,quarterly,0.9,USD,pre-market,24300000,446163000,0.0663,0.214,0.036,35.77,623035000,665136000,12367000,3628000,54.63,66.29,12.5,2575538000,1071199000,694922000,1743704000,1504339000,1048782000,2695277000,831834000,20.65,-37547000,74.41,36.93
2025-12-28,FLS,3.44,4687417000.0,20.65,None,1.312,17.69,28686000,None,92864000,92864000,-34566000,-26514000,-164662000,4309000,-112513000,None,None,37692000,72018000,170740000,None,1837661000,1837661000,316713000,None,None,472946000,None,None,69888000,27728000,0.84,0.0118,17410000,17410000,None,2.795,0.1,153594000,223482000,0.8,2012-03-31,18.21,834863000,1578785000.0,857616000,92002000,37092000,146251000,146251000,None,81016000,None,361770000,None,None,652769000,None,None,93542000,None,None,None,0.136,-107891000,663226000,194390000,127609000,382396000,None,None,None,None,None,None,None,1.821,3.988,1.982,None,None,None,None,None,-22050000,None,0.0966,None,397622000,2025-10-28,quarterly,0.9,USD,pre-market,24300000,446163000,0.0663,0.214,0.036,35.77,623035000,665136000,12367000,3628000,54.63,66.29,12.5,2575538000,1071199000,694922000,1743704000,1504339000,1048782000,2695277000,831834000,20.65,-37547000,74.41,36.93
2025-12-28,FLS,3.44,4687417000.0,20.65,None,1.312,17.69,36803000,None,92864000,92864000,-128920000,-125679000,109471000,-4228000,66325000,None,None,-41482000,72018000,170740000,None,1837661000,1837661000,316713000,None,None,472946000,None,None,69888000,27449000,0.84,0.0118,17763000,17763000,None,2.795,0.1,153594000,223482000,0.8,2011-12-31,18.21,834863000,1578785000.0,857616000,92002000,37092000,146251000,146251000,None,81016000,None,361770000,None,None,652769000,None,None,125556000,None,None,None,0.136,368298000,663226000,194390000,127609000,382396000,None,None,None,None,None,None,None,1.821,3.988,1.982,None,None,None,None,None,-108912000,None,0.0966,None,397622000,2025-10-28,quarterly,0.9,USD,pre-market,24300000,446163000,0.0663,0.214,0.036,35.77,623035000,665136000,12367000,3628000,54.63,66.29,12.5,2575538000,1071199000,694922000,1743704000,1504339000,1048782000,2695277000,831834000,20.65,-37547000,74.41,36.93
2025-12-28,FLS,3.44,4687417000.0,20.65,None,1.312,17.69,22666000,None,92864000,92864000,-47127000,-22871000,6573000,-11139000,-44783000,None,None,-80099000,72018000,170740000,None,1837661000,1837661000,316713000,None,None,472946000,None,None,69888000,26879000,0.84,0.0118,17817000,17817000,None,2.795,0.1,153594000,223482000,0.8,2011-09-30,18.21,834863000,1578785000.0,857616000,92002000,37092000,146251000,146251000,None,81016000,None,361770000,None,None,652769000,None,None,107955000,None,None,None,0.136,87710000,663226000,194390000,127609000,382396000,None,None,None,None,None,None,None,1.821,3.988,1.982,None,None,None,None,None,-15063000,None,0.0966,None,397622000,2025-10-28,quarterly,0.9,USD,pre-market,24300000,446163000,0.0663,0.214,0.036,35.77,623035000,665136000,12367000,3628000,54.63,66.29,12.5,2575538000,1071199000,694922000,1743704000,1504339000,1048782000,2695277000,831834000,20.65,-37547000,74.41,36.93
2025-12-28,FLS,3.44,4687417000.0,20.65,None,1.312,17.69,24997000,None,92864000,92864000,-35378000,-24925000,-67546000,2365000,-54610000,None,None,-77784000,72018000,170740000,None,1837661000,1837661000,316713000,None,None,472946000,None,None,69888000,27545000,0.84,0.0118,17845000,17845000,None,2.795,0.1,153594000,223482000,0.8,2011-06-30,18.21,834863000,1578785000.0,857616000,92002000,37092000,146251000,146251000,None,81016000,None,361770000,None,None,652769000,None,None,98724000,None,None,None,0.136,-9608000,663226000,194390000,127609000,382396000,None,None,None,None,None,None,None,1.821,3.988,1.982,None,None,None,None,None,-12206000,None,0.0966,None,397622000,2025-10-28,quarterly,0.9,USD,pre-market,24300000,446163000,0.0663,0.214,0.036,35.77,623035000,665136000,12367000,3628000,54.63,66.29,12.5,2575538000,1071199000,694922000,1743704000,1504339000,1048782000,2695277000,831834000,20.65,-37547000,74.41,36.93
2025-12-28,FLS,3.44,4687417000.0,20.65,None,1.312,17.69,23501000,None,92864000,92864000,-27531000,-20728000,-268721000,7725000,-106686000,None,None,-43753000,72018000,170740000,None,1837661000,1837661000,316713000,None,None,472946000,None,None,69888000,25127000,0.84,0.0118,16132000,16132000,None,2.795,0.1,153594000,223482000,0.8,2011-03-31,18.21,834863000,1578785000.0,857616000,92002000,37092000,146251000,146251000,None,81016000,None,361770000,None,None,652769000,None,None,96996000,None,None,None,0.136,-228187000,663226000,194390000,127609000,382396000,None,None,None,None,None,None,None,1.821,3.988,1.982,None,None,None,None,None,-13819000,None,0.0966,None,397622000,2025-10-28,quarterly,0.9,USD,pre-market,24300000,446163000,0.0663,0.214,0.036,35.77,623035000,665136000,12367000,3628000,54.63,66.29,12.5,2575538000,1071199000,694922000,1743704000,1504339000,1048782000,2695277000,831834000,20.65,-37547000,74.41,36.93
2025-12-28,FLS,3.44,4687417000.0,20.65,None,1.312,17.69,55573000,None,92864000,92864000,-74539000,-51966000,246966000,1077000,59623000,None,None,-4091000,72018000,170740000,None,1837661000,1837661000,316713000,None,None,472946000,None,None,69888000,29375000,0.84,0.0118,16387000,16387000,None,2.795,0.1,153594000,223482000,0.8,2010-12-31,18.21,834863000,1578785000.0,857616000,92002000,37092000,146251000,146251000,None,81016000,None,361770000,None,None,652769000,None,None,112446000,None,None,None,0.136,372394000,663226000,194390000,127609000,382396000,None,None,None,None,None,None,None,1.821,3.988,1.982,None,None,None,None,None,-11941000,None,0.0966,None,397622000,2025-10-28,quarterly,0.9,USD,pre-market,24300000,446163000,0.0663,0.214,0.036,35.77,623035000,665136000,12367000,3628000,54.63,66.29,12.5,2575538000,1071199000,694922000,1743704000,1504339000,1048782000,2695277000,831834000,20.65,-37547000,74.41,36.93
2025-12-28,FLS,3.44,4687417000.0,20.65,None,1.312,17.69,21197000,None,92864000,92864000,-29176000,-217482000,-192889000,17692000,-48728000,None,None,-11709000,72018000,170740000,None,1837661000,1837661000,316713000,None,None,472946000,None,None,69888000,24689000,0.84,0.0118,16247000,16247000,None,2.795,0.1,153594000,223482000,0.8,2010-09-30,18.21,834863000,1578785000.0,857616000,92002000,37092000,146251000,146251000,None,81016000,None,361770000,None,None,652769000,None,None,104225000,None,None,None,0.136,36077000,663226000,194390000,127609000,382396000,None,None,None,None,None,None,None,1.821,3.988,1.982,None,None,None,None,None,-10974000,None,0.0966,None,397622000,2025-10-28,quarterly,0.9,USD,pre-market,24300000,446163000,0.0663,0.214,0.036,35.77,623035000,665136000,12367000,3628000,54.63,66.29,12.5,2575538000,1071199000,694922000,1743704000,1504339000,1048782000,2695277000,831834000,20.65,-37547000,74.41,36.93
2025-12-28,FLS,3.44,4687417000.0,20.65,None,1.312,17.69,10299000,None,92864000,92864000,-26019000,-10299000,35146000,-24799000,-40546000,None,None,10368000,72018000,170740000,None,1837661000,1837661000,316713000,None,None,472946000,None,None,69888000,23519000,0.84,0.0118,16155000,16155000,None,2.795,0.1,153594000,223482000,0.8,2010-06-30,18.21,834863000,1578785000.0,857616000,92002000,37092000,146251000,146251000,None,81016000,None,361770000,None,None,652769000,None,None,91805000,None,None,None,0.136,96263000,663226000,194390000,127609000,382396000,None,None,None,None,None,None,None,1.821,3.988,1.982,None,None,None,None,None,-11111000,None,0.0966,None,397622000,2025-10-28,quarterly,0.9,USD,pre-market,24300000,446163000,0.0663,0.214,0.036,35.77,623035000,665136000,12367000,3628000,54.63,66.29,12.5,2575538000,1071199000,694922000,1743704000,1504339000,1048782000,2695277000,831834000,20.65,-37547000,74.41,36.93
2025-12-28,FLS,3.44,4687417000.0,20.65,None,1.312,17.69,14933000,None,92864000,92864000,-13179000,-6970000,-185964000,-16856000,-23254000,None,None,-46542000,72018000,170740000,None,1837661000,1837661000,316713000,None,None,472946000,None,None,69888000,23711000,0.84,0.0118,15017000,15017000,None,2.795,0.1,153594000,223482000,0.8,2010-03-31,18.21,834863000,1578785000.0,857616000,92002000,37092000,146251000,146251000,None,81016000,None,361770000,None,None,652769000,None,None,80205000,None,None,None,0.136,-148959000,663226000,194390000,127609000,382396000,None,None,None,None,None,None,None,1.821,3.988,1.982,None,None,None,None,None,-11989000,None,0.0966,None,397622000,2025-10-28,quarterly,0.9,USD,pre-market,24300000,446163000,0.0663,0.214,0.036,35.77,623035000,665136000,12367000,3628000,54.63,66.29,12.5,2575538000,1071199000,694922000,1743704000,1504339000,1048782000,2695277000,831834000,20.65,-37547000,74.41,36.93
2025-12-28,FLS,3.44,4687417000.0,20.65,None,1.312,17.69,21381000,None,92864000,92864000,-34763000,-20825000,None,None,82758000,None,None,None,72018000,170740000,None,1837661000,1837661000,316713000,None,None,472946000,None,None,69888000,24630000,0.84,0.0118,15053000,15053000,None,2.795,0.1,153594000,223482000,0.8,2009-12-31,18.21,834863000,1578785000.0,857616000,92002000,37092000,146251000,146251000,None,81016000,None,361770000,None,None,652769000,None,None,110261000,None,None,None,0.136,426736000,663226000,194390000,127609000,382396000,None,None,None,None,None,None,None,1.821,3.988,1.982,None,None,None,None,None,-13428000,None,0.0966,None,397622000,2025-10-28,quarterly,0.9,USD,pre-market,24300000,446163000,0.0663,0.214,0.036,35.77,623035000,665136000,12367000,3628000,54.63,66.29,12.5,2575538000,1071199000,694922000,1743704000,1504339000,1048782000,2695277000,831834000,20.65,-37547000,74.41,36.93
2025-12-28,FLS,3.44,4687417000.0,20.65,None,1.312,17.69,22806000,None,92864000,92864000,-26197000,-25187000,None,None,31868000,None,None,None,72018000,170740000,None,1837661000,1837661000,316713000,None,None,472946000,None,None,69888000,23706000,0.84,0.0118,15218000,15218000,None,2.795,0.1,153594000,223482000,0.8,2009-09-30,18.21,834863000,1578785000.0,857616000,92002000,37092000,146251000,146251000,None,81016000,None,361770000,None,None,652769000,None,None,116640000,None,None,None,0.136,81732000,663226000,194390000,127609000,382396000,None,None,None,None,None,None,None,1.821,3.988,1.982,None,None,None,None,None,-11373000,None,0.0966,None,397622000,2025-10-28,quarterly,0.9,USD,pre-market,24300000,446163000,0.0663,0.214,0.036,35.77,623035000,665136000,12367000,3628000,54.63,66.29,12.5,2575538000,1071199000,694922000,1743704000,1504339000,1048782000,2695277000,831834000,20.65,-37547000,74.41,36.93
2025-12-28,FLS,3.44,4687417000.0,20.65,None,1.312,17.69,20010000,None,92864000,92864000,-22072000,-48379000,None,None,35748000,None,None,None,72018000,170740000,None,1837661000,1837661000,316713000,None,None,472946000,None,None,69888000,26534000,0.84,0.0118,15150000,15150000,None,2.795,0.1,153594000,223482000,0.8,2009-06-30,18.21,834863000,1578785000.0,857616000,92002000,37092000,146251000,146251000,None,81016000,None,361770000,None,None,652769000,None,None,108605000,None,None,None,0.136,103103000,663226000,194390000,127609000,382396000,None,None,None,None,None,None,None,1.821,3.988,1.982,None,None,None,None,None,-9083000,None,0.0966,None,397622000,2025-10-28,quarterly,0.9,USD,pre-market,24300000,446163000,0.0663,0.214,0.036,35.77,623035000,665136000,12367000,3628000,54.63,66.29,12.5,2575538000,1071199000,694922000,1743704000,1504339000,1048782000,2695277000,831834000,20.65,-37547000,74.41,36.93
2025-12-28,FLS,3.44,4687417000.0,20.65,None,1.312,17.69,44251000,None,92864000,92864000,-24311000,-44251000,None,None,-75700000,None,None,None,72018000,170740000,None,1837661000,1837661000,316713000,None,None,472946000,None,None,69888000,20575000,0.84,0.0118,14048000,14048000,None,2.795,0.1,153594000,223482000,0.8,2009-03-31,18.21,834863000,1578785000.0,857616000,92002000,37092000,146251000,146251000,None,81016000,None,361770000,None,None,652769000,None,None,92825000,None,None,None,0.136,-180029000,663226000,194390000,127609000,382396000,None,None,None,None,None,None,None,1.821,3.988,1.982,None,None,None,None,None,-7071000,None,0.0966,None,397622000,2025-10-28,quarterly,0.9,USD,pre-market,24300000,446163000,0.0663,0.214,0.036,35.77,623035000,665136000,12367000,3628000,54.63,66.29,12.5,2575538000,1071199000,694922000,1743704000,1504339000,1048782000,2695277000,831834000,20.65,-37547000,74.41,36.93
2025-12-28,FLS,3.44,4687417000.0,20.65,None,1.312,17.69,54426000,None,92864000,92864000,-43370000,-54416000,None,None,-5237000,None,None,None,72018000,170740000,None,1837661000,1837661000,316713000,None,None,472946000,None,None,69888000,18244000,0.84,0.0118,14133000,14133000,None,2.795,0.1,153594000,223482000,0.8,2008-12-31,18.21,834863000,1578785000.0,857616000,92002000,37092000,146251000,146251000,None,81016000,None,361770000,None,None,652769000,None,None,114432000,None,None,None,0.136,410828000,663226000,194390000,127609000,382396000,None,None,None,None,None,None,None,1.821,3.988,1.982,None,None,None,None,None,-29953000,None,0.0966,None,397622000,2025-10-28,quarterly,0.9,USD,pre-market,24300000,446163000,0.0663,0.214,0.036,35.77,623035000,665136000,12367000,3628000,54.63,66.29,12.5,2575538000,1071199000,694922000,1743704000,1504339000,1048782000,2695277000,831834000,20.65,-37547000,74.41,36.93
2025-12-28,FLS,3.44,4687417000.0,20.65,None,1.312,17.69,34800000,None,92864000,92864000,-109327000,-29422000,None,None,-25050000,None,None,None,72018000,170740000,None,1837661000,1837661000,316713000,None,None,472946000,None,None,69888000,20411000,0.84,0.0118,14351000,14351000,None,2.795,0.1,153594000,223482000,0.8,2008-09-30,18.21,834863000,1578785000.0,857616000,92002000,37092000,146251000,146251000,None,81016000,None,361770000,None,None,652769000,None,None,117925000,None,None,None,0.136,173451000,663226000,194390000,127609000,382396000,None,None,None,None,None,None,None,1.821,3.988,1.982,None,None,None,None,None,-100017000,None,0.0966,None,397622000,2025-10-28,quarterly,0.9,USD,pre-market,24300000,446163000,0.0663,0.214,0.036,35.77,623035000,665136000,12367000,3628000,54.63,66.29,12.5,2575538000,1071199000,694922000,1743704000,1504339000,1048782000,2695277000,831834000,20.65,-37547000,74.41,36.93
2025-12-28,FLS,3.44,4687417000.0,20.65,None,1.312,17.69,23450000,None,92864000,92864000,-37117000,-21272000,None,None,-56360000,None,None,None,72018000,170740000,None,1837661000,1837661000,316713000,None,None,472946000,None,None,69888000,20885000,0.84,0.0118,14405000,14405000,None,2.795,0.1,153594000,223482000,0.8,2008-06-30,18.21,834863000,1578785000.0,857616000,92002000,37092000,146251000,146251000,None,81016000,None,361770000,None,None,652769000,None,None,124240000,None,None,None,0.136,-5823000,663226000,194390000,127609000,382396000,None,None,None,None,None,None,None,1.821,3.988,1.982,None,None,None,None,None,-34980000,None,0.0966,None,397622000,2025-10-28,quarterly,0.9,USD,pre-market,24300000,446163000,0.0663,0.214,0.036,35.77,623035000,665136000,12367000,3628000,54.63,66.29,12.5,2575538000,1071199000,694922000,1743704000,1504339000,1048782000,2695277000,831834000,20.65,-37547000,74.41,36.93
2025-12-28,FLS,3.44,4687417000.0,20.65,None,1.312,17.69,14256000,None,92864000,92864000,7110000,-14256000,None,None,-108882000,None,None,None,72018000,170740000,None,1837661000,1837661000,316713000,None,None,472946000,None,None,69888000,20637000,0.84,0.0118,8592000,8592000,None,2.795,0.1,153594000,223482000,0.8,2008-03-31,18.21,834863000,1578785000.0,857616000,92002000,37092000,146251000,146251000,None,81016000,None,361770000,None,None,652769000,None,None,88065000,None,None,None,0.136,-172431000,663226000,194390000,127609000,382396000,None,None,None,None,None,None,None,1.821,3.988,1.982,None,None,None,None,None,None,None,0.0966,None,397622000,2025-10-28,quarterly,0.9,USD,pre-market,24300000,446163000,0.0663,0.214,0.036,35.77,623035000,665136000,12367000,3628000,54.63,66.29,12.5,2575538000,1071199000,694922000,1743704000,1504339000,1048782000,2695277000,831834000,20.65,-37547000,74.41,36.93
2025-12-28,FLS,3.44,4687417000.0,20.65,None,1.312,17.69,28034000,None,92864000,92864000,-61479000,-19780000,None,None,45946000,None,None,None,72018000,170740000,None,1837661000,1837661000,316713000,None,None,472946000,None,None,69888000,21332000,0.84,0.0118,8505000,8505000,None,2.795,0.1,153594000,223482000,0.8,2007-12-31,18.21,834863000,1578785000.0,857616000,92002000,37092000,146251000,146251000,None,81016000,None,361770000,None,None,652769000,None,None,95900000,None,None,None,0.136,372265000,663226000,194390000,127609000,382396000,None,None,None,None,None,None,None,1.821,3.988,1.982,None,None,None,None,None,None,None,0.0966,None,397622000,2025-10-28,quarterly,0.9,USD,pre-market,24300000,446163000,0.0663,0.214,0.036,35.77,623035000,665136000,12367000,3628000,54.63,66.29,12.5,2575538000,1071199000,694922000,1743704000,1504339000,1048782000,2695277000,831834000,20.65,-37547000,74.41,36.93
2025-12-28,FLS,3.44,4687417000.0,20.65,None,1.312,17.69,15440000,None,92864000,92864000,-72539000,-13507000,None,None,-27099000,None,None,None,72018000,170740000,None,1837661000,1837661000,316713000,None,None,472946000,None,None,69888000,19551000,0.84,0.0118,8588000,8588000,None,2.795,0.1,153594000,223482000,0.8,2007-09-30,18.21,834863000,1578785000.0,857616000,92002000,37092000,146251000,146251000,None,81016000,None,361770000,None,None,652769000,None,None,63055000,None,None,None,0.136,106766000,663226000,194390000,127609000,382396000,None,None,None,None,None,None,None,1.821,3.988,1.982,None,None,None,None,None,None,None,0.0966,None,397622000,2025-10-28,quarterly,0.9,USD,pre-market,24300000,446163000,0.0663,0.214,0.036,35.77,623035000,665136000,12367000,3628000,54.63,66.29,12.5,2575538000,1071199000,694922000,1743704000,1504339000,1048782000,2695277000,831834000,20.65,-37547000,74.41,36.93
2025-12-28,FLS,3.44,4687417000.0,20.65,None,1.312,17.69,23055000,None,92864000,92864000,18384000,-22344000,None,None,-44638000,None,None,None,72018000,170740000,None,1837661000,1837661000,316713000,None,None,472946000,None,None,69888000,19455000,0.84,0.0118,8588000,8588000,None,2.795,0.1,153594000,223482000,0.8,2007-06-30,18.21,834863000,1578785000.0,857616000,92002000,37092000,146251000,146251000,None,81016000,None,361770000,None,None,652769000,None,None,63205000,None,None,None,0.136,12147000,663226000,194390000,127609000,382396000,None,None,None,None,None,None,None,1.821,3.988,1.982,None,None,None,None,None,-14219000,None,0.0966,None,397622000,2025-10-28,quarterly,0.9,USD,pre-market,24300000,446163000,0.0663,0.214,0.036,35.77,623035000,665136000,12367000,3628000,54.63,66.29,12.5,2575538000,1071199000,694922000,1743704000,1504339000,1048782000,2695277000,831834000,20.65,-37547000,74.41,36.93
2025-12-28,FLS,3.44,4687417000.0,20.65,None,1.312,17.69,22446000,None,92864000,92864000,65793000,-21458000,None,None,-75992000,None,None,None,72018000,170740000,None,1837661000,1837661000,316713000,None,None,472946000,None,None,69888000,19125000,0.84,0.0118,4152000,4152000,None,2.795,0.1,153594000,223482000,0.8,2007-03-31,18.21,834863000,1578785000.0,857616000,92002000,37092000,146251000,146251000,None,81016000,None,361770000,None,None,652769000,None,None,33614000,None,None,None,0.136,-73813000,663226000,194390000,127609000,382396000,None,None,None,None,None,None,None,1.821,3.988,1.982,None,None,None,None,None,-30579000,None,0.0966,None,397622000,2025-10-28,quarterly,0.9,USD,pre-market,24300000,446163000,0.0663,0.214,0.036,35.77,623035000,665136000,12367000,3628000,54.63,66.29,12.5,2575538000,1071199000,694922000,1743704000,1504339000,1048782000,2695277000,831834000,20.65,-37547000,74.41,36.93
2025-12-28,FLS,3.44,4687417000.0,20.65,None,1.312,17.69,30008000,None,92864000,92864000,-98817000,-34107000,None,None,-3226000,None,None,None,72018000,170740000,None,1837661000,1837661000,316713000,None,None,472946000,None,None,69888000,18630000,0.84,0.0118,6663000,6663000,None,2.795,0.1,153594000,223482000,0.8,2006-12-31,18.21,834863000,1578785000.0,857616000,92002000,37092000,146251000,146251000,None,81016000,None,361770000,None,None,652769000,None,None,39886000,None,None,None,0.136,148766000,663226000,194390000,127609000,382396000,None,None,None,None,None,None,None,1.821,3.988,1.982,None,None,None,None,None,-63165000,None,0.0966,None,397622000,2025-10-28,quarterly,0.9,USD,pre-market,24300000,446163000,0.0663,0.214,0.036,35.77,623035000,665136000,12367000,3628000,54.63,66.29,12.5,2575538000,1071199000,694922000,1743704000,1504339000,1048782000,2695277000,831834000,20.65,-37547000,74.41,36.93
2025-12-28,FLS,3.44,4687417000.0,20.65,None,1.312,17.69,14062000,None,92864000,92864000,136000,-15306000,None,None,-42983000,None,None,None,72018000,170740000,None,1837661000,1837661000,316713000,None,None,472946000,None,None,69888000,18662000,0.84,0.0118,None,None,None,2.795,0.1,153594000,223482000,0.8,2006-09-30,18.21,834863000,1578785000.0,857616000,92002000,37092000,146251000,146251000,None,81016000,None,361770000,None,None,652769000,None,None,29279000,None,None,None,0.136,6478000,663226000,194390000,127609000,382396000,None,None,None,None,None,None,None,1.821,3.988,1.982,None,None,None,None,None,None,None,0.0966,None,397622000,2025-10-28,quarterly,0.9,USD,pre-market,24300000,446163000,0.0663,0.214,0.036,35.77,623035000,665136000,12367000,3628000,54.63,66.29,12.5,2575538000,1071199000,694922000,1743704000,1504339000,1048782000,2695277000,831834000,20.65,-37547000,74.41,36.93
2025-12-28,FLS,3.44,4687417000.0,20.65,None,1.312,17.69,16976000,None,92864000,92864000,-25072000,-16492000,None,None,-25951000,None,None,None,72018000,170740000,None,1837661000,1837661000,316713000,None,None,472946000,None,None,69888000,17729000,0.84,0.0118,None,None,None,2.795,0.1,153594000,223482000,0.8,2006-06-30,18.21,834863000,1578785000.0,857616000,92002000,37092000,146251000,146251000,None,81016000,None,361770000,None,None,652769000,None,None,33608000,None,None,None,0.136,53623000,663226000,194390000,127609000,382396000,None,None,None,None,None,None,None,1.821,3.988,1.982,None,None,None,None,None,None,None,0.0966,None,397622000,2025-10-28,quarterly,0.9,USD,pre-market,24300000,446163000,0.0663,0.214,0.036,35.77,623035000,665136000,12367000,3628000,54.63,66.29,12.5,2575538000,1071199000,694922000,1743704000,1504339000,1048782000,2695277000,831834000,20.65,-37547000,74.41,36.93
2025-12-28,FLS,3.44,4687417000.0,20.65,None,1.312,17.69,23749000,None,92864000,92864000,-34030000,-11628000,None,None,43498000,None,None,None,72018000,170740000,None,1837661000,1837661000,316713000,None,None,472946000,None,None,69888000,17131000,0.84,0.0118,None,None,None,2.795,0.1,153594000,223482000,0.8,2006-03-31,18.21,834863000,1578785000.0,857616000,92002000,37092000,146251000,146251000,None,81016000,None,361770000,None,None,652769000,None,None,7849000,None,None,None,0.136,107523000,663226000,194390000,127609000,382396000,None,None,None,None,None,None,None,1.821,3.988,1.982,None,None,None,None,None,None,None,0.0966,None,397622000,2025-10-28,quarterly,0.9,USD,pre-market,24300000,446163000,0.0663,0.214,0.036,35.77,623035000,665136000,12367000,3628000,54.63,66.29,12.5,2575538000,1071199000,694922000,1743704000,1504339000,1048782000,2695277000,831834000,20.65,-37547000,74.41,36.93
2025-12-28,FLS,3.44,4687417000.0,20.65,None,1.312,17.69,16714000,None,92864000,92864000,-184592000,19786000,None,None,46433000,None,None,None,72018000,170740000,None,1837661000,1837661000,316713000,None,None,472946000,None,None,69888000,19737000,0.84,0.0118,None,None,None,2.795,0.1,153594000,223482000,0.8,2005-12-31,18.21,834863000,1578785000.0,857616000,92002000,37092000,146251000,146251000,None,81016000,None,361770000,None,None,652769000,None,None,4417000,None,None,None,0.136,180657000,663226000,194390000,127609000,382396000,None,None,None,None,None,None,None,1.821,3.988,1.982,None,None,None,None,None,None,None,0.0966,None,397622000,2025-10-28,quarterly,0.9,USD,pre-market,24300000,446163000,0.0663,0.214,0.036,35.77,623035000,665136000,12367000,3628000,54.63,66.29,12.5,2575538000,1071199000,694922000,1743704000,1504339000,1048782000,2695277000,831834000,20.65,-37547000,74.41,36.93
2025-12-28,FLS,3.44,4687417000.0,20.65,None,1.312,17.69,7637000,None,92864000,92864000,-21424000,None,None,None,-3703000,None,None,None,72018000,170740000,None,1837661000,1837661000,316713000,None,None,472946000,None,None,69888000,17287000,0.84,0.0118,None,None,None,2.795,0.1,153594000,223482000,0.8,2005-09-30,18.21,834863000,1578785000.0,857616000,92002000,37092000,146251000,146251000,None,81016000,None,361770000,None,None,652769000,None,None,-9950000,None,None,None,0.136,22522000,663226000,194390000,127609000,382396000,None,None,None,None,None,None,None,1.821,3.988,1.982,None,None,None,None,None,None,None,0.0966,None,397622000,2025-10-28,quarterly,0.9,USD,pre-market,24300000,446163000,0.0663,0.214,0.036,35.77,623035000,665136000,12367000,3628000,54.63,66.29,12.5,2575538000,1071199000,694922000,1743704000,1504339000,1048782000,2695277000,831834000,20.65,-37547000,74.41,36.93
2025-12-28,FLS,3.44,4687417000.0,20.65,None,1.312,17.69,81019000,None,92864000,92864000,117495000,-387214000,None,None,38872000,None,None,None,72018000,170740000,None,1837661000,1837661000,316713000,None,None,472946000,None,None,69888000,85598000,0.84,0.0118,110440000,110440000,None,2.795,0.1,153594000,223482000,0.8,2024-12-31,18.21,834863000,1578785000.0,857616000,92002000,37092000,146251000,146251000,None,81016000,None,361770000,None,None,652769000,None,None,301226000,None,None,None,0.136,425308000,663226000,194390000,127609000,382396000,None,None,None,None,None,None,None,1.821,3.988,1.982,None,None,None,None,None,-20070000,None,0.0966,None,397622000,2025-10-28,annual,0.9,USD,pre-market,24300000,446163000,0.0663,0.214,0.036,35.77,623035000,665136000,12367000,3628000,54.63,66.29,12.5,2575538000,1071199000,694922000,1743704000,1504339000,1048782000,2695277000,831834000,20.65,-37547000,74.41,36.93
2025-12-28,FLS,3.44,4687417000.0,20.65,None,1.312,17.69,67359000,None,92864000,92864000,-153014000,-68580000,None,None,-59831000,None,None,None,72018000,170740000,None,1837661000,1837661000,316713000,None,None,472946000,None,None,69888000,83747000,0.84,0.0118,104955000,104955000,None,2.795,0.1,153594000,223482000,0.8,2023-12-31,18.21,834863000,1578785000.0,857616000,92002000,37092000,146251000,146251000,None,81016000,None,361770000,None,None,652769000,None,None,205188000,None,None,None,0.136,325772000,663226000,194390000,127609000,382396000,None,None,None,None,None,None,None,1.821,3.988,1.982,None,None,None,None,None,-6245000,None,0.0966,None,397622000,2025-10-28,annual,0.9,USD,pre-market,24300000,446163000,0.0663,0.214,0.036,35.77,623035000,665136000,12367000,3628000,54.63,66.29,12.5,2575538000,1071199000,694922000,1743704000,1504339000,1048782000,2695277000,831834000,20.65,-37547000,74.41,36.93
2025-12-28,FLS,3.44,4687417000.0,20.65,None,1.312,17.69,76287000,None,92864000,92864000,-150012000,-6086000,-196108000,None,-147492000,None,None,-152011000,72018000,170740000,None,1837661000,1837661000,316713000,None,None,472946000,None,None,69888000,90953000,0.84,0.0118,104549000,104549000,None,2.795,0.1,153594000,223482000,0.8,2022-12-31,18.21,834863000,1578785000.0,857616000,92002000,37092000,146251000,146251000,None,81016000,None,361770000,None,None,652769000,None,None,198015000,None,None,None,0.136,-40010000,663226000,194390000,127609000,382396000,None,None,None,None,None,None,None,1.821,3.988,1.982,None,None,None,None,None,-4683000,None,0.0966,None,397622000,2025-10-28,annual,0.9,USD,pre-market,24300000,446163000,0.0663,0.214,0.036,35.77,623035000,665136000,12367000,3628000,54.63,66.29,12.5,2575538000,1071199000,694922000,1743704000,1504339000,1048782000,2695277000,831834000,20.65,-37547000,74.41,36.93
2025-12-28,FLS,3.44,4687417000.0,20.65,None,1.312,17.69,54936000,None,92864000,92864000,-599707000,-59477000,-409065000,None,-32124000,None,None,-8675000,72018000,170740000,None,1837661000,1837661000,316713000,None,None,472946000,None,None,69888000,99822000,0.84,0.0118,104604000,104604000,None,2.795,0.1,153594000,223482000,0.8,2021-12-31,18.21,834863000,1578785000.0,857616000,92002000,37092000,146251000,146251000,None,81016000,None,361770000,None,None,652769000,None,None,136182000,None,None,None,0.136,250119000,663226000,194390000,127609000,382396000,None,None,None,None,None,None,None,1.821,3.988,1.982,None,None,None,None,None,-17531000,None,0.0966,None,397622000,2025-10-28,annual,0.9,USD,pre-market,24300000,446163000,0.0663,0.214,0.036,35.77,623035000,665136000,12367000,3628000,54.63,66.29,12.5,2575538000,1071199000,694922000,1743704000,1504339000,1048782000,2695277000,831834000,20.65,-37547000,74.41,36.93
2025-12-28,FLS,3.44,4687417000.0,20.65,None,1.312,17.69,57405000,None,92864000,92864000,147587000,-41700000,416424000,None,15306000,None,None,45648000,72018000,170740000,None,1837661000,1837661000,316713000,None,None,472946000,None,None,69888000,100753000,0.84,0.0118,104159000,104159000,None,2.795,0.1,153594000,223482000,0.8,2020-12-31,18.21,834863000,1578785000.0,857616000,92002000,37092000,146251000,146251000,None,81016000,None,361770000,None,None,652769000,None,None,140875000,None,None,None,0.136,310537000,663226000,194390000,127609000,382396000,None,None,None,None,None,None,None,1.821,3.988,1.982,None,None,None,None,None,-32112000,None,0.0966,None,397622000,2025-10-28,annual,0.9,USD,pre-market,24300000,446163000,0.0663,0.214,0.036,35.77,623035000,665136000,12367000,3628000,54.63,66.29,12.5,2575538000,1071199000,694922000,1743704000,1504339000,1048782000,2695277000,831834000,20.65,-37547000,74.41,36.93
2025-12-28,FLS,3.44,4687417000.0,20.65,None,1.312,17.69,75716000,None,92864000,92864000,-231464000,-33383000,59250000,None,-31058000,None,None,2883000,72018000,170740000,None,1837661000,1837661000,316713000,None,None,472946000,None,None,69888000,105904000,0.84,0.0118,99557000,99557000,None,2.795,0.1,153594000,223482000,0.8,2019-12-31,18.21,834863000,1578785000.0,857616000,92002000,37092000,146251000,146251000,None,81016000,None,361770000,None,None,652769000,None,None,246940000,None,None,None,0.136,324097000,663226000,194390000,127609000,382396000,None,None,None,None,None,None,None,1.821,3.988,1.982,None,None,None,None,None,-15000000,None,0.0966,None,397622000,2025-10-28,annual,0.9,USD,pre-market,24300000,446163000,0.0663,0.214,0.036,35.77,623035000,665136000,12367000,3628000,54.63,66.29,12.5,2575538000,1071199000,694922000,1743704000,1504339000,1048782000,2695277000,831834000,20.65,-37547000,74.41,36.93
2025-12-28,FLS,3.44,4687417000.0,20.65,None,1.312,17.69,83993000,None,92864000,92864000,-173284000,-81466000,-83762000,-19843000,-29314000,None,None,-25448000,72018000,170740000,None,1837661000,1837661000,316713000,None,None,472946000,None,None,69888000,112473000,0.84,0.0118,99416000,99416000,None,2.795,0.1,153594000,223482000,0.8,2018-12-31,18.21,834863000,1578785000.0,857616000,92002000,37092000,146251000,146251000,None,81016000,None,361770000,None,None,652769000,None,None,109887000,None,None,None,0.136,190831000,663226000,194390000,127609000,382396000,None,None,None,None,None,None,None,1.821,3.988,1.982,None,None,None,None,None,-3061000,None,0.0966,None,397622000,2025-10-28,annual,0.9,USD,pre-market,24300000,446163000,0.0663,0.214,0.036,35.77,623035000,665136000,12367000,3628000,54.63,66.29,12.5,2575538000,1071199000,694922000,1743704000,1504339000,1048782000,2695277000,831834000,20.65,-37547000,74.41,36.93
2025-12-28,FLS,3.44,4687417000.0,20.65,None,1.312,17.69,61602000,None,92864000,92864000,-185353000,176600000,336283000,33970000,48642000,None,None,60216000,72018000,170740000,None,1837661000,1837661000,316713000,None,None,472946000,None,None,69888000,118454000,0.84,0.0118,99233000,99233000,None,2.795,0.1,153594000,223482000,0.8,2017-12-31,18.21,834863000,1578785000.0,857616000,92002000,37092000,146251000,146251000,None,81016000,None,361770000,None,None,652769000,None,None,4328000,None,None,None,0.136,311066000,663226000,194390000,127609000,382396000,None,None,None,None,None,None,None,1.821,3.988,1.982,None,None,None,None,None,-6238000,None,0.0966,None,397622000,2025-10-28,annual,0.9,USD,pre-market,24300000,446163000,0.0663,0.214,0.036,35.77,623035000,665136000,12367000,3628000,54.63,66.29,12.5,2575538000,1071199000,694922000,1743704000,1504339000,1048782000,2695277000,831834000,20.65,-37547000,74.41,36.93
2025-12-28,FLS,3.44,4687417000.0,20.65,None,1.312,17.69,89699000,None,92864000,92864000,-143721000,-91469000,718000,-4568000,30877000,None,None,36927000,72018000,170740000,None,1837661000,1837661000,316713000,None,None,472946000,None,None,69888000,116752000,0.84,0.0118,97746000,97746000,None,2.795,0.1,153594000,223482000,0.8,2016-12-31,18.21,834863000,1578785000.0,857616000,92002000,37092000,146251000,146251000,None,81016000,None,361770000,None,None,652769000,None,None,135532000,None,None,None,0.136,240476000,663226000,194390000,127609000,382396000,None,None,None,None,None,None,None,1.821,3.988,1.982,None,None,None,None,None,-10405000,None,0.0966,None,397622000,2025-10-28,annual,0.9,USD,pre-market,24300000,446163000,0.0663,0.214,0.036,35.77,623035000,665136000,12367000,3628000,54.63,66.29,12.5,2575538000,1071199000,694922000,1743704000,1504339000,1048782000,2695277000,831834000,20.65,-37547000,74.41,36.93
2025-12-28,FLS,3.44,4687417000.0,20.65,None,1.312,17.69,181861000,None,92864000,92864000,37655000,-525295000,-83906000,-37025000,-26232000,None,None,50441000,72018000,170740000,None,1837661000,1837661000,316713000,None,None,472946000,None,None,69888000,127087000,0.84,0.0118,93650000,93650000,None,2.795,0.1,153594000,223482000,0.8,2015-12-31,18.21,834863000,1578785000.0,857616000,92002000,37092000,146251000,146251000,None,81016000,None,361770000,None,None,652769000,None,None,264016000,None,None,None,0.136,440759000,663226000,194390000,127609000,382396000,None,None,None,None,None,None,None,1.821,3.988,1.982,None,None,None,None,None,-303651000,None,0.0966,None,397622000,2025-10-28,annual,0.9,USD,pre-market,24300000,446163000,0.0663,0.214,0.036,35.77,623035000,665136000,12367000,3628000,54.63,66.29,12.5,2575538000,1071199000,694922000,1743704000,1504339000,1048782000,2695277000,831834000,20.65,-37547000,74.41,36.93
2025-12-28,FLS,3.44,4687417000.0,20.65,None,1.312,17.69,132619000,None,92864000,92864000,-391177000,-84083000,86546000,-32675000,-35519000,None,None,-79655000,72018000,170740000,None,1837661000,1837661000,316713000,None,None,472946000,None,None,69888000,110277000,0.84,0.0118,85118000,85118000,None,2.795,0.1,153594000,223482000,0.8,2014-12-31,18.21,834863000,1578785000.0,857616000,92002000,37092000,146251000,146251000,None,81016000,None,361770000,None,None,652769000,None,None,519433000,None,None,None,0.136,594481000,663226000,194390000,127609000,382396000,None,None,None,None,None,None,None,1.821,3.988,1.982,None,None,None,None,None,-246504000,None,0.0966,None,397622000,2025-10-28,annual,0.9,USD,pre-market,24300000,446163000,0.0663,0.214,0.036,35.77,623035000,665136000,12367000,3628000,54.63,66.29,12.5,2575538000,1071199000,694922000,1743704000,1504339000,1048782000,2695277000,831834000,20.65,-37547000,74.41,36.93
2025-12-28,FLS,3.44,4687417000.0,20.65,None,1.312,17.69,139090000,None,92864000,92864000,-255824000,-167998000,59552000,-4385000,28616000,None,None,-53823000,72018000,170740000,None,1837661000,1837661000,316713000,None,None,472946000,None,None,69888000,106392000,0.84,0.0118,76897000,76897000,None,2.795,0.1,153594000,223482000,0.8,2013-12-31,18.21,834863000,1578785000.0,857616000,92002000,37092000,146251000,146251000,None,81016000,None,361770000,None,None,652769000,None,None,488320000,None,None,None,0.136,487759000,663226000,194390000,127609000,382396000,None,None,None,None,None,None,None,1.821,3.988,1.982,None,None,None,None,None,-458310000,None,0.0966,None,397622000,2025-10-28,annual,0.9,USD,pre-market,24300000,446163000,0.0663,0.214,0.036,35.77,623035000,665136000,12367000,3628000,54.63,66.29,12.5,2575538000,1071199000,694922000,1743704000,1504339000,1048782000,2695277000,831834000,20.65,-37547000,74.41,36.93
2025-12-28,FLS,3.44,4687417000.0,20.65,None,1.312,17.69,135539000,None,92864000,92864000,-428922000,-126427000,-33104000,5115000,-72706000,None,None,-35074000,72018000,170740000,None,1837661000,1837661000,316713000,None,None,472946000,None,None,69888000,107226000,0.84,0.0118,73765000,73765000,None,2.795,0.1,153594000,223482000,0.8,2012-12-31,18.21,834863000,1578785000.0,857616000,92002000,37092000,146251000,146251000,None,81016000,None,361770000,None,None,652769000,None,None,450799000,None,None,None,0.136,517130000,663226000,194390000,127609000,382396000,None,None,None,None,None,None,None,1.821,3.988,1.982,None,None,None,None,None,-771942000,None,0.0966,None,397622000,2025-10-28,annual,0.9,USD,pre-market,24300000,446163000,0.0663,0.214,0.036,35.77,623035000,665136000,12367000,3628000,54.63,66.29,12.5,2575538000,1071199000,694922000,1743704000,1504339000,1048782000,2695277000,831834000,20.65,-37547000,74.41,36.93
2025-12-28,FLS,3.44,4687417000.0,20.65,None,1.312,17.69,107967000,None,92864000,92864000,-238956000,-194203000,-220223000,-5277000,-139754000,None,None,-243118000,72018000,170740000,None,1837661000,1837661000,316713000,None,None,472946000,None,None,69888000,107561000,0.84,0.0118,69557000,69557000,None,2.795,0.1,153594000,223482000,0.8,2011-12-31,18.21,834863000,1578785000.0,857616000,92002000,37092000,146251000,146251000,None,81016000,None,361770000,None,None,652769000,None,None,429231000,None,None,None,0.136,218213000,663226000,194390000,127609000,382396000,None,None,None,None,None,None,None,1.821,3.988,1.982,None,None,None,None,None,-150000000,None,0.0966,None,397622000,2025-10-28,annual,0.9,USD,pre-market,24300000,446163000,0.0663,0.214,0.036,35.77,623035000,665136000,12367000,3628000,54.63,66.29,12.5,2575538000,1071199000,694922000,1743704000,1504339000,1048782000,2695277000,831834000,20.65,-37547000,74.41,36.93
2025-12-28,FLS,3.44,4687417000.0,20.65,None,1.312,17.69,102002000,None,92864000,92864000,-142913000,-286717000,-96741000,-22886000,-52905000,None,None,-51974000,72018000,170740000,None,1837661000,1837661000,316713000,None,None,472946000,None,None,69888000,104541000,0.84,0.0118,64065000,64065000,None,2.795,0.1,153594000,223482000,0.8,2010-12-31,18.21,834863000,1578785000.0,857616000,92002000,37092000,146251000,146251000,None,81016000,None,361770000,None,None,652769000,None,None,388681000,None,None,None,0.136,355775000,663226000,194390000,127609000,382396000,None,None,None,None,None,None,None,1.821,3.988,1.982,None,None,None,None,None,-46015000,None,0.0966,None,397622000,2025-10-28,annual,0.9,USD,pre-market,24300000,446163000,0.0663,0.214,0.036,35.77,623035000,665136000,12367000,3628000,54.63,66.29,12.5,2575538000,1071199000,694922000,1743704000,1504339000,1048782000,2695277000,831834000,20.65,-37547000,74.41,36.93
2025-12-28,FLS,3.44,4687417000.0,20.65,None,1.312,17.69,108448000,None,92864000,92864000,-107078000,-138642000,182264000,-3293000,74674000,None,None,50730000,72018000,170740000,None,1837661000,1837661000,316713000,None,None,472946000,None,None,69888000,95445000,0.84,0.0118,59204000,59204000,None,2.795,0.1,153594000,223482000,0.8,2009-12-31,18.21,834863000,1578785000.0,857616000,92002000,37092000,146251000,146251000,None,81016000,None,361770000,None,None,652769000,None,None,428331000,None,None,None,0.136,431277000,663226000,194390000,127609000,382396000,None,None,None,None,None,None,None,1.821,3.988,1.982,None,None,None,None,None,-40955000,None,0.0966,None,397622000,2025-10-28,annual,0.9,USD,pre-market,24300000,446163000,0.0663,0.214,0.036,35.77,623035000,665136000,12367000,3628000,54.63,66.29,12.5,2575538000,1071199000,694922000,1743704000,1504339000,1048782000,2695277000,831834000,20.65,-37547000,74.41,36.93
2025-12-28,FLS,3.44,4687417000.0,20.65,None,1.312,17.69,126932000,None,92864000,92864000,-182704000,-117222000,None,None,-195529000,None,None,None,72018000,170740000,None,1837661000,1837661000,316713000,None,None,472946000,None,None,69888000,81442000,0.84,0.0118,51481000,51481000,None,2.795,0.1,153594000,223482000,0.8,2008-12-31,18.21,834863000,1578785000.0,857616000,92002000,37092000,146251000,146251000,None,81016000,None,361770000,None,None,652769000,None,None,442413000,None,None,None,0.136,406025000,663226000,194390000,127609000,382396000,None,None,None,None,None,None,None,1.821,3.988,1.982,None,None,None,None,None,-164950000,None,0.0966,None,397622000,2025-10-28,annual,0.9,USD,pre-market,24300000,446163000,0.0663,0.214,0.036,35.77,623035000,665136000,12367000,3628000,54.63,66.29,12.5,2575538000,1071199000,694922000,1743704000,1504339000,1048782000,2695277000,831834000,20.65,-37547000,74.41,36.93
2025-12-28,FLS,3.44,4687417000.0,20.65,None,1.312,17.69,88975000,None,92864000,92864000,-49841000,-77089000,None,None,-101783000,None,None,None,72018000,170740000,None,1837661000,1837661000,316713000,None,None,472946000,None,None,69888000,79463000,0.84,0.0118,25681000,25681000,None,2.795,0.1,153594000,223482000,0.8,2007-12-31,18.21,834863000,1578785000.0,857616000,92002000,37092000,146251000,146251000,None,81016000,None,361770000,None,None,652769000,None,None,255774000,None,None,None,0.136,417365000,663226000,194390000,127609000,382396000,None,None,None,None,None,None,None,1.821,3.988,1.982,None,None,None,None,None,-44798000,None,0.0966,None,397622000,2025-10-28,annual,0.9,USD,pre-market,24300000,446163000,0.0663,0.214,0.036,35.77,623035000,665136000,12367000,3628000,54.63,66.29,12.5,2575538000,1071199000,694922000,1743704000,1504339000,1048782000,2695277000,831834000,20.65,-37547000,74.41,36.93
2025-12-28,FLS,3.44,4687417000.0,20.65,None,1.312,17.69,73528000,None,92864000,92864000,-114537000,-77679000,None,None,-98364000,None,None,None,72018000,170740000,None,1837661000,1837661000,316713000,None,None,472946000,None,None,69888000,72714000,0.84,0.0118,6663000,6663000,None,2.795,0.1,153594000,223482000,0.8,2006-12-31,18.21,834863000,1578785000.0,857616000,92002000,37092000,146251000,146251000,None,81016000,None,361770000,None,None,652769000,None,None,115032000,None,None,None,0.136,163186000,663226000,194390000,127609000,382396000,None,None,None,None,None,None,None,1.821,3.988,1.982,None,None,None,None,None,-63165000,None,0.0966,None,397622000,2025-10-28,annual,0.9,USD,pre-market,24300000,446163000,0.0663,0.214,0.036,35.77,623035000,665136000,12367000,3628000,54.63,66.29,12.5,2575538000,1071199000,694922000,1743704000,1504339000,1048782000,2695277000,831834000,20.65,-37547000,74.41,36.93
2025-12-28,FLS,3.44,4687417000.0,20.65,None,1.312,17.69,49271000,None,92864000,92864000,-53273000,-39309000,None,None,4683000,None,None,None,72018000,170740000,None,1837661000,1837661000,316713000,None,None,472946000,None,None,69888000,73482000,0.84,0.0118,None,None,None,2.795,0.1,153594000,223482000,0.8,2005-12-31,18.21,834863000,1578785000.0,857616000,92002000,37092000,146251000,146251000,None,81016000,None,361770000,None,None,652769000,None,None,17074000,None,None,None,0.136,127445000,663226000,194390000,127609000,382396000,None,None,None,None,None,None,None,1.821,3.988,1.982,None,None,None,None,None,None,None,0.0966,None,397622000,2025-10-28,annual,0.9,USD,pre-market,24300000,446163000,0.0663,0.214,0.036,35.77,623035000,665136000,12367000,3628000,54.63,66.29,12.5,2575538000,1071199000,694922000,1743704000,1504339000,1048782000,2695277000,831834000,20.65,-37547000,74.41,36.93
