date,symbol,eps,revenue_ttm,pe_ratio,accumulateddepreciationamortizationppe,beta,book_value,capitalexpenditures,capitalleaseobligations,cashandcashequivalentsatcarryingvalue,cashandshortterminvestments,cashflowfromfinancing,cashflowfrominvestment,changeincashandcashequivalents,changeinexchangerate,changeininventory,changeinoperatingassets,changeinoperatingliabilities,changeinreceivables,commonstock,commonstocksharesoutstanding,comprehensiveincomenetoftax,costofgoodsandservicessold,costofrevenue,currentaccountspayable,currentdebt,currentlongtermdebt,currentnetreceivables,deferredrevenue,depreciation,depreciationandamortization,depreciationdepletionandamortization,dividend_per_share,dividend_yield,dividendpayout,dividendpayoutcommonstock,dividendpayoutpreferredstock,earnings_growth_yoy,earnings_surprise,ebit,ebitda,estimated_eps,fiscaldateending,forward_pe,goodwill,gross_profit_ttm,grossprofit,incomebeforetax,incometaxexpense,intangibleassets,intangibleassetsexcludinggoodwill,interestanddebtexpense,interestexpense,interestincome,inventory,investmentincomenet,investments,longtermdebt,longtermdebtnoncurrent,longterminvestments,netincome,netincomefromcontinuingoperations,netinterestincome,noninterestincome,operating_margin_ttm,operatingcashflow,operatingexpenses,operatingincome,othercurrentassets,othercurrentliabilities,othernoncurrentassets,othernoncurrentliabilities,othernonoperatingincome,paymentsforoperatingactivities,paymentsforrepurchaseofcommonstock,paymentsforrepurchaseofequity,paymentsforrepurchaseofpreferredstock,peg_ratio,price_to_book,price_to_sales_ttm,proceedsfromissuanceofcommonstock,proceedsfromissuanceoflongtermdebtandcapitalsecuritiesnet,proceedsfromissuanceofpreferredstock,proceedsfromoperatingactivities,proceedsfromrepaymentsofshorttermdebt,proceedsfromrepurchaseofequity,proceedsfromsaleoftreasurystock,profit_margin,profitloss,propertyplantequipment,report_date,report_type,reported_eps,reportedcurrency,reporttime,researchanddevelopment,retainedearnings,return_on_assets_ttm,return_on_equity_ttm,revenue_growth_yoy,revenue_per_share_ttm,sellinggeneralandadministrative,shortlongtermdebttotal,shorttermdebt,shortterminvestments,sma_200,sma_50,surprise_pct,totalassets,totalcurrentassets,totalcurrentliabilities,totalliabilities,totalnoncurrentassets,totalnoncurrentliabilities,totalrevenue,totalshareholderequity,trailing_pe,treasurystock,week_52_high,week_52_low
2016-06-30,FOX,,,,,,,,,,,,,,,,,,,,,,,,,,,,,,,,,,,,,,0.09,,,0.36,,,,,,,,,,,,,,,,,,,,,,,,,,,,,,,,,,,,,,,,,,,,,,,,,2016-06-30,,0.45,,pre-market,,,,,,,,,,,,,25.0,,,,,,,,,,,,
2016-09-30,FOX,,,,,,,,,,,,,,,,,,,,,,,,,,,,,,,,,,,,,,0.08,,,0.43,,,,,,,,,,,,,,,,,,,,,,,,,,,,,,,,,,,,,,,,,,,,,,,,,2016-09-30,,0.51,,pre-market,,,,,,,,,,,,,18.6047,,,,,,,,,,,,
2016-12-31,FOX,,,,,,,,,,,,,,,,,,,,,,,,,,,,,,,,,,,,,,0.04,,,0.49,,,,,,,,,,,,,,,,,,,,,,,,,,,,,,,,,,,,,,,,,,,,,,,,,2016-12-31,,0.53,,pre-market,,,,,,,,,,,,,8.1633,,,,,,,,,,,,
2017-03-31,FOX,,,,,,,,,,,,,,,,,,,,,,,,,,,,,,,,,,,,,,0.06,,,0.48,,,,,,,,,,,,,,,,,,,,,,,,,,,,,,,,,,,,,,,,,,,,,,,,,2017-03-31,,0.54,,pre-market,,,,,,,,,,,,,12.5,,,,,,,,,,,,
2017-06-30,FOX,,,,,,,,,,,,,,,,,,,,,,,,,,,,,,,,,,,,,,-0.01,,,0.37,,,,,,,,,,,,,,,,,,,,,,,,,,,,,,,,,,,,,,,,,,,,,,,,,2017-06-30,,0.36,,pre-market,,,,,,,,,,,,,-2.7027,,,,,,,,,,,,
2017-09-30,FOX,,,,,,,,,,,,,,,,,,,,,,,,,,,,,,,,,,,,,,0.01,,,0.48,,,,,,,,,,,,,,,,,,,,,,,,,,,,,,,,,,,,,,,,,,,,,,,,,2017-09-30,,0.49,,pre-market,,,,,,,,,,,,,2.0833,,,,,,,,,,,,
2017-12-31,FOX,,,,,,,,,,,,,,,,,,,,,,,,,,,,,,,,,,,,,,0.01,,,0.48,,,,,,,,,,,,,,,,,,,,,,,,,,,,,,,,,,,,,,,,,,,,,,,,,2017-12-31,,0.49,,pre-market,,,,,,,,,,,,,2.0833,,,,,,,,,,,,
2018-09-30,FOX,,,,,,,,,,,,,,,,,,,,,,,,,,,,,,,,,,,,,,0.55,,,0.0,,,,,,,,,,,,,,,,,,,,,,,,,,,,,,,,,,,,,,,,,,,,,,,,,2018-11-28,,0.55,,pre-market,,,,,,,,,,,,,2.0833,,,,,,,,,,,,
2018-12-31,FOX,,,,,,,,,,,,,,,,,,,,,,,,,,,,,,,,,,,,,,0.05,,,0.37,,,,,,,,,,,,,,,,,,,,,,,,,,,,,,,,,,,,,,,,,,,,,,,,,2019-03-18,,0.42,,pre-market,,,,,,,,,,,,,13.5135,,,,,,,,,,,,
2019-03-31,FOX,,,,,,,,,,,,,,,,,,,,,,,,,,,,,,,,,,,,,,0.1,,,0.66,,,,,,,,,,,,,,,,,,,,,,,,,,,,,,,,,,,,,,,,,,,,,,,,,2019-05-08,,0.76,,pre-market,,,,,,,,,,,,,15.1515,,,,,,,,,,,,
2019-06-30,FOX,,,,,,,,,,,,,,,,,,,,,,,,,,,,,,,,,,,,,,0.1,,,0.63,,,,,,,,,,,,,,,,,,,,,,,,,,,,,,,,,,,,,,,,,,,,,,,,,2019-08-07,,0.73,,post-market,,,,,,,,,,,,,15.873,,,,,,,,,,,,
2019-09-30,FOX,,,,,,,,,,,,,,,,,,,,,,,,,,,,,,,,,,,,,,0.07,,,0.73,,,,,,,,,,,,,,,,,,,,,,,,,,,,,,,,,,,,,,,,,,,,,,,,,2019-11-06,,0.8,,post-market,,,,,,,,,,,,,9.589,,,,,,,,,,,,
2019-12-31,FOX,,,,,,,,,,,,,,,,,,,,,,,,,,,,,,,,,,,,,,0.44,,,0.04,,,,,,,,,,,,,,,,,,,,,,,,,,,,,,,,,,,,,,,,,,,,,,,,,2020-02-05,,0.48,,post-market,,,,,,,,,,,,,1100.0,,,,,,,,,,,,
2020-03-31,FOX,,,,,,,,,,,,,,,,,,,,,,,,,,,,,,,,,,,,,,-0.63,,,0.76,,,,,,,,,,,,,,,,,,,,,,,,,,,,,,,,,,,,,,,,,,,,,,,,,2020-05-06,,0.13,,post-market,,,,,,,,,,,,,-82.8947,,,,,,,,,,,,
2020-06-30,FOX,,,,,,,,,,,,,,,,,,,,,,,,,,,,,,,,,,,,,,0.0,,,0.62,,,,,,,,,,,,,,,,,,,,,,,,,,,,,,,,,,,,,,,,,,,,,,,,,2020-08-04,,0.62,,pre-market,,,,,,,,,,,,,0.0,,,,,,,,,,,,
2020-09-30,FOX,,,,,,,,,,,,,,,,,,,,,,,,,,,,,,,,,,,,,,0.0,,,1.18,,,,,,,,,,,,,,,,,,,,,,,,,,,,,,,,,,,,,,,,,,,,,,,,,2020-11-03,,1.18,,pre-market,,,,,,,,,,,,,0.0,,,,,,,,,,,,
2020-12-31,FOX,,,,,,,,,,,,,,,,,,,,,,,,,,,,,,,,,,,,,,0.0,,,0.16,,,,,,,,,,,,,,,,,,,,,,,,,,,,,,,,,,,,,,,,,,,,,,,,,2021-02-09,,0.16,,pre-market,,,,,,,,,,,,,0.0,,,,,,,,,,,,
2021-03-31,FOX,,,,,,,,,,,,,,,,,,,,,,,,,,,,,,,,,,,,,,0.0,,,0.88,,,,,,,,,,,,,,,,,,,,,,,,,,,,,,,,,,,,,,,,,,,,,,,,,2021-05-05,,0.88,,pre-market,,,,,,,,,,,,,0.0,,,,,,,,,,,,
2021-06-30,FOX,,,,,,,,,,,,,,,,,,,,,,,,,,,,,,,,,,,,,,0.0,,,0.65,,,,,,,,,,,,,,,,,,,,,,,,,,,,,,,,,,,,,,,,,,,,,,,,,2021-08-04,,0.65,,pre-market,,,,,,,,,,,,,0.0,,,,,,,,,,,,
2021-09-30,FOX,,,,,,,,,,,,,,,,,,,,,,,,,,,,,,,,,,,,,,0.0,,,1.11,,,,,,,,,,,,,,,,,,,,,,,,,,,,,,,,,,,,,,,,,,,,,,,,,2021-11-03,,1.11,,pre-market,,,,,,,,,,,,,0.0,,,,,,,,,,,,
2021-12-31,FOX,,,,,,,,,,,,,,,,,,,,,,,,,,,,,,,,,,,,,,0.19,,,-0.06,,,,,,,,,,,,,,,,,,,,,,,,,,,,,,,,,,,,,,,,,,,,,,,,,2022-02-09,,0.13,,pre-market,,,,,,,,,,,,,316.6667,,,,,,,,,,,,
2022-03-31,FOX,,,,,,,,,,,,,,,,,,,,,,,,,,,,,,,,,,,,,,0.09,,,0.72,,,,,,,,,,,,,,,,,,,,,,,,,,,,,,,,,,,,,,,,,,,,,,,,,2022-05-10,,0.81,,pre-market,,,,,,,,,,,,,12.5,,,,,,,,,,,,
2022-06-30,FOX,,,,,,,,,,,,,,,,,,,,,,,,,,,,,,,,,,,,,,0.0,,,0.74,,,,,,,,,,,,,,,,,,,,,,,,,,,,,,,,,,,,,,,,,,,,,,,,,2022-08-10,,0.74,,pre-market,,,,,,,,,,,,,0.0,,,,,,,,,,,,
2022-09-30,FOX,,,,,,,,,,,,,,,,,,,,,,,,,,,,,,,,,,,,,,0.09,,,1.12,,,,,,,,,,,,,,,,,,,,,,,,,,,,,,,,,,,,,,,,,,,,,,,,,2022-11-01,,1.21,,pre-market,,,,,,,,,,,,,8.0357,,,,,,,,,,,,
2022-12-31,FOX,,,,,,,,,,,,,,,,,,,,,,,,,,,,,,,,,,,,,,0.05,,,0.43,,,,,,,,,,,,,,,,,,,,,,,,,,,,,,,,,,,,,,,,,,,,,,,,,2023-02-08,,0.48,,pre-market,,,,,,,,,,,,,11.6279,,,,,,,,,,,,
2023-03-31,FOX,,,,,,,,,,,,,,,,,,,,,,,,,,,,,,,,,,,,,,0.08,,,0.86,,,,,,,,,,,,,,,,,,,,,,,,,,,,,,,,,,,,,,,,,,,,,,,,,2023-05-09,,0.94,,pre-market,,,,,,,,,,,,,9.3023,,,,,,,,,,,,
2023-06-30,FOX,,,,,,,,,,,,,,,,,,,,,,,,,,,,,,,,,,,,,,0.16,,,0.72,,,,,,,,,,,,,,,,,,,,,,,,,,,,,,,,,,,,,,,,,,,,,,,,,2023-08-08,,0.88,,pre-market,,,,,,,,,,,,,22.2222,,,,,,,,,,,,
2023-09-30,FOX,,,,,,,,,,,,,,,,,,,,,,,,,,,,,,,,,,,,,,0.19,,,0.9,,,,,,,,,,,,,,,,,,,,,,,,,,,,,,,,,,,,,,,,,,,,,,,,,2023-11-02,,1.09,,pre-market,,,,,,,,,,,,,21.1111,,,,,,,,,,,,
2023-12-31,FOX,,,,,,,,,,,,,,,,,,,,,,,,,,,,,,,,,,,,,,0.22,,,0.12,,,,,,,,,,,,,,,,,,,,,,,,,,,,,,,,,,,,,,,,,,,,,,,,,2024-02-07,,0.34,,pre-market,,,,,,,,,,,,,183.3333,,,,,,,,,,,,
2024-03-31,FOX,,,,,,,,,,,,,,,,,,,,,,,,,,,,,,,,,,,,,,0.13,,,0.96,,,,,,,,,,,,,,,,,,,,,,,,,,,,,,,,,,,,,,,,,,,,,,,,,2024-05-08,,1.09,,pre-market,,,,,,,,,,,,,13.5417,,,,,,,,,,,,
2024-06-30,FOX,,,,,,,,,,,,,,,,,,,,,,,,,,,,,,,,,,,,,,0.1,,,0.8,,,,,,,,,,,,,,,,,,,,,,,,,,,,,,,,,,,,,,,,,,,,,,,,,2024-08-06,,0.9,,pre-market,,,,,,,,,,,,,12.5,,,,,,,,,,,,
2024-09-30,FOX,,,,,,,,,,,,,,,,,,,,,,,,,,,,,,,,,,,,,,0.3,,,1.15,,,,,,,,,,,,,,,,,,,,,,,,,,,,,,,,,,,,,,,,,,,,,,,,,2024-11-04,,1.45,,pre-market,,,,,,,,,,,,,26.087,,,,,,,,,,,,
2024-12-31,FOX,,,,,,,,,,,,,,,,,,,,,,,,,,,,,,,,,,,,,,0.34,,,0.62,,,,,,,,,,,,,,,,,,,,,,,,,,,,,,,,,,,,,,,,,,,,,,,,,2025-02-04,,0.96,,pre-market,,,,,,,,,,,,,54.8387,,,,,,,,,,,,
2025-03-31,FOX,,,,,,,,,,,,,,,,,,,,,,,,,,,,,,,,,,,,,,0.23,,,0.87,,,,,,,,,,,,,,,,,,,,,,,,,,,,,,,,,,,,,,,,,,,,,,,,,2025-05-12,,1.1,,pre-market,,,,,,,,,,,,,26.4368,,,,,,,,,,,,
2025-06-30,FOX,,,,,,,,,,,,,,,,,,,,,,,,,,,,,,,,,,,,,,0.23,,,1.04,,,,,,,,,,,,,,,,,,,,,,,,,,,,,,,,,,,,,,,,,,,,,,,,,2025-08-05,,1.27,,pre-market,,,,,,,,,,,,,22.1154,,,,,,,,,,,,
2025-09-30,FOX,,,,,,,,,,,,,,,,,,,,,,,,,,,,,,,,,,,,,,0.42,,,1.09,,,,,,,,,,,,,,,,,,,,,,,,,,,,,,,,,,,,,,,,,,,,,,,,,2025-10-30,,1.51,,pre-market,,,,,,,,,,,,,38.5321,,,,,,,,,,,,
2025-12-28,FOX,4.45,16474000000.0,14.7,,0.512,27.45,,,,,,,,,,,,,,,,,,,,,,,,,,0.55,0.0085,,,,-0.258,0.42,,,1.09,,14.66,,5890000000.0,,,,,,,,,,,,,,,,,,,0.263,,,,,,,,,,,,,1.079,2.361,1.87,,,,,,,,0.123,,,2025-10-30,,1.51,,pre-market,,,0.0873,0.173,0.049,36.49,,,,,52.84,58.72,38.5321,,,,,,,,,14.7,,65.66,42.96
2025-12-28,FOX,4.45,16474000000.0,14.7,,0.512,27.45,,,,,,,,,,,,,,,None,2182000000,2182000000,,,,,,None,98000000,,0.55,0.0085,,,,-0.258,0.42,849000000,947000000,1.09,2025-09-30,14.66,,5890000000.0,1556000000,799000000,190000000,,,None,50000000,50000000,,None,,,,,599000000,609000000,-50000000,None,0.263,,589000000,967000000,,,,,None,,,,,1.079,2.361,1.87,,,,,,,,0.123,,,2025-10-30,quarterly,1.51,USD,pre-market,None,,0.0873,0.173,0.049,36.49,589000000,,,,52.84,58.72,38.5321,,,,,,,3738000000,,14.7,,65.66,42.96
2025-12-28,FOX,4.45,16474000000.0,14.7,,0.512,27.45,,,,,,,,,,,,,,,None,1861000000,1861000000,,,,,,None,102000000,,0.55,0.0085,,,,-0.258,0.42,1049000000,1151000000,1.09,2025-06-30,14.66,,5890000000.0,1426000000,959000000,240000000,,,None,90000000,48000000,,None,,,,,717000000,719000000,-42000000,None,0.263,,590000000,836000000,,,,,None,,,,,1.079,2.361,1.87,,,,,,,,0.123,,,2025-10-30,quarterly,1.51,USD,pre-market,None,,0.0873,0.173,0.049,36.49,590000000,,,,52.84,58.72,38.5321,,,,,,,3287000000,,14.7,,65.66,42.96
2025-12-28,FOX,4.45,16474000000.0,14.7,,0.512,27.45,,,,,,,,,,,,,,,None,3060000000,3060000000,,,,,,None,95000000,,0.55,0.0085,,,,-0.258,0.42,568000000,663000000,1.09,2025-03-31,14.66,,5890000000.0,1311000000,474000000,120000000,,,None,94000000,39000000,,None,,,,,346000000,354000000,-55000000,None,0.263,,551000000,760000000,,,,,None,,,,,1.079,2.361,1.87,,,,,,,,0.123,,,2025-10-30,quarterly,1.51,USD,pre-market,None,,0.0873,0.173,0.049,36.49,551000000,,,,52.84,58.72,38.5321,,,,,,,4371000000,,14.7,,65.66,42.96
2025-12-28,FOX,4.45,16474000000.0,14.7,,0.512,27.45,,,,,,,,,,,,,,,None,3873000000,3873000000,,,,,,None,97000000,,0.55,0.0085,,,,-0.258,0.42,632000000,729000000,1.09,2024-12-31,14.66,,5890000000.0,1205000000,515000000,127000000,,,None,117000000,37000000,,None,,,,,373000000,388000000,-80000000,None,0.263,,525000000,680000000,,,,,None,,,,,1.079,2.361,1.87,,,,,,,,0.123,,,2025-10-30,quarterly,1.51,USD,pre-market,None,,0.0873,0.173,0.049,36.49,525000000,,,,52.84,58.72,38.5321,,,,,,,5078000000,,14.7,,65.66,42.96
2025-12-28,FOX,4.45,16474000000.0,14.7,,0.512,27.45,,,,,,,,,,,,,,,None,2109000000,2109000000,,,,,,None,91000000,,0.55,0.0085,,,,-0.258,0.42,1215000000,1306000000,1.09,2024-09-30,14.66,,5890000000.0,1455000000,1113000000,281000000,,,None,102000000,52000000,,None,,,,,827000000,832000000,-50000000,None,0.263,,502000000,953000000,,,,,None,,,,,1.079,2.361,1.87,,,,,,,,0.123,,,2025-10-30,quarterly,1.51,USD,pre-market,None,,0.0873,0.173,0.049,36.49,502000000,,,,52.84,58.72,38.5321,,,,,,,3564000000,,14.7,,65.66,42.96
2025-12-28,FOX,4.45,16474000000.0,14.7,,0.512,27.45,,,,,,,,,,,,,,,None,1882000000,1882000000,,,,,,None,98000000,,0.55,0.0085,,,,-0.258,0.42,547000000,645000000,1.09,2024-06-30,14.66,,5890000000.0,1210000000,451000000,131000000,,,None,96000000,49000000,,None,,,,,319000000,320000000,-47000000,None,0.263,,539000000,671000000,,,,,None,,,,,1.079,2.361,1.87,,,,,,,,0.123,,,2025-10-30,quarterly,1.51,USD,pre-market,None,,0.0873,0.173,0.049,36.49,539000000,,,,52.84,58.72,38.5321,,,,,,,3092000000,,14.7,,65.66,42.96
2025-12-28,FOX,4.45,16474000000.0,14.7,,0.512,27.45,,,,,,,,,,,,,,,None,2148000000,2148000000,,,,,,None,98000000,,0.55,0.0085,,,,-0.258,0.42,1060000000,1158000000,1.09,2024-03-31,14.66,,5890000000.0,1299000000,961000000,257000000,,,None,99000000,44000000,,None,,,,,666000000,704000000,-55000000,None,0.263,,510000000,789000000,,,,,None,,,,,1.079,2.361,1.87,,,,,,,,0.123,,,2025-10-30,quarterly,1.51,USD,pre-market,None,,0.0873,0.173,0.049,36.49,510000000,,,,52.84,58.72,38.5321,,,,,,,3447000000,,14.7,,65.66,42.96
2025-12-28,FOX,4.45,16474000000.0,14.7,,0.512,27.45,,,,,,,,,,,,,,,None,3490000000,3490000000,,,,,,None,97000000,,0.55,0.0085,,,,-0.258,0.42,250000000,347000000,1.09,2023-12-31,14.66,,5890000000.0,744000000,131000000,16000000,,,None,119000000,47000000,,None,,,,,109000000,115000000,-72000000,None,0.263,,495000000,249000000,,,,,None,,,,,1.079,2.361,1.87,,,,,,,,0.123,,,2025-10-30,quarterly,1.51,USD,pre-market,None,,0.0873,0.173,0.049,36.49,495000000,,,,52.84,58.72,38.5321,,,,,,,4234000000,,14.7,,65.66,42.96
2025-12-28,FOX,4.45,16474000000.0,14.7,,0.512,27.45,,,,,,,,,,,,,,,None,1958000000,1958000000,,,,,,None,96000000,,0.55,0.0085,,,,-0.258,0.42,652000000,748000000,1.09,2023-09-30,14.66,,5890000000.0,3207000000,561000000,146000000,,,None,91000000,49000000,,None,,,,,407000000,415000000,-42000000,None,0.263,,2438000000,769000000,,,,,None,,,,,1.079,2.361,1.87,,,,,,,,0.123,,,2025-10-30,quarterly,1.51,USD,pre-market,None,,0.0873,0.173,0.049,36.49,480000000,,,,52.84,58.72,38.5321,,,,,,,3207000000,,14.7,,65.66,42.96
2025-12-28,FOX,4.45,16474000000.0,14.7,,0.512,27.45,,,,,,,,,,,,,,,None,1881000000,1881000000,,,,,,None,103000000,,0.55,0.0085,,,,-0.258,0.42,592000000,695000000,1.09,2023-06-30,14.66,,5890000000.0,3032000000,505000000,136000000,,,None,87000000,52000000,,None,,,,,375000000,369000000,-35000000,None,0.263,,2404000000,628000000,,,,,23000000,,,,,1.079,2.361,1.87,,,,,,,,0.123,,,2025-10-30,quarterly,1.51,USD,pre-market,None,,0.0873,0.173,0.049,36.49,550000000,,,,52.84,58.72,38.5321,,,,,,,3032000000,,14.7,,65.66,42.96
2025-12-28,FOX,4.45,16474000000.0,14.7,,0.512,27.45,,,,,,,,,,,,,,,None,2727000000,2727000000,,,,,,None,106000000,,0.55,0.0085,,,,-0.258,0.42,35000000,141000000,1.09,2023-03-31,14.66,,5890000000.0,4084000000,-51000000,-1000000,,,None,86000000,31000000,,None,,,,,-54000000,-50000000,-55000000,None,0.263,,3361000000,723000000,,,,,-719000000,,,,,1.079,2.361,1.87,,,,,,,,0.123,,,2025-10-30,quarterly,1.51,USD,pre-market,None,,0.0873,0.173,0.049,36.49,528000000,,,,52.84,58.72,38.5321,,,,,,,4084000000,,14.7,,65.66,42.96
2025-12-28,FOX,4.45,16474000000.0,14.7,,0.512,27.45,,,,,,,,,,,,,,,None,3631000000,3631000000,,,,,,None,103000000,,0.55,0.0085,,,,-0.258,0.42,526000000,629000000,1.09,2022-12-31,14.66,,5890000000.0,4605000000,437000000,116000000,,,None,89000000,29000000,,None,,,,,313000000,321000000,-60000000,None,0.263,,4181000000,424000000,,,,,73000000,,,,,1.079,2.361,1.87,,,,,,,,0.123,,,2025-10-30,quarterly,1.51,USD,pre-market,None,,0.0873,0.173,0.049,36.49,550000000,,,,52.84,58.72,38.5321,,,,,,,4605000000,,14.7,,65.66,42.96
2025-12-28,FOX,4.45,16474000000.0,14.7,,0.512,27.45,,,,,,,,,,,,,,,None,1755000000,1755000000,,,,,,None,99000000,,0.55,0.0085,,,,-0.258,0.42,932000000,1031000000,1.09,2022-09-30,14.66,,5890000000.0,3192000000,845000000,232000000,,,None,87000000,19000000,,None,,,,,605000000,613000000,-68000000,None,0.263,,2203000000,989000000,,,,,-76000000,,,,,1.079,2.361,1.87,,,,,,,,0.123,,,2025-10-30,quarterly,1.51,USD,pre-market,None,,0.0873,0.173,0.049,36.49,772000000,,,,52.84,58.72,38.5321,,,,,,,3192000000,,14.7,,65.66,42.96
2025-12-28,FOX,4.45,16474000000.0,14.7,,0.512,27.45,,,,,,,,,,,,,,,None,1814000000,1814000000,,,,,,None,99000000,,0.55,0.0085,,,,-0.258,0.42,539000000,638000000,1.09,2022-06-30,14.66,,5890000000.0,3033000000,447000000,139000000,,,None,92000000,None,,None,,,,,306000000,308000000,-86000000,None,0.263,,2366000000,667000000,,,,,-134000000,,,,,1.079,2.361,1.87,,,,,,,,0.123,,,2025-10-30,quarterly,1.51,USD,pre-market,None,,0.0873,0.173,0.049,36.49,468000000,,,,52.84,58.72,38.5321,,,,,,,3033000000,,14.7,,65.66,42.96
2025-12-28,FOX,4.45,16474000000.0,14.7,,0.512,27.45,,,,,,,,,,,,,,,None,2256000000,2256000000,,,,,,None,92000000,,0.55,0.0085,,,,-0.258,0.42,482000000,574000000,1.09,2022-03-31,14.66,,5890000000.0,3455000000,390000000,100000000,,,None,92000000,None,,None,,,,,283000000,290000000,-91000000,None,0.263,,2741000000,714000000,,,,,-233000000,,,,,1.079,2.361,1.87,,,,,,,,0.123,,,2025-10-30,quarterly,1.51,USD,pre-market,None,,0.0873,0.173,0.049,36.49,822000000,,,,52.84,58.72,38.5321,,,,,,,3455000000,,14.7,,65.66,42.96
2025-12-28,FOX,4.45,16474000000.0,14.7,,0.512,27.45,,,,,,,,,,,,,,,None,3760000000,3760000000,,,,,,None,93000000,,0.55,0.0085,,,,-0.258,0.42,3000000,96000000,1.09,2021-12-31,14.66,,5890000000.0,4441000000,-95000000,-22000000,,,None,98000000,None,,None,,,,,-85000000,-73000000,-97000000,None,0.263,,4228000000,213000000,,,,,-211000000,,,,,1.079,2.361,1.87,,,,,,,,0.123,,,2025-10-30,quarterly,1.51,USD,pre-market,None,,0.0873,0.173,0.049,36.49,468000000,,,,52.84,58.72,38.5321,,,,,,,4441000000,,14.7,,65.66,42.96
2025-12-28,FOX,4.45,16474000000.0,14.7,,0.512,27.45,,,,,,,,,,,,,,,None,1650000000,1650000000,,,,,,None,79000000,,0.55,0.0085,,,,-0.258,0.42,1049000000,1128000000,1.09,2021-09-30,14.66,,5890000000.0,3045000000,952000000,244000000,,,None,97000000,None,,None,,,,,701000000,708000000,-97000000,None,0.263,,2065000000,980000000,,,,,69000000,,,,,1.079,2.361,1.87,,,,,,,,0.123,,,2025-10-30,quarterly,1.51,USD,pre-market,None,,0.0873,0.173,0.049,36.49,415000000,,,,52.84,58.72,38.5321,,,,,,,3045000000,,14.7,,65.66,42.96
2025-12-28,FOX,4.45,16474000000.0,14.7,,0.512,27.45,,,,,,,,,,,,,,,None,1722000000,1722000000,,,,,,None,84000000,,0.55,0.0085,,,,-0.258,0.42,456000000,540000000,1.09,2021-06-30,14.66,,5890000000.0,2890000000,357000000,85000000,,,None,99000000,1000000,,None,,,,,253000000,272000000,-98000000,None,0.263,,2262000000,628000000,,,,,-172000000,,,,,1.079,2.361,1.87,,,,,,,,0.123,,,2025-10-30,quarterly,1.51,USD,pre-market,None,,0.0873,0.173,0.049,36.49,540000000,,,,52.84,58.72,38.5321,,,,,,,2890000000,,14.7,,65.66,42.96
2025-12-28,FOX,4.45,16474000000.0,14.7,,0.512,27.45,,,,,,,,,,,,,,,None,1963000000,1963000000,,,,,,None,78000000,,0.55,0.0085,,,,-0.258,0.42,876000000,954000000,1.09,2021-03-31,14.66,,5890000000.0,3215000000,778000000,196000000,,,None,98000000,0,,None,,,,,567000000,582000000,-98000000,None,0.263,,2400000000,815000000,,,,,61000000,,,,,1.079,2.361,1.87,,,,,,,,0.123,,,2025-10-30,quarterly,1.51,USD,pre-market,None,,0.0873,0.173,0.049,36.49,437000000,,,,52.84,58.72,38.5321,,,,,,,3215000000,,14.7,,65.66,42.96
2025-12-28,FOX,4.45,16474000000.0,14.7,,0.512,27.45,,,,,,,,,,,,,,,None,3346000000,3346000000,,,,,,None,70000000,,0.55,0.0085,,,,-0.258,0.42,401000000,471000000,1.09,2020-12-31,14.66,,5890000000.0,4087000000,304000000,74000000,,,None,97000000,2000000,,None,,,,,224000000,230000000,-97000000,None,0.263,,3858000000,229000000,,,,,174000000,,,,,1.079,2.361,1.87,,,,,,,,0.123,,,2025-10-30,quarterly,1.51,USD,pre-market,None,,0.0873,0.173,0.049,36.49,442000000,,,,52.84,58.72,38.5321,,,,,,,4087000000,,14.7,,65.66,42.96
2025-12-28,FOX,4.45,16474000000.0,14.7,,0.512,27.45,,,,,,,,,,,,,,,None,1168000000,1168000000,,,,,,None,68000000,,0.55,0.0085,,,,-0.258,0.42,1577000000,1645000000,1.09,2020-09-30,14.66,,5890000000.0,2717000000,1479000000,362000000,,,None,98000000,1000000,,None,,,,,1106000000,1117000000,-98000000,None,0.263,,1624000000,1093000000,,,,,None,,,,,1.079,2.361,1.87,,,,,,,,0.123,,,2025-10-30,quarterly,1.51,USD,pre-market,None,,0.0873,0.173,0.049,36.49,388000000,,,,52.84,58.72,38.5321,,,,,,,2717000000,,14.7,,65.66,42.96
2025-12-28,FOX,4.45,16474000000.0,14.7,,0.512,27.45,,,,,,,,,,,,,,,None,1187000000,1187000000,,,,,,None,94000000,,0.55,0.0085,,,,-0.258,0.42,300000000,394000000,1.09,2020-06-30,14.66,,5890000000.0,2418000000,200000000,55000000,,,None,100000000,2000000,,None,,,,,122000000,145000000,-98000000,None,0.263,,1775000000,643000000,,,,,None,,,,,1.079,2.361,1.87,,,,,,,,0.123,,,2025-10-30,quarterly,1.51,USD,pre-market,None,,0.0873,0.173,0.049,36.49,494000000,,,,52.84,58.72,38.5321,,,,,,,2418000000,,14.7,,65.66,42.96
2025-12-28,FOX,4.45,16474000000.0,14.7,,0.512,27.45,,,,,,,,,,,,,,,None,2061000000,2061000000,,,,,,None,57000000,,0.55,0.0085,,,,-0.258,0.42,234000000,291000000,1.09,2020-03-31,14.66,,5890000000.0,3440000000,145000000,55000000,,,None,89000000,8000000,,None,,,,,78000000,90000000,-81000000,None,0.263,,2582000000,858000000,,,,,None,,,,,1.079,2.361,1.87,,,,,,,,0.123,,,2025-10-30,quarterly,1.51,USD,pre-market,None,,0.0873,0.173,0.049,36.49,464000000,,,,52.84,58.72,38.5321,,,,,,,3440000000,,14.7,,65.66,42.96
2025-12-28,FOX,4.45,16474000000.0,14.7,,0.512,27.45,,,,,,,,,,,,,,,None,3091000000,3091000000,,,,,,None,57000000,,0.55,0.0085,,,,-0.258,0.42,509000000,566000000,1.09,2019-12-31,14.66,,5890000000.0,3778000000,419000000,105000000,,,None,90000000,8000000,,None,,,,,300000000,314000000,-82000000,None,0.263,,3579000000,199000000,,,,,None,,,,,1.079,2.361,1.87,,,,,,,,0.123,,,2025-10-30,quarterly,1.51,USD,pre-market,None,,0.0873,0.173,0.049,36.49,431000000,,,,52.84,58.72,38.5321,,,,,,,3778000000,,14.7,,65.66,42.96
2025-12-28,FOX,4.45,16474000000.0,14.7,,0.512,27.45,,,,,,,,,,,,,,,None,1468000000,1468000000,,,,,,None,50000000,,0.55,0.0085,,,,-0.258,0.42,790000000,840000000,1.09,2019-09-30,14.66,,5890000000.0,2667000000,700000000,187000000,,,None,90000000,17000000,,None,,,,,499000000,513000000,-73000000,None,0.263,,1870000000,797000000,,,,,None,,,,,1.079,2.361,1.87,,,,,,,,0.123,,,2025-10-30,quarterly,1.51,USD,pre-market,None,,0.0873,0.173,0.049,36.49,352000000,,,,52.84,58.72,38.5321,,,,,,,2667000000,,14.7,,65.66,42.96
2025-12-28,FOX,4.45,16474000000.0,14.7,,0.512,27.45,,,,,,,,,,,,,,,None,1358000000,1358000000,,,,,,None,60000000,,0.55,0.0085,,,,-0.258,0.42,747000000,807000000,1.09,2019-06-30,14.66,,5890000000.0,2513000000,656000000,191000000,,,None,91000000,22000000,,None,,,,,454000000,465000000,-69000000,None,0.263,,1873000000,640000000,,,,,None,,,,,1.079,2.361,1.87,,,,,,,,0.123,,,2025-10-30,quarterly,1.51,USD,pre-market,None,,0.0873,0.173,0.049,36.49,455000000,,,,52.84,58.72,38.5321,,,,,,,2513000000,,14.7,,65.66,42.96
2025-12-28,FOX,4.45,16474000000.0,14.7,,0.512,27.45,,,,,,,,,,,,,,,None,1660000000,1660000000,,,,,,None,58000000,,0.55,0.0085,,,,-0.258,0.42,787000000,845000000,1.09,2019-03-31,14.66,,5890000000.0,2752000000,706000000,167000000,,,None,81000000,142000000,,None,,,,,529000000,539000000,-62000000,None,0.263,,2054000000,698000000,,,,,None,,,,,1.079,2.361,1.87,,,,,,,,0.123,,,2025-10-30,quarterly,1.51,USD,pre-market,None,,0.0873,0.173,0.049,36.49,336000000,,,,52.84,58.72,38.5321,,,,,,,2752000000,,14.7,,65.66,42.96
2025-12-28,FOX,4.45,16474000000.0,14.7,,0.512,27.45,,,,,,,,,,,,,,,None,2818000000,2818000000,,,,,,None,51000000,,0.55,0.0085,,,,-0.258,0.42,46000000,97000000,1.09,2018-12-31,14.66,,5890000000.0,3583000000,31000000,7000000,,,None,15000000,None,,None,,,,,8000000,24000000,None,None,0.263,,3198000000,385000000,,,,,None,,,,,1.079,2.361,1.87,,,,,,,,0.123,,,2025-10-30,quarterly,1.51,USD,pre-market,0,,0.0873,0.173,0.049,36.49,329000000,,,,52.84,58.72,38.5321,,,,,,,3583000000,,14.7,,65.66,42.96
2025-12-28,FOX,4.45,16474000000.0,14.7,,0.512,27.45,,,,,,,,,,,,,,,None,1491000000,1491000000,,,,,,None,43000000,,0.55,0.0085,,,,-0.258,0.42,847000000,890000000,1.09,2018-09-30,14.66,,5890000000.0,2541000000,831000000,216000000,,,None,16000000,None,,None,,,,,604000000,615000000,None,None,0.263,,1833000000,708000000,,,,,None,,,,,1.079,2.361,1.87,,,,,,,,0.123,,,2025-10-30,quarterly,1.51,USD,pre-market,0,,0.0873,0.173,0.049,36.49,299000000,,,,52.84,58.72,38.5321,,,,,,,2541000000,,14.7,,65.66,42.96
2025-12-28,FOX,4.45,16474000000.0,14.7,,0.512,27.45,,,,,,,,,,,,,,,None,1451000000,1451000000,,,,,,None,45000000,,0.55,0.0085,,,,-0.258,0.42,616000000,661000000,1.09,2018-06-30,14.66,,5890000000.0,2394000000,593000000,113000000,,,None,23000000,None,,None,,,,,471000000,3813000000,None,None,0.263,,1811000000,583000000,,,,,None,,,,,1.079,2.361,1.87,,,,,,,,0.123,,,2025-10-30,quarterly,1.51,USD,pre-market,0,,0.0873,0.173,0.049,36.49,315000000,,,,52.84,58.72,38.5321,,,,,,,2394000000,,14.7,,65.66,42.96
2025-12-28,FOX,4.45,16474000000.0,14.7,,0.512,27.45,,,,,,,,,,,,,,,None,1444000000,1444000000,,,,,,None,43000000,,0.55,0.0085,,,,-0.258,0.42,661000000,704000000,1.09,2018-03-31,14.66,,5890000000.0,2463000000,654000000,188000000,,,None,7000000,None,,None,,,,,457000000,466000000,None,None,0.263,,1812000000,651000000,,,,,None,,,,,1.079,2.361,1.87,,,,,,,,0.123,,,2025-10-30,quarterly,1.51,USD,pre-market,0,,0.0873,0.173,0.049,36.49,325000000,,,,52.84,58.72,38.5321,,,,,,,2463000000,,14.7,,65.66,42.96
2025-12-28,FOX,4.45,16474000000.0,14.7,,0.512,27.45,,,,,,,,,,,,,,,None,2346000000,2346000000,,,,,,None,42000000,,0.55,0.0085,,,,-0.258,0.42,318000000,360000000,1.09,2017-12-31,14.66,,5890000000.0,3108000000,312000000,-570000000,,,None,6000000,None,,None,,,,,869000000,882000000,None,None,0.263,,2747000000,361000000,,,,,None,,,,,1.079,2.361,1.87,,,,,,,,0.123,,,2025-10-30,quarterly,1.51,USD,pre-market,0,,0.0873,0.173,0.049,36.49,359000000,,,,52.84,58.72,38.5321,,,,,,,3108000000,,14.7,,65.66,42.96
2025-12-28,FOX,4.45,16474000000.0,14.7,,0.512,27.45,,,,,,,,,,,,,,,None,1264000000,1264000000,,,,,,None,41000000,,0.55,0.0085,,,,-0.258,0.42,618000000,659000000,1.09,2017-09-30,14.66,,5890000000.0,2188000000,611000000,211000000,,,None,7000000,None,,None,,,,,390000000,400000000,None,None,0.263,,1568000000,620000000,,,,,None,,,,,1.079,2.361,1.87,,,,,,,,0.123,,,2025-10-30,quarterly,1.51,USD,pre-market,0,,0.0873,0.173,0.049,36.49,263000000,,,,52.84,58.72,38.5321,,,,,,,2188000000,,14.7,,65.66,42.96
2025-12-28,FOX,4.45,16474000000.0,14.7,,0.512,27.45,,,,,,,,,,,,,,,None,0,0,,,,,,None,None,,0.55,0.0085,,,,-0.258,0.42,-1562000000,None,1.09,2017-06-30,14.66,,5890000000.0,0,3437000000,-370000000,,,None,1529000000,None,,None,,,,,0,2388000000,None,None,0.263,,0,6437000000,,,,,None,,,,,1.079,2.361,1.87,,,,,,,,0.123,,,2025-10-30,quarterly,1.51,USD,pre-market,0,,0.0873,0.173,0.049,36.49,2447000000,,,,52.84,58.72,38.5321,,,,,,,7564000000,,14.7,,65.66,42.96
2025-12-28,FOX,4.45,16474000000.0,14.7,,0.512,27.45,,,,,,,,,,,,,,,None,0,0,,,,,,None,None,,0.55,0.0085,,,,-0.258,0.42,1562000000,None,1.09,2017-03-31,14.66,,5890000000.0,0,-133000000,-78000000,,,None,11000000,None,,None,,,,,0,882000000,None,None,0.263,,0,0,,,,,None,,,,,1.079,2.361,1.87,,,,,,,,0.123,,,2025-10-30,quarterly,1.51,USD,pre-market,0,,0.0873,0.173,0.049,36.49,19000000,,,,52.84,58.72,38.5321,,,,,,,118000000,,14.7,,65.66,42.96
2025-12-28,FOX,4.45,16474000000.0,14.7,,0.512,27.45,,,,,,,,,,,,,,,None,0,0,,,,,,None,None,,0.55,0.0085,,,,-0.258,0.42,0,None,1.09,2016-12-31,14.66,,5890000000.0,0,148000000,105000000,,,None,1000000,None,,None,,,,,0,0,None,None,0.263,,0,0,,,,,None,,,,,1.079,2.361,1.87,,,,,,,,0.123,,,2025-10-30,quarterly,1.51,USD,pre-market,0,,0.0873,0.173,0.049,36.49,7000000,,,,52.84,58.72,38.5321,,,,,,,1176000000,,14.7,,65.66,42.96
2025-12-28,FOX,4.45,16474000000.0,14.7,,0.512,27.45,,,,,,,,,,,,,,,None,0,0,,,,,,None,None,,0.55,0.0085,,,,-0.258,0.42,0,None,1.09,2016-09-30,14.66,,5890000000.0,0,1237000000,343000000,,,None,300000000,None,,None,,,,,0,0,None,None,0.263,,0,0,,,,,None,,,,,1.079,2.361,1.87,,,,,,,,0.123,,,2025-10-30,quarterly,1.51,USD,pre-market,0,,0.0873,0.173,0.049,36.49,866000000,,,,52.84,58.72,38.5321,,,,,,,6506000000,,14.7,,65.66,42.96
2025-12-28,FOX,4.45,16474000000.0,14.7,,0.512,27.45,,,,,,,,,,,,,,,None,0,0,,,,,,None,None,,0.55,0.0085,,,,-0.258,0.42,0,None,1.09,2016-06-30,14.66,,5890000000.0,0,3927000000,-49000000,,,None,1181000000,None,,None,,,,,0,3024000000,None,None,0.263,,0,5867000000,,,,,None,,,,,1.079,2.361,1.87,,,,,,,,0.123,,,2025-10-30,quarterly,1.51,USD,pre-market,0,,0.0873,0.173,0.049,36.49,3428000000,,,,52.84,58.72,38.5321,,,,,,,147000000,,14.7,,65.66,42.96
2025-12-28,FOX,4.45,16474000000.0,14.7,,0.512,27.45,,,,,,,,,,,,,,,None,0,0,,,,,,None,None,,0.55,0.0085,,,,-0.258,0.42,0,None,1.09,2016-03-31,14.66,,5890000000.0,0,116000000,-52000000,,,None,6000000,None,,None,,,,,0,0,None,None,0.263,,0,0,,,,,None,,,,,1.079,2.361,1.87,,,,,,,,0.123,,,2025-10-30,quarterly,1.51,USD,pre-market,0,,0.0873,0.173,0.049,36.49,24000000,,,,52.84,58.72,38.5321,,,,,,,1445000000,,14.7,,65.66,42.96
2025-12-28,FOX,4.45,16474000000.0,14.7,,0.512,27.45,,,,,,,,,,,,,,,None,0,0,,,,,,None,None,,0.55,0.0085,,,,-0.258,0.42,0,None,1.09,2015-12-31,14.66,,5890000000.0,0,-942000000,-212000000,,,None,292000000,None,,None,,,,,0,0,None,None,0.263,,0,0,,,,,None,,,,,1.079,2.361,1.87,,,,,,,,0.123,,,2025-10-30,quarterly,1.51,USD,pre-market,0,,0.0873,0.173,0.049,36.49,875000000,,,,52.84,58.72,38.5321,,,,,,,4779000000,,14.7,,65.66,42.96
2025-12-28,FOX,4.45,16474000000.0,14.7,,0.512,27.45,,,,,,,,,,,,,,,None,0,0,,,,,,None,None,,0.55,0.0085,,,,-0.258,0.42,0,None,1.09,2015-09-30,14.66,,5890000000.0,0,1053000000,313000000,,,None,295000000,None,,None,,,,,0,0,None,None,0.263,,0,0,,,,,None,,,,,1.079,2.361,1.87,,,,,,,,0.123,,,2025-10-30,quarterly,1.51,USD,pre-market,0,,0.0873,0.173,0.049,36.49,889000000,,,,52.84,58.72,38.5321,,,,,,,6077000000,,14.7,,65.66,42.96
2025-12-28,FOX,4.45,16474000000.0,14.7,,0.512,27.45,,,,,,,,,,,,,,,None,18561000000,18561000000,,,,,,None,None,,0.55,0.0085,,,,-0.258,0.42,5906000000,None,1.09,2015-06-30,14.66,,5890000000.0,10426000000,14821000000,974000000,,,None,1180000000,None,,None,,,,,8306000000,8604000000,None,None,0.263,,23081000000,5906000000,,,,,None,,,,,1.079,2.361,1.87,,,,,,,,0.123,,,2025-10-30,quarterly,1.51,USD,pre-market,0,,0.0873,0.173,0.049,36.49,3949000000,,,,52.84,58.72,38.5321,,,,,,,30202000000,,14.7,,65.66,42.96
2025-12-28,FOX,4.45,16474000000.0,14.7,,0.512,27.45,,,,,,,,,,,,,,,None,0,0,,,,,,None,None,,0.55,0.0085,,,,-0.258,0.42,0,None,1.09,2015-03-31,14.66,,5890000000.0,0,-9860000000,583000000,,,None,23000000,None,,None,,,,,0,0,None,None,0.263,,0,0,,,,,None,,,,,1.079,2.361,1.87,,,,,,,,0.123,,,2025-10-30,quarterly,1.51,USD,pre-market,0,,0.0873,0.173,0.049,36.49,74000000,,,,52.84,58.72,38.5321,,,,,,,1383000000,,14.7,,65.66,42.96
2025-12-28,FOX,4.45,16474000000.0,14.7,,0.512,27.45,,,,,,,,,,,,,,,None,0,0,,,,,,None,None,,0.55,0.0085,,,,-0.258,0.42,0,None,1.09,2014-12-31,14.66,,5890000000.0,0,3283000000,-817000000,,,None,300000000,None,,None,,,,,0,0,None,None,0.263,,0,0,,,,,None,,,,,1.079,2.361,1.87,,,,,,,,0.123,,,2025-10-30,quarterly,1.51,USD,pre-market,0,,0.0873,0.173,0.049,36.49,1170000000,,,,52.84,58.72,38.5321,,,,,,,7719000000,,14.7,,65.66,42.96
2025-12-28,FOX,4.45,16474000000.0,14.7,,0.512,27.45,,,,,,,,,,,,,,,None,0,0,,,,,,None,None,,0.55,0.0085,,,,-0.258,0.42,0,None,1.09,2014-09-30,14.66,,5890000000.0,0,1603000000,503000000,,,None,305000000,None,,None,,,,,0,0,None,None,0.263,,0,0,,,,,None,,,,,1.079,2.361,1.87,,,,,,,,0.123,,,2025-10-30,quarterly,1.51,USD,pre-market,0,,0.0873,0.173,0.049,36.49,1079000000,,,,52.84,58.72,38.5321,,,,,,,7887000000,,14.7,,65.66,42.96
2025-12-28,FOX,4.45,16474000000.0,14.7,,0.512,27.45,,,,,,,,,,,,,,,None,0,0,,,,,,None,None,,0.55,0.0085,,,,-0.258,0.42,5488000000,None,1.09,2014-06-30,14.66,,5890000000.0,0,5189000000,1363000000,,,None,1111000000,None,,None,,,,,154000000,3917000000,None,None,0.263,,26379000000,0,,,,,None,,,,,1.079,2.361,1.87,,,,,,,,0.123,,,2025-10-30,quarterly,1.51,USD,pre-market,0,,0.0873,0.173,0.049,36.49,4237000000,,,,52.84,58.72,38.5321,,,,,,,31811000000,,14.7,,65.66,42.96
2025-12-28,FOX,4.45,16474000000.0,14.7,,0.512,27.45,,,,,,,,,,,,,,,None,0,0,,,,,,None,None,,0.55,0.0085,,,,-0.258,0.42,0,None,1.09,2014-03-31,14.66,,5890000000.0,0,-1358000000,-451000000,,,None,264000000,None,,None,,,,,-1361000000,0,None,None,0.263,,0,0,,,,,None,,,,,1.079,2.361,1.87,,,,,,,,0.123,,,2025-10-30,quarterly,1.51,USD,pre-market,0,,0.0873,0.173,0.049,36.49,1194000000,,,,52.84,58.72,38.5321,,,,,,,8107000000,,14.7,,65.66,42.96
2025-12-28,FOX,4.45,16474000000.0,14.7,,0.512,27.45,,,,,,,,,,,,,,,None,0,0,,,,,,None,None,,0.55,0.0085,,,,-0.258,0.42,0,None,1.09,2013-12-31,14.66,,5890000000.0,0,1358000000,360000000,,,None,274000000,None,,None,,,,,1207000000,0,None,None,0.263,,0,0,,,,,None,,,,,1.079,2.361,1.87,,,,,,,,0.123,,,2025-10-30,quarterly,1.51,USD,pre-market,0,,0.0873,0.173,0.049,36.49,1086000000,,,,52.84,58.72,38.5321,,,,,,,8163000000,,14.7,,65.66,42.96
2025-12-28,FOX,4.45,16474000000.0,14.7,,0.512,27.45,,,,,,,,,,,,,,,None,0,0,,,,,,None,None,,0.55,0.0085,,,,-0.258,0.42,0,None,1.09,2011-06-30,14.66,,5890000000.0,0,0,-257000000,,,None,244000000,None,,None,,,,,-639000000,0,None,None,0.263,,0,0,,,,,None,,,,,1.079,2.361,1.87,,,,,,,,0.123,,,2025-10-30,quarterly,1.51,USD,pre-market,0,,0.0873,0.173,0.049,36.49,1588000000,,,,52.84,58.72,38.5321,,,,,,,8256000000,,14.7,,65.66,42.96
2025-12-28,FOX,4.45,16474000000.0,14.7,,0.512,27.45,,,,,,,,,,,,,,,None,0,0,,,,,,None,None,,0.55,0.0085,,,,-0.258,0.42,0,None,1.09,2011-03-31,14.66,,5890000000.0,0,0,257000000,,,None,244000000,None,,None,,,,,639000000,0,None,None,0.263,,0,0,,,,,None,,,,,1.079,2.361,1.87,,,,,,,,0.123,,,2025-10-30,quarterly,1.51,USD,pre-market,0,,0.0873,0.173,0.049,36.49,1588000000,,,,52.84,58.72,38.5321,,,,,,,8256000000,,14.7,,65.66,42.96
2025-12-28,FOX,4.45,16474000000.0,14.7,,0.512,27.45,,,,,,,,,,,,,,,None,0,0,,,,,,None,None,,0.55,0.0085,,,,-0.258,0.42,None,None,1.09,2010-03-31,14.66,,5890000000.0,0,0,295000000,,,None,247000000,None,,None,,,,,839000000,None,None,None,0.263,,None,0,,,,,None,,,,,1.079,2.361,1.87,,,,,,,,0.123,,,2025-10-30,quarterly,1.51,USD,pre-market,0,,0.0873,0.173,0.049,36.49,1461000000,,,,52.84,58.72,38.5321,,,,,,,8785000000,,14.7,,65.66,42.96
2025-12-28,FOX,4.45,16474000000.0,14.7,,0.512,27.45,,,,,,,,,,,,,,,None,0,0,,,,,,None,None,,0.55,0.0085,,,,-0.258,0.42,None,None,1.09,2009-12-31,14.66,,5890000000.0,0,0,382000000,,,None,514000000,None,,None,,,,,825000000,None,None,None,0.263,,None,0,,,,,None,,,,,1.079,2.361,1.87,,,,,,,,0.123,,,2025-10-30,quarterly,1.51,USD,pre-market,0,,0.0873,0.173,0.049,36.49,3478000000,,,,52.84,58.72,38.5321,,,,,,,15883000000,,14.7,,65.66,42.96
2025-12-28,FOX,4.45,16474000000.0,14.7,,0.512,27.45,,,,,,,,,,,,,,,None,0,0,,,,,,None,None,,0.55,0.0085,,,,-0.258,0.42,None,None,1.09,2009-09-30,14.66,,5890000000.0,0,0,245000000,,,None,245000000,None,,None,,,,,571000000,None,None,None,0.263,,None,1042000000,,,,,None,,,,,1.079,2.361,1.87,,,,,,,,0.123,,,2025-10-30,quarterly,1.51,USD,pre-market,0,,0.0873,0.173,0.049,36.49,1435000000,,,,52.84,58.72,38.5321,,,,,,,7199000000,,14.7,,65.66,42.96
2025-12-28,FOX,4.45,16474000000.0,14.7,,0.512,27.45,,,,,,,,,,,,,,,None,10903000000,10903000000,,,,,,None,385000000,,0.55,0.0085,,,,-0.258,0.42,3464000000,3849000000,1.09,2025-06-30,14.66,,5890000000.0,5397000000,3061000000,768000000,,,None,403000000,176000000,,None,,,,,2263000000,2293000000,-227000000,None,0.263,,2178000000,3229000000,,,,,None,,,,,1.079,2.361,1.87,,,,,,,,0.123,,,2025-10-30,annual,1.51,USD,pre-market,None,,0.0873,0.173,0.049,36.49,2168000000,,,,52.84,58.72,38.5321,,,,,,,16300000000,,14.7,,65.66,42.96
2025-12-28,FOX,4.45,16474000000.0,14.7,,0.512,27.45,,,,,,,,,,,,,,,None,9089000000,9089000000,,,,,,None,389000000,,0.55,0.0085,,,,-0.258,0.42,2509000000,2898000000,1.09,2024-06-30,14.66,,5890000000.0,13980000000,2104000000,550000000,,,None,405000000,189000000,,None,,,,,1501000000,1554000000,-216000000,None,0.263,,11502000000,2478000000,,,,,None,,,,,1.079,2.361,1.87,,,,,,,,0.123,,,2025-10-30,annual,1.51,USD,pre-market,None,,0.0873,0.173,0.049,36.49,2024000000,,,,52.84,58.72,38.5321,,,,,,,13980000000,,14.7,,65.66,42.96
2025-12-28,FOX,4.45,16474000000.0,14.7,,0.512,27.45,,,,,,,,,,,,,,,None,9689000000,9689000000,,,,,,None,411000000,,0.55,0.0085,,,,-0.258,0.42,2085000000,2496000000,1.09,2023-06-30,14.66,,5890000000.0,14913000000,1736000000,483000000,,,None,349000000,131000000,,None,,,,,1239000000,1253000000,-218000000,None,0.263,,12149000000,2764000000,,,,,-699000000,,,,,1.079,2.361,1.87,,,,,,,,0.123,,,2025-10-30,annual,1.51,USD,pre-market,None,,0.0873,0.173,0.049,36.49,2049000000,,,,52.84,58.72,38.5321,,,,,,,14913000000,,14.7,,65.66,42.96
2025-12-28,FOX,4.45,16474000000.0,14.7,,0.512,27.45,,,,,,,,,,,,,,,None,9117000000,9117000000,,,,,,None,363000000,,0.55,0.0085,,,,-0.258,0.42,2071000000,2434000000,1.09,2022-06-30,14.66,,5890000000.0,13974000000,1694000000,461000000,,,None,377000000,6000000,,None,,,,,1205000000,1233000000,-371000000,None,0.263,,11400000000,2574000000,,,,,-509000000,,,,,1.079,2.361,1.87,,,,,,,,0.123,,,2025-10-30,annual,1.51,USD,pre-market,None,,0.0873,0.173,0.049,36.49,1920000000,,,,52.84,58.72,38.5321,,,,,,,13974000000,,14.7,,65.66,42.96
2025-12-28,FOX,4.45,16474000000.0,14.7,,0.512,27.45,,,,,,,,,,,,,,,None,8037000000,8037000000,,,,,,None,300000000,,0.55,0.0085,,,,-0.258,0.42,3313000000,3613000000,1.09,2021-06-30,14.66,,5890000000.0,12909000000,2918000000,717000000,,,None,395000000,4000000,,None,,,,,2150000000,2201000000,-391000000,None,0.263,,10144000000,2765000000,,,,,583000000,,,,,1.079,2.361,1.87,,,,,,,,0.123,,,2025-10-30,annual,1.51,USD,pre-market,None,,0.0873,0.173,0.049,36.49,1807000000,,,,52.84,58.72,38.5321,,,,,,,12909000000,,14.7,,65.66,42.96
2025-12-28,FOX,4.45,16474000000.0,14.7,,0.512,27.45,,,,,,,,,,,,,,,None,7807000000,7807000000,,,,,,None,258000000,,0.55,0.0085,,,,-0.258,0.42,1833000000,2091000000,1.09,2020-06-30,14.66,,5890000000.0,12303000000,1464000000,402000000,,,None,369000000,35000000,,None,,,,,999000000,1062000000,-334000000,None,0.263,,9806000000,2497000000,,,,,None,,,,,1.079,2.361,1.87,,,,,,,,0.123,,,2025-10-30,annual,1.51,USD,pre-market,None,,0.0873,0.173,0.049,36.49,1741000000,,,,52.84,58.72,38.5321,,,,,,,12303000000,,14.7,,65.66,42.96
2025-12-28,FOX,4.45,16474000000.0,14.7,,0.512,27.45,,,,,,,,,,,,,,,None,7539000000,7539000000,,,,,,None,212000000,,0.55,0.0085,,,,-0.258,0.42,2427000000,2639000000,1.09,2019-06-30,14.66,,5890000000.0,11389000000,2224000000,581000000,,,None,203000000,41000000,,None,,,,,1595000000,1643000000,-162000000,None,0.263,,8958000000,2431000000,,,,,None,,,,,1.079,2.361,1.87,,,,,,,,0.123,,,2025-10-30,annual,1.51,USD,pre-market,None,,0.0873,0.173,0.049,36.49,1419000000,,,,52.84,58.72,38.5321,,,,,,,11389000000,,14.7,,65.66,42.96
2025-12-28,FOX,4.45,16474000000.0,14.7,,0.512,27.45,,,,,,,,,,,,,,,None,6676000000,6676000000,,,,,,None,171000000,,0.55,0.0085,,,,-0.258,0.42,2213000000,2384000000,1.09,2018-06-30,14.66,,5890000000.0,10153000000,2170000000,-58000000,,,None,43000000,None,,None,,,,,2187000000,2228000000,-43000000,None,0.263,,7938000000,2215000000,,,,,None,,,,,1.079,2.361,1.87,,,,,,,,0.123,,,2025-10-30,annual,1.51,USD,pre-market,0,,0.0873,0.173,0.049,36.49,1262000000,,,,52.84,58.72,38.5321,,,,,,,10153000000,,14.7,,65.66,42.96
2025-12-28,FOX,4.45,16474000000.0,14.7,,0.512,27.45,,,,,,,,,,,,,,,None,6269000000,6269000000,,,,,,None,169000000,,0.55,0.0085,,,,-0.258,0.42,2264000000,2433000000,1.09,2017-06-30,14.66,,5890000000.0,9921000000,2241000000,832000000,,,None,23000000,0,,None,,,,,1372000000,1409000000,-23000000,None,0.263,,7386000000,2535000000,,,,,None,,,,,1.079,2.361,1.87,,,,,,,,0.123,,,2025-10-30,annual,1.51,USD,pre-market,0,,0.0873,0.173,0.049,36.49,1117000000,,,,52.84,58.72,38.5321,,,,,,,9921000000,,14.7,,65.66,42.96
2025-12-28,FOX,4.45,16474000000.0,14.7,,0.512,27.45,,,,,,,,,,,,,,,None,5729000000,5729000000,,,,,,None,170000000,,0.55,0.0085,,,,-0.258,0.42,1861000000,2031000000,1.09,2016-06-30,14.66,,5890000000.0,8894000000,1843000000,736000000,,,None,18000000,None,,None,,,,,1072000000,1107000000,-18000000,None,0.263,,6920000000,1974000000,,,,,None,,,,,1.079,2.361,1.87,,,,,,,,0.123,,,2025-10-30,annual,1.51,USD,pre-market,0,,0.0873,0.173,0.049,36.49,1191000000,,,,52.84,58.72,38.5321,,,,,,,8894000000,,14.7,,65.66,42.96
2025-12-28,FOX,4.45,16474000000.0,14.7,,0.512,27.45,,,,,,,,,,,,,,,None,18561000000,18561000000,,,,,,None,None,,0.55,0.0085,,,,-0.258,0.42,5906000000,None,1.09,2015-06-30,14.66,,5890000000.0,10426000000,9847000000,1243000000,,,None,0,None,,None,,,,,8306000000,8604000000,None,None,0.263,,23081000000,5906000000,,,,,None,,,,,1.079,2.361,1.87,,,,,,,,0.123,,,2025-10-30,annual,1.51,USD,pre-market,0,,0.0873,0.173,0.049,36.49,3784000000,,,,52.84,58.72,38.5321,,,,,,,28987000000,,14.7,,65.66,42.96
2025-12-28,FOX,4.45,16474000000.0,14.7,,0.512,27.45,,,,,,,,,,,,,,,None,0,0,,,,,,None,None,,0.55,0.0085,,,,-0.258,0.42,5488000000,None,1.09,2014-06-30,14.66,,5890000000.0,0,5189000000,1272000000,,,None,0,None,,None,,,,,4646000000,3917000000,None,None,0.263,,26379000000,0,,,,,None,,,,,1.079,2.361,1.87,,,,,,,,0.123,,,2025-10-30,annual,1.51,USD,pre-market,0,,0.0873,0.173,0.049,36.49,4129000000,,,,52.84,58.72,38.5321,,,,,,,31867000000,,14.7,,65.66,42.96
2025-12-28,FOX,4.45,16474000000.0,14.7,None,0.512,27.45,,849000000,4368000000,4368000000,,,,,,,,,4000000,455000000,None,0,0,2461000000,None,None,2810000000,None,None,None,,0.55,0.0085,,,,-0.258,0.42,5488000000,None,1.09,2025-09-30,14.66,3637000000,5890000000.0,0,5189000000,1272000000,2960000000,2960000000,None,0,None,509000000,None,None,6603000000,None,1635000000,4646000000,3917000000,None,None,0.263,,26379000000,0,282000000,-419000000,None,224000000,None,,,,,1.079,2.361,1.87,,,,,,,,0.123,,None,2025-10-30,quarterly,1.51,USD,pre-market,0,4771000000,0.0873,0.173,0.049,36.49,4129000000,7452000000,41000000,None,52.84,58.72,38.5321,22766000000,7969000000,2461000000,10374000000,14797000000,7913000000,31867000000,12208000000,14.7,None,65.66,42.96
2025-12-28,FOX,4.45,16474000000.0,14.7,None,0.512,27.45,,863000000,5351000000,5351000000,,,,,,,,,4000000,457000000,None,0,0,1070000000,None,None,2472000000,None,None,None,,0.55,0.0085,,,,-0.258,0.42,5488000000,None,1.09,2025-06-30,14.66,3639000000,5890000000.0,0,5189000000,1272000000,2969000000,2969000000,None,0,None,432000000,None,None,6602000000,None,1621000000,4646000000,3917000000,None,None,0.263,,26379000000,0,174000000,1487000000,None,243000000,None,,,,,1.079,2.361,1.87,,,,,,,,0.123,,None,2025-10-30,quarterly,1.51,USD,pre-market,0,4479000000,0.0873,0.173,0.049,36.49,4129000000,7465000000,41000000,None,52.84,58.72,38.5321,23195000000,8429000000,2897000000,10840000000,14766000000,7943000000,31867000000,11962000000,14.7,None,65.66,42.96
2025-12-28,FOX,4.45,16474000000.0,14.7,None,0.512,27.45,,906000000,4815000000,4815000000,,,,,,,,,4000000,461000000,None,0,0,1317000000,None,600000000,3252000000,None,None,None,,0.55,0.0085,,,,-0.258,0.42,5488000000,None,1.09,2025-03-31,14.66,3639000000,5890000000.0,0,5189000000,1272000000,3030000000,3030000000,None,0,None,455000000,None,None,6601000000,None,1362000000,4646000000,3917000000,None,None,0.263,,26379000000,0,227000000,1346000000,None,217000000,None,,,,,1.079,2.361,1.87,,,,,,,,0.123,,None,2025-10-30,quarterly,1.51,USD,pre-market,0,3999000000,0.0873,0.173,0.049,36.49,4129000000,8107000000,651000000,None,52.84,58.72,38.5321,23367000000,8749000000,3567000000,11501000000,14618000000,7934000000,31867000000,11526000000,14.7,None,65.66,42.96
2025-12-28,FOX,4.45,16474000000.0,14.7,None,0.512,27.45,,922000000,3322000000,3322000000,,,,,,,,,4000000,462000000,None,0,0,983000000,None,600000000,3492000000,None,None,None,,0.55,0.0085,,,,-0.258,0.42,5488000000,None,1.09,2024-12-31,14.66,3543000000,5890000000.0,0,5189000000,1272000000,3020000000,3020000000,None,0,None,1171000000,None,None,6600000000,None,1517000000,4646000000,3917000000,None,None,0.263,,26379000000,0,252000000,1408000000,None,203000000,None,,,,,1.079,2.361,1.87,,,,,,,,0.123,,None,2025-10-30,quarterly,1.51,USD,pre-market,0,3949000000,0.0873,0.173,0.049,36.49,4129000000,8122000000,670000000,None,52.84,58.72,38.5321,23022000000,8237000000,3297000000,11211000000,14785000000,7914000000,31867000000,11495000000,14.7,None,65.66,42.96
2025-12-28,FOX,4.45,16474000000.0,14.7,None,0.512,27.45,,937000000,4052000000,4052000000,,,,,,,,,4000000,464000000,None,0,0,686000000,None,600000000,2687000000,None,None,None,,0.55,0.0085,,,,-0.258,0.42,5488000000,None,1.09,2024-09-30,14.66,3547000000,5890000000.0,0,5189000000,1272000000,3030000000,3030000000,None,0,None,795000000,None,None,6599000000,None,1355000000,4646000000,3917000000,None,None,0.263,,26379000000,0,259000000,1315000000,None,218000000,None,,,,,1.079,2.361,1.87,,,,,,,,0.123,,None,2025-10-30,quarterly,1.51,USD,pre-market,0,3734000000,0.0873,0.173,0.049,36.49,4129000000,8136000000,676000000,None,52.84,58.72,38.5321,22538000000,7793000000,3005000000,10960000000,14745000000,7955000000,31867000000,11276000000,14.7,None,65.66,42.96
2025-12-28,FOX,4.45,16474000000.0,14.7,None,0.512,27.45,,955000000,4319000000,4319000000,,,,,,,,,4000000,468000000,None,0,0,683000000,None,599000000,2364000000,None,None,None,,0.55,0.0085,,,,-0.258,0.42,5488000000,None,1.09,2024-06-30,14.66,3544000000,5890000000.0,0,5189000000,1272000000,3038000000,3038000000,None,0,None,626000000,None,None,6598000000,None,1129000000,4646000000,3917000000,None,None,0.263,,26379000000,0,192000000,1414000000,None,211000000,None,,,,,1.079,2.361,1.87,,,,,,,,0.123,,None,2025-10-30,quarterly,1.51,USD,pre-market,0,3139000000,0.0873,0.173,0.049,36.49,4129000000,8152000000,675000000,None,52.84,58.72,38.5321,21972000000,7501000000,2952000000,10916000000,14471000000,7964000000,31867000000,10714000000,14.7,None,65.66,42.96
2025-12-28,FOX,4.45,16474000000.0,14.7,None,0.512,27.45,,943000000,3791000000,3791000000,,,,,,,,,5000000,475000000,None,0,0,754000000,None,None,2481000000,None,None,None,,0.55,0.0085,,,,-0.258,0.42,5488000000,None,1.09,2024-03-31,14.66,3544000000,5890000000.0,0,5189000000,1272000000,3048000000,3048000000,None,0,None,660000000,None,None,7196000000,None,1250000000,4646000000,3917000000,None,None,0.263,,26379000000,0,246000000,1222000000,None,222000000,None,,,,,1.079,2.361,1.87,,,,,,,,0.123,,None,2025-10-30,quarterly,1.51,USD,pre-market,0,2926000000,0.0873,0.173,0.049,36.49,4129000000,8139000000,73000000,None,52.84,58.72,38.5321,21717000000,7178000000,2217000000,10792000000,14539000000,8575000000,31867000000,10554000000,14.7,None,65.66,42.96
2025-12-28,FOX,4.45,16474000000.0,14.7,None,0.512,27.45,,965000000,4122000000,4122000000,,,,,,,,,5000000,482000000,None,0,0,984000000,None,1250000000,3001000000,None,None,None,,0.55,0.0085,,,,-0.258,0.42,5488000000,None,1.09,2023-12-31,14.66,3559000000,5890000000.0,0,5189000000,1272000000,3061000000,3061000000,None,0,None,1038000000,None,None,7195000000,None,838000000,4646000000,3917000000,None,None,0.263,,26379000000,0,340000000,1237000000,None,187000000,None,,,,,1.079,2.361,1.87,,,,,,,,0.123,,None,2025-10-30,quarterly,1.51,USD,pre-market,0,2514000000,0.0873,0.173,0.049,36.49,4129000000,9410000000,1319000000,None,52.84,58.72,38.5321,22846000000,8501000000,3707000000,12278000000,14345000000,8571000000,31867000000,10252000000,14.7,None,65.66,42.96
2025-12-28,FOX,4.45,16474000000.0,14.7,None,0.512,27.45,,977000000,3829000000,3829000000,,,,,,,,,5000000,494000000,None,0,0,849000000,None,1250000000,2420000000,None,None,None,,0.55,0.0085,,,,-0.258,0.42,5488000000,None,1.09,2023-09-30,14.66,3557000000,5890000000.0,0,5189000000,1272000000,3072000000,3072000000,None,0,None,751000000,None,None,5962000000,None,877000000,4646000000,3917000000,None,None,0.263,,26379000000,0,239000000,1166000000,None,1419000000,None,,,,,1.079,2.361,1.87,,,,,,,,0.123,,2614000000,2025-10-30,quarterly,1.51,USD,pre-market,0,2539000000,0.0873,0.173,0.049,36.49,4129000000,8189000000,1320000000,None,52.84,58.72,38.5321,21649000000,7239000000,3589000000,10970000000,14410000000,7381000000,31867000000,10384000000,14.7,None,65.66,42.96
2025-12-28,FOX,4.45,16474000000.0,14.7,None,0.512,27.45,,997000000,4272000000,4272000000,,,,,,,,,5000000,506000000,None,0,0,785000000,None,1249000000,2177000000,None,None,None,,0.55,0.0085,,,,-0.258,0.42,5488000000,None,1.09,2023-06-30,14.66,3559000000,5890000000.0,0,5189000000,1272000000,3084000000,3084000000,None,0,None,543000000,None,None,5961000000,None,1034000000,4646000000,3917000000,None,None,0.263,,26379000000,0,265000000,1497000000,None,1697000000,None,,,,,1.079,2.361,1.87,,,,,,,,0.123,,1708000000,2025-10-30,quarterly,1.51,USD,pre-market,0,2269000000,0.0873,0.173,0.049,36.49,4129000000,8207000000,1321000000,None,52.84,58.72,38.5321,21866000000,7257000000,3763000000,11208000000,14609000000,7445000000,31867000000,10378000000,14.7,None,65.66,42.96
2025-12-28,FOX,4.45,16474000000.0,14.7,None,0.512,27.45,,1007000000,4146000000,4146000000,,,,,,,,,5000000,521000000,None,0,0,836000000,None,1249000000,2741000000,None,None,None,,0.55,0.0085,,,,-0.258,0.42,5488000000,None,1.09,2023-03-31,14.66,3557000000,5890000000.0,0,5189000000,1272000000,3097000000,3097000000,None,0,None,487000000,None,None,5961000000,None,954000000,4646000000,3917000000,None,None,0.263,,26379000000,0,349000000,2054000000,None,1578000000,None,,,,,1.079,2.361,1.87,,,,,,,,0.123,,1675000000,2025-10-30,quarterly,1.51,USD,pre-market,0,2032000000,0.0873,0.173,0.049,36.49,4129000000,8217000000,1326000000,None,52.84,58.72,38.5321,22396000000,7723000000,4402000000,11941000000,14673000000,7539000000,31867000000,10185000000,14.7,None,65.66,42.96
2025-12-28,FOX,4.45,16474000000.0,14.7,None,0.512,27.45,,1009000000,4058000000,4058000000,,,,,,,,,5000000,543000000,None,0,0,962000000,None,None,3004000000,None,None,None,,0.55,0.0085,,,,-0.258,0.42,5488000000,None,1.09,2022-12-31,14.66,3556000000,5890000000.0,0,5189000000,1272000000,3114000000,3114000000,None,0,None,1300000000,None,None,7208000000,None,772000000,4646000000,3917000000,None,None,0.263,,26379000000,0,209000000,1324000000,None,1503000000,None,,,,,1.079,2.361,1.87,,,,,,,,0.123,,1680000000,2025-10-30,quarterly,1.51,USD,pre-market,0,2985000000,0.0873,0.173,0.049,36.49,4129000000,8217000000,109000000,None,52.84,58.72,38.5321,23126000000,8571000000,2543000000,11254000000,14555000000,8711000000,31867000000,11607000000,14.7,None,65.66,42.96
2025-12-28,FOX,4.45,16474000000.0,14.7,None,0.512,27.45,,494000000,4950000000,4950000000,,,,,,,,,5000000,552000000,None,0,0,727000000,None,None,2268000000,None,None,None,,0.55,0.0085,,,,-0.258,0.42,5488000000,None,1.09,2022-09-30,14.66,3550000000,5890000000.0,0,5189000000,1272000000,3135000000,3135000000,None,0,None,1020000000,None,None,7207000000,None,649000000,4646000000,3917000000,None,None,0.263,,26379000000,0,257000000,1246000000,None,249000000,None,,,,,1.079,2.361,1.87,,,,,,,,0.123,,1681000000,2025-10-30,quarterly,1.51,USD,pre-market,0,2795000000,0.0873,0.173,0.049,36.49,4129000000,7701000000,107000000,None,52.84,58.72,38.5321,22424000000,8495000000,2362000000,10646000000,13929000000,8284000000,31867000000,11521000000,14.7,None,65.66,42.96
2025-12-28,FOX,4.45,16474000000.0,14.7,None,0.512,27.45,,512000000,5200000000,5200000000,,,,,,,,,6000000,560000000,None,0,0,686000000,None,None,2128000000,None,None,None,,0.55,0.0085,,,,-0.258,0.42,5488000000,None,1.09,2022-06-30,14.66,3554000000,5890000000.0,0,5189000000,1272000000,3157000000,3157000000,None,0,None,791000000,None,None,7206000000,None,578000000,4646000000,3917000000,None,None,0.263,,26379000000,0,162000000,1294000000,None,1120000000,None,,,,,1.079,2.361,1.87,,,,,,,,0.123,,1682000000,2025-10-30,quarterly,1.51,USD,pre-market,0,2461000000,0.0873,0.173,0.049,36.49,4129000000,7718000000,107000000,None,52.84,58.72,38.5321,22185000000,8281000000,2296000000,10622000000,13904000000,8326000000,31867000000,11339000000,14.7,None,65.66,42.96
2025-12-28,FOX,4.45,16474000000.0,14.7,None,0.512,27.45,,489000000,4634000000,4634000000,,,,,,,,,6000000,567000000,None,0,0,766000000,None,None,2338000000,None,None,None,,0.55,0.0085,,,,-0.258,0.42,5488000000,None,1.09,2022-03-31,14.66,3560000000,5890000000.0,0,5189000000,1272000000,3176000000,3176000000,None,0,None,786000000,None,None,7205000000,None,648000000,4646000000,3917000000,None,None,0.263,,26379000000,0,158000000,1083000000,None,1297000000,None,,,,,1.079,2.361,1.87,,,,,,,,0.123,,1646000000,2025-10-30,quarterly,1.51,USD,pre-market,0,2300000000,0.0873,0.173,0.049,36.49,4129000000,7694000000,107000000,None,52.84,58.72,38.5321,22016000000,7916000000,2121000000,10623000000,14100000000,8502000000,31867000000,11200000000,14.7,None,65.66,42.96
2025-12-28,FOX,4.45,16474000000.0,14.7,None,0.512,27.45,,511000000,4255000000,4255000000,,,,,,,,,6000000,573000000,None,0,0,771000000,None,750000000,2952000000,None,None,None,,0.55,0.0085,,,,-0.258,0.42,5488000000,None,1.09,2021-12-31,14.66,3565000000,5890000000.0,0,5189000000,1272000000,3198000000,3198000000,None,0,None,1148000000,None,None,7204000000,None,831000000,4646000000,3917000000,None,None,0.263,,26379000000,0,159000000,1081000000,None,1342000000,None,,,,,1.079,2.361,1.87,,,,,,,,0.123,,1650000000,2025-10-30,quarterly,1.51,USD,pre-market,0,2308000000,0.0873,0.173,0.049,36.49,4129000000,8465000000,855000000,None,52.84,58.72,38.5321,22878000000,8514000000,2870000000,11416000000,14364000000,8546000000,31867000000,11275000000,14.7,None,65.66,42.96
2025-12-28,FOX,4.45,16474000000.0,14.7,None,0.512,27.45,,518000000,5411000000,5411000000,,,,,,,,,6000000,578000000,None,0,0,686000000,None,750000000,2192000000,None,None,None,,0.55,0.0085,,,,-0.258,0.42,5488000000,None,1.09,2021-09-30,14.66,3532000000,5890000000.0,0,5189000000,1272000000,3155000000,3155000000,None,0,None,1135000000,None,None,7203000000,None,998000000,4646000000,3917000000,None,None,0.263,,26379000000,0,137000000,1126000000,None,1357000000,None,,,,,1.079,2.361,1.87,,,,,,,,0.123,,1656000000,2025-10-30,quarterly,1.51,USD,pre-market,0,2409000000,0.0873,0.173,0.049,36.49,4129000000,8471000000,845000000,None,52.84,58.72,38.5321,23161000000,8875000000,2869000000,11429000000,14286000000,8560000000,31867000000,11430000000,14.7,None,65.66,42.96
2025-12-28,FOX,4.45,16474000000.0,14.7,None,0.512,27.45,,501000000,5886000000,5886000000,,,,,,,,,6000000,586000000,None,0,0,659000000,None,749000000,2029000000,None,None,None,,0.55,0.0085,,,,-0.258,0.42,5488000000,None,1.09,2021-06-30,14.66,3435000000,5890000000.0,0,5189000000,1272000000,3154000000,3154000000,None,0,None,729000000,None,None,7202000000,None,899000000,4646000000,3917000000,None,None,0.263,,26379000000,0,105000000,1306000000,None,1336000000,None,,,,,1.079,2.361,1.87,,,,,,,,0.123,,1708000000,2025-10-30,quarterly,1.51,USD,pre-market,0,1982000000,0.0873,0.173,0.049,36.49,4129000000,8452000000,841000000,None,52.84,58.72,38.5321,22926000000,8749000000,3002000000,11540000000,14177000000,8538000000,31867000000,11123000000,14.7,None,65.66,42.96
2025-12-28,FOX,4.45,16474000000.0,14.7,None,0.512,27.45,,503000000,5765000000,5765000000,,,,,,,,,6000000,593000000,None,0,0,625000000,None,749000000,2153000000,None,None,None,,0.55,0.0085,,,,-0.258,0.42,5488000000,None,1.09,2021-03-31,14.66,3403000000,5890000000.0,0,5189000000,1272000000,3156000000,3156000000,None,0,None,685000000,None,None,7201000000,None,1037000000,4646000000,3917000000,None,None,0.263,,26379000000,0,91000000,1307000000,None,1412000000,None,,,,,1.079,2.361,1.87,,,,,,,,0.123,,1626000000,2025-10-30,quarterly,1.51,USD,pre-market,0,1912000000,0.0873,0.173,0.049,36.49,4129000000,8453000000,839000000,None,52.84,58.72,38.5321,22907000000,8694000000,2985000000,11598000000,14213000000,8613000000,31867000000,11081000000,14.7,None,65.66,42.96
2025-12-28,FOX,4.45,16474000000.0,14.7,None,0.512,27.45,,505000000,4502000000,4502000000,,,,,,,,,6000000,598000000,None,0,0,1660000000,None,None,2776000000,None,None,None,,0.55,0.0085,,,,-0.258,0.42,5488000000,None,1.09,2020-12-31,14.66,3408000000,5890000000.0,0,5189000000,1272000000,3170000000,3170000000,None,0,None,1020000000,None,None,7949000000,None,1006000000,4646000000,3917000000,None,None,0.263,,26379000000,0,142000000,185000000,None,1469000000,None,,,,,1.079,2.361,1.87,,,,,,,,0.123,,1606000000,2025-10-30,quarterly,1.51,USD,pre-market,0,1657000000,0.0873,0.173,0.049,36.49,4129000000,8041000000,92000000,None,52.84,58.72,38.5321,22754000000,8440000000,2213000000,11833000000,14314000000,9620000000,31867000000,10917000000,14.7,None,65.66,42.96
2025-12-28,FOX,4.45,16474000000.0,14.7,None,0.512,27.45,,536000000,5061000000,5061000000,,,,,,,,,6000000,605000000,None,0,0,524000000,None,None,1997000000,None,None,None,,0.55,0.0085,,,,-0.258,0.42,5488000000,None,1.09,2020-09-30,14.66,3409000000,5890000000.0,0,5189000000,1272000000,3183000000,3183000000,None,0,None,1271000000,None,None,7947000000,None,755000000,4646000000,3917000000,None,None,0.263,,26379000000,0,134000000,1142000000,None,280000000,None,,,,,1.079,2.361,1.87,,,,,,,,0.123,,2044000000,2025-10-30,quarterly,1.51,USD,pre-market,0,1525000000,0.0873,0.173,0.049,36.49,4129000000,8483000000,104000000,None,52.84,58.72,38.5321,22497000000,8463000000,2012000000,11381000000,14034000000,9369000000,31867000000,10791000000,14.7,None,65.66,42.96
2025-12-28,FOX,4.45,16474000000.0,14.7,None,0.512,27.45,,574000000,4645000000,4645000000,,,,,,,,,6000000,609000000,None,0,0,485000000,None,None,1888000000,None,None,None,,0.55,0.0085,,,,-0.258,0.42,5488000000,None,1.09,2020-06-30,14.66,3409000000,5890000000.0,0,5189000000,1272000000,3198000000,3198000000,None,0,None,856000000,None,None,7946000000,None,865000000,4646000000,3917000000,None,None,0.263,,26379000000,0,97000000,1147000000,None,321000000,None,,,,,1.079,2.361,1.87,,,,,,,,0.123,,2037000000,2025-10-30,quarterly,1.51,USD,pre-market,0,674000000,0.0873,0.173,0.049,36.49,4129000000,8520000000,122000000,None,52.84,58.72,38.5321,21750000000,7486000000,1906000000,11334000000,14264000000,9428000000,31867000000,10094000000,14.7,None,65.66,42.96
2025-12-28,FOX,4.45,16474000000.0,14.7,None,0.512,27.45,,565000000,3196000000,3196000000,,,,,,,,,6000000,612000000,None,0,0,1297000000,None,None,2453000000,None,None,None,,0.55,0.0085,,,,-0.258,0.42,5488000000,None,1.09,2020-03-31,14.66,3089000000,5890000000.0,0,5189000000,1272000000,3084000000,3084000000,None,0,None,971000000,None,None,6754000000,None,347000000,4646000000,3917000000,None,None,0.263,,26379000000,0,124000000,200000000,None,331000000,None,,,,,1.079,2.361,1.87,,,,,,,,0.123,,1917000000,2025-10-30,quarterly,1.51,USD,pre-market,0,589000000,0.0873,0.173,0.049,36.49,4129000000,6888000000,134000000,None,52.84,58.72,38.5321,20237000000,6744000000,1780000000,10104000000,13493000000,8324000000,31867000000,10114000000,14.7,None,65.66,42.96
2025-12-28,FOX,4.45,16474000000.0,14.7,None,0.512,27.45,,571000000,1991000000,1991000000,,,,,,,,,6000000,620000000,None,0,0,535000000,None,None,2733000000,None,None,None,,0.55,0.0085,,,,-0.258,0.42,5488000000,None,1.09,2019-12-31,14.66,2991000000,5890000000.0,0,5189000000,1272000000,2911000000,2911000000,None,0,None,1544000000,None,None,6753000000,None,1228000000,4646000000,3917000000,None,None,0.263,,26379000000,0,130000000,981000000,None,336000000,None,,,,,1.079,2.361,1.87,,,,,,,,0.123,,1863000000,2025-10-30,quarterly,1.51,USD,pre-market,0,775000000,0.0873,0.173,0.049,36.49,4129000000,7324000000,142000000,None,52.84,58.72,38.5321,20450000000,6398000000,1816000000,9881000000,14052000000,8065000000,31867000000,10334000000,14.7,None,65.66,42.96
2025-12-28,FOX,4.45,16474000000.0,14.7,None,0.512,27.45,,605000000,3340000000,3340000000,,,,,,,,,7000000,624000000,None,0,0,476000000,None,None,2108000000,None,None,None,,0.55,0.0085,,,,-0.258,0.42,5488000000,None,1.09,2019-09-30,14.66,2707000000,5890000000.0,0,5189000000,1272000000,2848000000,2848000000,None,0,None,1463000000,None,None,6752000000,None,905000000,4646000000,3917000000,None,None,0.263,,26379000000,0,138000000,1052000000,None,347000000,None,,,,,1.079,2.361,1.87,,,,,,,,0.123,,1874000000,2025-10-30,quarterly,1.51,USD,pre-market,0,696000000,0.0873,0.173,0.049,36.49,4129000000,7357000000,145000000,None,52.84,58.72,38.5321,20534000000,7049000000,1890000000,9997000000,13485000000,8107000000,31867000000,10320000000,14.7,None,65.66,42.96
2025-12-28,FOX,4.45,16474000000.0,14.7,None,0.512,27.45,,None,3234000000,3234000000,,,,,,,,,7000000,624000000,None,0,0,514000000,None,None,1967000000,None,None,None,,0.55,0.0085,,,,-0.258,0.42,5488000000,None,1.09,2019-06-30,14.66,2691000000,5890000000.0,0,5189000000,1272000000,2851000000,2851000000,None,0,None,1129000000,None,None,6751000000,None,865000000,4646000000,3917000000,None,None,0.263,,26379000000,0,148000000,1508000000,None,356000000,None,,,,,1.079,2.361,1.87,,,,,,,,0.123,,1313000000,2025-10-30,quarterly,1.51,USD,pre-market,0,357000000,0.0873,0.173,0.049,36.49,4129000000,6751000000,None,None,52.84,58.72,38.5321,19509000000,6478000000,1712000000,9362000000,13031000000,7650000000,31867000000,9947000000,14.7,None,65.66,42.96
2025-12-28,FOX,4.45,16474000000.0,14.7,None,0.512,27.45,,None,2818000000,2818000000,,,,,,,,,7000000,621000000,None,0,0,404000000,None,None,1949000000,None,None,None,,0.55,0.0085,,,,-0.258,0.42,5488000000,None,1.09,2019-03-31,14.66,2691000000,5890000000.0,0,5189000000,1272000000,2855000000,2855000000,None,0,None,1074000000,None,None,6750000000,None,714000000,4646000000,3917000000,None,None,0.263,,26379000000,0,123000000,790000000,None,863000000,None,,,,,1.079,2.361,1.87,,,,,,,,0.123,,1286000000,2025-10-30,quarterly,1.51,USD,pre-market,0,101000000,0.0873,0.173,0.049,36.49,4129000000,6750000000,None,None,52.84,58.72,38.5321,17657000000,5964000000,1297000000,8910000000,11693000000,7613000000,31867000000,8600000000,14.7,None,65.66,42.96
2025-12-28,FOX,4.45,16474000000.0,14.7,None,0.512,27.45,,None,1951000000,1951000000,,,,,,,,,10596000000,620595275,None,0,0,443000000,None,803000000,2438000000,None,None,None,,0.55,0.0085,,,,-0.258,0.42,5488000000,None,1.09,2018-12-31,14.66,2747000000,5890000000.0,0,5189000000,1272000000,2859000000,2859000000,None,0,None,1422000000,None,None,18321000000,None,289000000,4646000000,3917000000,None,None,0.263,,26379000000,0,66000000,542000000,None,None,None,,,,,1.079,2.361,1.87,,,,,,,,0.123,,1150000000,2025-10-30,quarterly,1.51,USD,pre-market,0,21292000000,0.0873,0.173,0.049,36.49,4129000000,None,803000000,None,52.84,58.72,38.5321,13466000000,5877000000,1241000000,2954000000,7589000000,1713000000,31867000000,10394000000,14.7,None,65.66,42.96
2025-12-28,FOX,4.45,16474000000.0,14.7,None,0.512,27.45,,None,2756000000,2756000000,,,,,,,,,11106000000,620000000,None,0,0,415000000,None,800000000,1912000000,None,None,None,,0.55,0.0085,,,,-0.258,0.42,5488000000,None,1.09,2018-09-30,14.66,2747000000,5890000000.0,0,5189000000,1272000000,2862000000,2862000000,None,0,None,1420000000,None,None,18379000000,None,558000000,4646000000,3917000000,None,None,0.263,,26379000000,0,67000000,657000000,None,None,None,,,,,1.079,2.361,1.87,,,,,,,,0.123,,1164000000,2025-10-30,quarterly,1.51,USD,pre-market,0,10499000000,0.0873,0.173,0.049,36.49,4129000000,None,800000000,0,52.84,58.72,38.5321,14078000000,6155000000,1328000000,2941000000,7923000000,1613000000,31867000000,11045000000,14.7,0,65.66,42.96
2025-12-28,FOX,4.45,16474000000.0,14.7,None,0.512,27.45,,None,2500000000,2500000000,,,,,,,,,9513000000,620000000,None,0,0,380000000,None,1054000000,1833000000,None,None,None,,0.55,0.0085,,,,-0.258,0.42,5488000000,None,1.09,2018-06-30,14.66,2747000000,5890000000.0,0,5189000000,1272000000,2866000000,2866000000,None,0,None,1180000000,None,None,18469000000,None,4112000000,4646000000,3917000000,None,None,0.263,,26379000000,0,67000000,679000000,None,None,None,,,,,1.079,2.361,1.87,,,,,,,,0.123,,1956000000,2025-10-30,quarterly,1.51,USD,pre-market,0,8934000000,0.0873,0.173,0.049,36.49,4129000000,None,1054000000,0,52.84,58.72,38.5321,13121000000,5580000000,1759000000,3252000000,7541000000,1493000000,31867000000,9594000000,14.7,0,65.66,42.96
2025-12-28,FOX,4.45,16474000000.0,14.7,None,0.512,27.45,,None,7372000000,7372000000,,,,,,,,,19000000,620000000,None,0,0,3979000000,None,1538000000,6905000000,None,None,None,,0.55,0.0085,,,,-0.258,0.42,5488000000,None,1.09,2018-03-31,14.66,12794000000,5890000000.0,0,5189000000,1272000000,9511000000,9511000000,None,0,None,54000000,None,None,18459000000,None,4256000000,4646000000,3917000000,None,None,0.263,,26379000000,0,4330000000,1900000000,None,None,None,,,,,1.079,2.361,1.87,,,,,,,,0.123,,1861000000,2025-10-30,quarterly,1.51,USD,pre-market,0,8121000000,0.0873,0.173,0.049,36.49,4129000000,None,1538000000,0,52.84,58.72,38.5321,53978000000,18661000000,9099000000,32994000000,None,None,31867000000,18971000000,14.7,0,65.66,42.96
2025-12-28,FOX,4.45,16474000000.0,14.7,None,0.512,27.45,,None,5809000000,5809000000,,,,,,,,,19000000,620000000,None,0,0,3692000000,None,631000000,7554000000,None,None,None,,0.55,0.0085,,,,-0.258,0.42,5488000000,None,1.09,2017-12-31,14.66,12789000000,5890000000.0,0,5189000000,1272000000,9578000000,9578000000,None,0,None,60000000,None,None,19163000000,None,4364000000,4646000000,3917000000,None,None,0.263,,26379000000,0,3979000000,1979000000,None,None,None,,,,,1.079,2.361,1.87,,,,,,,,0.123,,1840000000,2025-10-30,quarterly,1.51,USD,pre-market,0,7627000000,0.0873,0.173,0.049,36.49,4129000000,None,631000000,0,52.84,58.72,38.5321,52858000000,17402000000,8055000000,32515000000,None,None,31867000000,18389000000,14.7,0,65.66,42.96
2025-12-28,FOX,4.45,16474000000.0,14.7,None,0.512,27.45,,None,-19000000,-19000000,,,,,,,,,0,620000000,None,0,0,0,None,707000000,6619000000,None,None,None,,0.55,0.0085,,,,-0.258,0.42,5488000000,None,1.09,2017-09-30,14.66,12779000000,5890000000.0,0,5189000000,1272000000,6289000000,6289000000,None,0,None,2856000000,None,None,19142000000,None,None,4646000000,3917000000,None,None,0.263,,26379000000,0,3406000000,1899000000,None,None,None,,,,,1.079,2.361,1.87,,,,,,,,0.123,,1779000000,2025-10-30,quarterly,1.51,USD,pre-market,0,5816000000,0.0873,0.173,0.049,36.49,4129000000,None,707000000,38000000,52.84,58.72,38.5321,52028000000,19000000,8176000000,0,-19000000,None,31867000000,6247000000,14.7,0,65.66,42.96
2025-12-28,FOX,4.45,16474000000.0,14.7,None,0.512,27.45,,None,6163000000,6163000000,,,,,,,,,19000000,None,None,0,0,406000000,None,457000000,6625000000,None,None,None,,0.55,0.0085,,,,-0.258,0.42,5488000000,None,1.09,2017-06-30,14.66,12792000000,5890000000.0,0,5189000000,1272000000,3251000000,3251000000,None,0,None,64000000,None,None,19456000000,None,3902000000,4646000000,3917000000,None,None,0.263,,26379000000,0,3582000000,2434000000,None,None,None,,,,,1.079,2.361,1.87,,,,,,,,0.123,,1781000000,2025-10-30,quarterly,1.51,USD,pre-market,0,5315000000,0.0873,0.173,0.049,36.49,4129000000,None,457000000,0,52.84,58.72,38.5321,50872000000,16434000000,7386000000,33240000000,None,None,31867000000,15722000000,14.7,0,65.66,42.96
2025-12-28,FOX,4.45,16474000000.0,14.7,None,0.512,27.45,,None,5572000000,5572000000,,,,,,,,,0,None,None,0,0,0,None,1340000000,7219000000,None,None,None,,0.55,0.0085,,,,-0.258,0.42,5488000000,None,1.09,2017-03-31,14.66,12733000000,5890000000.0,0,5189000000,1272000000,6579000000,6579000000,None,0,None,3418000000,None,None,19789000000,None,None,4646000000,3917000000,None,None,0.263,,26379000000,0,529000000,621000000,None,None,None,,,,,1.079,2.361,1.87,,,,,,,,0.123,,1691000000,2025-10-30,quarterly,1.51,USD,pre-market,0,4919000000,0.0873,0.173,0.049,36.49,4129000000,None,1340000000,0,52.84,58.72,38.5321,50684000000,16738000000,7456000000,0,None,None,31867000000,15017000000,14.7,0,65.66,42.96
2025-12-28,FOX,4.45,16474000000.0,14.7,None,0.512,27.45,,None,4530000000,4530000000,,,,,,,,,0,None,None,0,0,0,None,None,None,None,None,None,,0.55,0.0085,,,,-0.258,0.42,5488000000,None,1.09,2016-12-31,14.66,12720000000,5890000000.0,0,5189000000,1272000000,6635000000,6635000000,None,0,None,3507000000,None,None,19813000000,None,None,4646000000,3917000000,None,None,0.263,,26379000000,0,None,None,None,None,None,,,,,1.079,2.361,1.87,,,,,,,,0.123,,1657000000,2025-10-30,quarterly,1.51,USD,pre-market,0,4479000000,0.0873,0.173,0.049,36.49,4129000000,None,None,0,52.84,58.72,38.5321,49207000000,15705000000,6749000000,0,None,None,31867000000,14340000000,14.7,0,65.66,42.96
2025-12-28,FOX,4.45,16474000000.0,14.7,None,0.512,27.45,,None,4681000000,4681000000,,,,,,,,,0,None,None,0,0,0,None,None,None,None,None,None,,0.55,0.0085,,,,-0.258,0.42,5488000000,None,1.09,2016-09-30,14.66,12739000000,5890000000.0,0,5189000000,1272000000,6715000000,6715000000,None,0,None,3300000000,None,None,19034000000,None,None,4646000000,3917000000,None,None,0.263,,26379000000,0,None,None,None,None,None,,,,,1.079,2.361,1.87,,,,,,,,0.123,,1669000000,2025-10-30,quarterly,1.51,USD,pre-market,0,3741000000,0.0873,0.173,0.049,36.49,4129000000,None,None,0,52.84,58.72,38.5321,48626000000,14921000000,7422000000,0,None,None,31867000000,13807000000,14.7,0,65.66,42.96
2025-12-28,FOX,4.45,16474000000.0,14.7,None,0.512,27.45,,None,4424000000,4424000000,,,,,,,,,19000000,None,None,0,0,270000000,None,427000000,6258000000,None,None,None,,0.55,0.0085,,,,-0.258,0.42,5488000000,None,1.09,2016-06-30,14.66,12733000000,5890000000.0,0,5189000000,1272000000,9572000000,9572000000,None,0,None,79000000,None,None,19126000000,None,3863000000,4646000000,3917000000,None,None,0.263,,26379000000,0,4188000000,2223000000,None,None,None,,,,,1.079,2.361,1.87,,,,,,,,0.123,,1692000000,2025-10-30,quarterly,1.51,USD,pre-market,0,3575000000,0.0873,0.173,0.049,36.49,4129000000,None,427000000,0,52.84,58.72,38.5321,48193000000,14949000000,7068000000,32760000000,None,None,31867000000,13661000000,14.7,0,65.66,42.96
2025-12-28,FOX,4.45,16474000000.0,14.7,None,0.512,27.45,,None,4993000000,4993000000,,,,,,,,,0,None,None,0,0,0,None,None,None,None,None,None,,0.55,0.0085,,,,-0.258,0.42,5488000000,None,1.09,2016-03-31,14.66,12732000000,5890000000.0,0,5189000000,1272000000,6707000000,6707000000,None,0,None,3522000000,None,None,19270000000,None,None,4646000000,3917000000,None,None,0.263,,26379000000,0,None,None,None,None,None,,,,,1.079,2.361,1.87,,,,,,,,0.123,,1660000000,2025-10-30,quarterly,1.51,USD,pre-market,0,3814000000,0.0873,0.173,0.049,36.49,4129000000,None,None,0,52.84,58.72,38.5321,49248000000,15620000000,8276000000,0,None,None,31867000000,14471000000,14.7,-15550000000,65.66,42.96
2025-12-28,FOX,4.45,16474000000.0,14.7,None,0.512,27.45,,None,4293000000,4293000000,,,,,,,,,0,None,None,0,0,0,None,None,None,None,None,None,,0.55,0.0085,,,,-0.258,0.42,5488000000,None,1.09,2015-12-31,14.66,12716000000,5890000000.0,0,5189000000,1272000000,6764000000,6764000000,None,0,None,3305000000,None,None,19251000000,None,None,4646000000,3917000000,None,None,0.263,,26379000000,0,None,None,None,None,None,,,,,1.079,2.361,1.87,,,,,,,,0.123,,1668000000,2025-10-30,quarterly,1.51,USD,pre-market,0,3851000000,0.0873,0.173,0.049,36.49,4129000000,None,None,0,52.84,58.72,38.5321,48096000000,14826000000,7268000000,0,None,None,31867000000,14504000000,14.7,-15495000000,65.66,42.96
2025-12-28,FOX,4.45,16474000000.0,14.7,None,0.512,27.45,,None,5830000000,5830000000,,,,,,,,,0,None,None,0,0,0,None,None,None,None,None,None,,0.55,0.0085,,,,-0.258,0.42,5488000000,None,1.09,2015-09-30,14.66,12514000000,5890000000.0,0,5189000000,1272000000,6263000000,6263000000,None,0,None,2987000000,None,None,18767000000,None,None,4646000000,3917000000,None,None,0.263,,26379000000,0,None,None,None,None,None,,,,,1.079,2.361,1.87,,,,,,,,0.123,,1667000000,2025-10-30,quarterly,1.51,USD,pre-market,0,4182000000,0.0873,0.173,0.049,36.49,4129000000,None,None,0,52.84,58.72,38.5321,47997000000,15193000000,6992000000,0,None,None,31867000000,15281000000,14.7,-16255000000,65.66,42.96
2025-12-28,FOX,4.45,16474000000.0,14.7,None,0.512,27.45,,None,8428000000,8428000000,,,,,,,,,20000000,None,None,0,0,411000000,None,244000000,5912000000,None,None,None,,0.55,0.0085,,,,-0.258,0.42,5488000000,None,1.09,2015-06-30,14.66,12513000000,5890000000.0,0,5189000000,1272000000,8830000000,8830000000,None,0,None,67000000,None,None,18795000000,None,4529000000,4646000000,3917000000,None,None,0.263,,26379000000,0,2941000000,2365000000,None,None,None,,,,,1.079,2.361,1.87,,,,,,,,0.123,,1722000000,2025-10-30,quarterly,1.51,USD,pre-market,0,5343000000,0.0873,0.173,0.049,36.49,4129000000,None,244000000,0,52.84,58.72,38.5321,50039000000,17348000000,7042000000,31232000000,None,None,31867000000,17220000000,14.7,-18186000000,65.66,42.96
2025-12-28,FOX,4.45,16474000000.0,14.7,None,0.512,27.45,,None,9276000000,9276000000,,,,,,,,,0,None,None,0,0,0,None,None,None,None,None,None,,0.55,0.0085,,,,-0.258,0.42,5488000000,None,1.09,2015-03-31,14.66,12502000000,5890000000.0,0,5189000000,1272000000,6372000000,6372000000,None,0,None,3062000000,None,None,18865000000,None,None,4646000000,3917000000,None,None,0.263,,26379000000,0,None,None,None,None,None,,,,,1.079,2.361,1.87,,,,,,,,0.123,,1696000000,2025-10-30,quarterly,1.51,USD,pre-market,0,6168000000,0.0873,0.173,0.049,36.49,4129000000,None,None,0,52.84,58.72,38.5321,51492000000,19049000000,7490000000,0,None,None,31867000000,17989000000,14.7,-18975000000,65.66,42.96
2025-12-28,FOX,4.45,16474000000.0,14.7,None,0.512,27.45,,None,10051000000,10051000000,,,,,,,,,0,None,None,0,0,0,None,None,None,None,None,None,,0.55,0.0085,,,,-0.258,0.42,5488000000,None,1.09,2014-12-31,14.66,12448000000,5890000000.0,0,5189000000,1272000000,6427000000,6427000000,None,0,None,3226000000,None,None,18901000000,None,None,4646000000,3917000000,None,None,0.263,,26379000000,0,None,None,None,None,None,,,,,1.079,2.361,1.87,,,,,,,,0.123,,1718000000,2025-10-30,quarterly,1.51,USD,pre-market,0,7168000000,0.0873,0.173,0.049,36.49,4129000000,None,None,0,52.84,58.72,38.5321,52652000000,20264000000,7239000000,0,None,None,31867000000,19813000000,14.7,-20788000000,65.66,42.96
2025-12-28,FOX,4.45,16474000000.0,14.7,None,0.512,27.45,,None,4656000000,4656000000,,,,,,,,,0,None,None,0,0,0,None,None,None,None,None,None,,0.55,0.0085,,,,-0.258,0.42,5488000000,None,1.09,2014-09-30,14.66,17609000000,5890000000.0,0,5189000000,1272000000,7831000000,7831000000,None,0,None,3385000000,None,None,19395000000,None,None,4646000000,3917000000,None,None,0.263,,26379000000,0,None,None,None,None,None,,,,,1.079,2.361,1.87,,,,,,,,0.123,,2794000000,2025-10-30,quarterly,1.51,USD,pre-market,0,2131000000,0.0873,0.173,0.049,36.49,4129000000,None,None,0,52.84,58.72,38.5321,54711000000,14950000000,9158000000,0,None,None,31867000000,16265000000,14.7,-19540000000,65.66,42.96
2025-12-28,FOX,4.45,16474000000.0,14.7,None,0.512,27.45,,None,5415000000,5415000000,,,,,,,,,0,None,None,0,0,0,None,19058000000,6468000000,None,None,None,,0.55,0.0085,,,,-0.258,0.42,5488000000,None,1.09,2014-06-30,14.66,18052000000,5890000000.0,0,5189000000,1272000000,8072000000,8072000000,None,0,None,3092000000,None,None,19058000000,None,None,4646000000,3917000000,None,None,0.263,,26379000000,0,3412000000,2328000000,None,None,None,,,,,1.079,2.361,1.87,,,,,,,,0.123,,2931000000,2025-10-30,quarterly,1.51,USD,pre-market,0,2389000000,0.0873,0.173,0.049,36.49,4129000000,None,19058000000,0,52.84,58.72,38.5321,54793000000,15376000000,8856000000,0,None,None,31867000000,17418000000,14.7,-20901000000,65.66,42.96
2025-12-28,FOX,4.45,16474000000.0,14.7,None,0.512,27.45,,None,5517000000,5517000000,,,,,,,,,0,None,None,0,0,0,None,None,None,None,None,None,,0.55,0.0085,,,,-0.258,0.42,5488000000,None,1.09,2014-03-31,14.66,17918000000,5890000000.0,0,5189000000,1272000000,8294000000,8294000000,None,0,None,3387000000,None,None,19054000000,None,None,4646000000,3917000000,None,None,0.263,,26379000000,0,None,None,None,None,None,,,,,1.079,2.361,1.87,,,,,,,,0.123,,2942000000,2025-10-30,quarterly,1.51,USD,pre-market,0,0,0.0873,0.173,0.049,36.49,4129000000,None,None,0,52.84,58.72,38.5321,55293000000,15649000000,9715000000,0,None,None,31867000000,17463000000,14.7,-20964000000,65.66,42.96
2025-12-28,FOX,4.45,16474000000.0,14.7,None,0.512,27.45,,None,6345000000,6345000000,,,,,,,,,0,None,None,0,0,0,None,None,None,None,None,None,,0.55,0.0085,,,,-0.258,0.42,5488000000,None,1.09,2013-12-31,14.66,16554000000,5890000000.0,0,5189000000,1272000000,6566000000,6566000000,None,0,None,3316000000,None,None,17472000000,None,None,4646000000,3917000000,None,None,0.263,,26379000000,0,None,None,None,None,None,,,,,1.079,2.361,1.87,,,,,,,,0.123,,2866000000,2025-10-30,quarterly,1.51,USD,pre-market,0,0,0.0873,0.173,0.049,36.49,4129000000,None,None,0,52.84,58.72,38.5321,53286000000,16721000000,9484000000,0,None,None,31867000000,17649000000,14.7,-20800000000,65.66,42.96
2025-12-28,FOX,4.45,16474000000.0,14.7,None,0.512,27.45,,None,7266000000,7266000000,,,,,,,,,0,None,None,0,0,0,None,None,None,None,None,None,,0.55,0.0085,,,,-0.258,0.42,5488000000,None,1.09,2009-12-31,14.66,14465000000,5890000000.0,0,5189000000,1272000000,8893000000,8893000000,None,0,None,2995000000,None,None,0,None,None,4646000000,3917000000,None,None,0.263,,26379000000,0,None,None,None,None,None,,,,,1.079,2.361,1.87,,,,,,,,0.123,,6220000000,2025-10-30,quarterly,1.51,USD,pre-market,0,0,0.0873,0.173,0.049,36.49,4129000000,None,None,0,52.84,58.72,38.5321,56133000000,18335000000,11193000000,0,None,None,31867000000,24401000000,14.7,-24830000000,65.66,42.96
2025-12-28,FOX,4.45,16474000000.0,14.7,None,0.512,27.45,,None,7832000000,7832000000,,,,,,,,,0,None,None,0,0,0,None,None,None,None,None,None,,0.55,0.0085,,,,-0.258,0.42,5488000000,None,1.09,2009-09-30,14.66,14492000000,5890000000.0,0,5189000000,1272000000,8947000000,8947000000,None,0,None,2783000000,None,None,0,None,None,4646000000,3917000000,None,None,0.263,,26379000000,0,None,None,None,None,None,,,,,1.079,2.361,1.87,,,,,,,,0.123,,6248000000,2025-10-30,quarterly,1.51,USD,pre-market,0,0,0.0873,0.173,0.049,36.49,4129000000,None,None,0,52.84,58.72,38.5321,55316000000,17425000000,10990000000,0,None,None,31867000000,24053000000,14.7,-24479000000,65.66,42.96
2025-12-28,FOX,4.45,16474000000.0,14.7,None,0.512,27.45,,863000000,5351000000,5351000000,,,,,,,,,4000000,461000000,None,0,0,1070000000,None,None,2472000000,None,None,None,,0.55,0.0085,,,,-0.258,0.42,5488000000,None,1.09,2025-06-30,14.66,3639000000,5890000000.0,0,5189000000,1272000000,2969000000,2969000000,None,0,None,432000000,None,None,6602000000,None,1621000000,4646000000,3917000000,None,None,0.263,,26379000000,0,174000000,1487000000,None,243000000,None,,,,,1.079,2.361,1.87,,,,,,,,0.123,,None,2025-10-30,annual,1.51,USD,pre-market,0,4479000000,0.0873,0.173,0.049,36.49,4129000000,7465000000,41000000,None,52.84,58.72,38.5321,23195000000,8429000000,2897000000,10840000000,14766000000,7943000000,31867000000,11962000000,14.7,None,65.66,42.96
2025-12-28,FOX,4.45,16474000000.0,14.7,None,0.512,27.45,,955000000,4319000000,4319000000,,,,,,,,,4000000,480000000,None,0,0,683000000,None,599000000,2364000000,None,None,None,,0.55,0.0085,,,,-0.258,0.42,5488000000,None,1.09,2024-06-30,14.66,3544000000,5890000000.0,0,5189000000,1272000000,3038000000,3038000000,None,0,None,626000000,None,None,6598000000,None,1129000000,4646000000,3917000000,None,None,0.263,,26379000000,0,192000000,1414000000,None,211000000,None,,,,,1.079,2.361,1.87,,,,,,,,0.123,,None,2025-10-30,annual,1.51,USD,pre-market,0,3139000000,0.0873,0.173,0.049,36.49,4129000000,8152000000,675000000,None,52.84,58.72,38.5321,21972000000,7501000000,2952000000,10916000000,14471000000,7964000000,31867000000,10714000000,14.7,None,65.66,42.96
2025-12-28,FOX,4.45,16474000000.0,14.7,None,0.512,27.45,,997000000,4272000000,4272000000,,,,,,,,,5000000,531000000,None,0,0,785000000,None,1249000000,2177000000,None,None,None,,0.55,0.0085,,,,-0.258,0.42,5488000000,None,1.09,2023-06-30,14.66,3559000000,5890000000.0,0,5189000000,1272000000,3084000000,3084000000,None,0,None,543000000,None,None,5961000000,None,1034000000,4646000000,3917000000,None,None,0.263,,26379000000,0,265000000,1497000000,None,1697000000,None,,,,,1.079,2.361,1.87,,,,,,,,0.123,,1708000000,2025-10-30,annual,1.51,USD,pre-market,0,2269000000,0.0873,0.173,0.049,36.49,4129000000,8207000000,1321000000,None,52.84,58.72,38.5321,21866000000,7257000000,3763000000,11208000000,14609000000,7445000000,31867000000,10378000000,14.7,None,65.66,42.96
2025-12-28,FOX,4.45,16474000000.0,14.7,None,0.512,27.45,,512000000,5200000000,5200000000,,,,,,,,,6000000,570000000,None,0,0,686000000,None,None,2128000000,None,None,None,,0.55,0.0085,,,,-0.258,0.42,5488000000,None,1.09,2022-06-30,14.66,3554000000,5890000000.0,0,5189000000,1272000000,3157000000,3157000000,None,0,None,791000000,None,None,7206000000,None,578000000,4646000000,3917000000,None,None,0.263,,26379000000,0,162000000,1294000000,None,1120000000,None,,,,,1.079,2.361,1.87,,,,,,,,0.123,,1682000000,2025-10-30,annual,1.51,USD,pre-market,0,2461000000,0.0873,0.173,0.049,36.49,4129000000,7718000000,107000000,None,52.84,58.72,38.5321,22185000000,8281000000,2296000000,10622000000,13904000000,8326000000,31867000000,11339000000,14.7,None,65.66,42.96
2025-12-28,FOX,4.45,16474000000.0,14.7,None,0.512,27.45,,501000000,5886000000,5886000000,,,,,,,,,6000000,595000000,None,0,0,659000000,None,749000000,2029000000,None,None,None,,0.55,0.0085,,,,-0.258,0.42,5488000000,None,1.09,2021-06-30,14.66,3435000000,5890000000.0,0,5189000000,1272000000,3154000000,3154000000,None,0,None,729000000,None,None,7202000000,None,899000000,4646000000,3917000000,None,None,0.263,,26379000000,0,105000000,1306000000,None,1336000000,None,,,,,1.079,2.361,1.87,,,,,,,,0.123,,1708000000,2025-10-30,annual,1.51,USD,pre-market,0,1982000000,0.0873,0.173,0.049,36.49,4129000000,8452000000,841000000,None,52.84,58.72,38.5321,22926000000,8749000000,3002000000,11540000000,14177000000,8538000000,31867000000,11123000000,14.7,None,65.66,42.96
2025-12-28,FOX,4.45,16474000000.0,14.7,None,0.512,27.45,,574000000,4645000000,4645000000,,,,,,,,,6000000,616000000,None,0,0,485000000,None,None,1888000000,None,None,None,,0.55,0.0085,,,,-0.258,0.42,5488000000,None,1.09,2020-06-30,14.66,3409000000,5890000000.0,0,5189000000,1272000000,3198000000,3198000000,None,0,None,856000000,None,None,7946000000,None,865000000,4646000000,3917000000,None,None,0.263,,26379000000,0,97000000,1147000000,None,321000000,None,,,,,1.079,2.361,1.87,,,,,,,,0.123,,2037000000,2025-10-30,annual,1.51,USD,pre-market,0,674000000,0.0873,0.173,0.049,36.49,4129000000,8520000000,122000000,None,52.84,58.72,38.5321,21750000000,7486000000,1906000000,11334000000,14264000000,9428000000,31867000000,10094000000,14.7,None,65.66,42.96
2025-12-28,FOX,4.45,16474000000.0,14.7,None,0.512,27.45,,None,3234000000,3234000000,,,,,,,,,7000000,621000000,None,0,0,514000000,None,None,1967000000,None,None,None,,0.55,0.0085,,,,-0.258,0.42,5488000000,None,1.09,2019-06-30,14.66,2691000000,5890000000.0,0,5189000000,1272000000,2851000000,2851000000,None,0,None,1129000000,None,None,6751000000,None,865000000,4646000000,3917000000,None,None,0.263,,26379000000,0,148000000,1543000000,None,356000000,None,,,,,1.079,2.361,1.87,,,,,,,,0.123,,1313000000,2025-10-30,annual,1.51,USD,pre-market,0,357000000,0.0873,0.173,0.049,36.49,4129000000,7265000000,514000000,None,52.84,58.72,38.5321,19509000000,6478000000,1712000000,9551000000,13031000000,7839000000,31867000000,9947000000,14.7,None,65.66,42.96
2025-12-28,FOX,4.45,16474000000.0,14.7,None,0.512,27.45,,None,2500000000,2500000000,,,,,,,,,9513000000,620000000,None,0,0,380000000,None,1054000000,1833000000,None,None,None,,0.55,0.0085,,,,-0.258,0.42,5488000000,None,1.09,2018-06-30,14.66,2747000000,5890000000.0,0,5189000000,1272000000,2866000000,2866000000,None,0,None,1180000000,None,None,18469000000,None,275000000,4646000000,3917000000,None,None,0.263,,26379000000,0,67000000,679000000,None,178000000,None,,,,,1.079,2.361,1.87,,,,,,,,0.123,,1169000000,2025-10-30,annual,1.51,USD,pre-market,0,8934000000,0.0873,0.173,0.049,36.49,4129000000,None,1054000000,0,52.84,58.72,38.5321,13121000000,5580000000,1759000000,3252000000,7541000000,1493000000,31867000000,9594000000,14.7,0,65.66,42.96
2025-12-28,FOX,4.45,16474000000.0,14.7,None,0.512,27.45,,None,19000000,19000000,,,,,,,,,6152000000,620000000,None,0,0,478000000,None,457000000,1693000000,None,None,None,,0.55,0.0085,,,,-0.258,0.42,5488000000,None,1.09,2017-06-30,14.66,2750000000,5890000000.0,0,5189000000,1272000000,3121000000,3121000000,None,0,None,1052000000,None,None,19456000000,None,54000000,4646000000,3917000000,None,None,0.263,,26379000000,0,43000000,714000000,None,233000000,None,,,,,1.079,2.361,1.87,,,,,,,,0.123,,1123000000,2025-10-30,annual,1.51,USD,pre-market,0,5315000000,0.0873,0.173,0.049,36.49,4129000000,None,457000000,0,52.84,58.72,38.5321,10348000000,2807000000,2042000000,4101000000,7541000000,2059000000,31867000000,6093000000,14.7,0,65.66,42.96
2025-12-28,FOX,4.45,16474000000.0,14.7,None,0.512,27.45,,None,4424000000,4424000000,,,,,,,,,19000000,620000000,None,0,0,270000000,None,427000000,None,None,None,None,,0.55,0.0085,,,,-0.258,0.42,5488000000,None,1.09,2016-06-30,14.66,12733000000,5890000000.0,0,5189000000,1272000000,9572000000,9572000000,None,0,None,79000000,None,None,19126000000,None,3863000000,4646000000,3917000000,None,None,0.263,,26379000000,0,4188000000,2223000000,None,None,None,,,,,1.079,2.361,1.87,,,,,,,,0.123,,1692000000,2025-10-30,annual,1.51,USD,pre-market,0,3575000000,0.0873,0.173,0.049,36.49,4129000000,None,427000000,0,52.84,58.72,38.5321,48193000000,14949000000,7068000000,32760000000,None,None,31867000000,13661000000,14.7,0,65.66,42.96
2025-12-28,FOX,4.45,16474000000.0,14.7,None,0.512,27.45,,None,8428000000,8428000000,,,,,,,,,20000000,None,None,0,0,411000000,None,244000000,5912000000,None,None,None,,0.55,0.0085,,,,-0.258,0.42,5488000000,None,1.09,2015-06-30,14.66,12513000000,5890000000.0,0,5189000000,1272000000,8830000000,8830000000,None,0,None,67000000,None,None,18795000000,None,4529000000,4646000000,3917000000,None,None,0.263,,26379000000,0,2941000000,2365000000,None,None,None,,,,,1.079,2.361,1.87,,,,,,,,0.123,,1722000000,2025-10-30,annual,1.51,USD,pre-market,0,5343000000,0.0873,0.173,0.049,36.49,4129000000,None,244000000,0,52.84,58.72,38.5321,50039000000,17348000000,7042000000,31232000000,None,None,31867000000,17220000000,14.7,-18186000000,65.66,42.96
2025-12-28,FOX,4.45,16474000000.0,14.7,None,0.512,27.45,,None,5415000000,5415000000,,,,,,,,,0,None,None,0,0,0,None,19058000000,6468000000,None,None,None,,0.55,0.0085,,,,-0.258,0.42,5488000000,None,1.09,2014-06-30,14.66,18052000000,5890000000.0,0,5189000000,1272000000,8072000000,8072000000,None,0,None,3092000000,None,None,19058000000,None,None,4646000000,3917000000,None,None,0.263,,26379000000,0,3412000000,2328000000,None,None,None,,,,,1.079,2.361,1.87,,,,,,,,0.123,,2931000000,2025-10-30,annual,1.51,USD,pre-market,0,2389000000,0.0873,0.173,0.049,36.49,4129000000,None,19058000000,0,52.84,58.72,38.5321,54793000000,15376000000,8856000000,0,None,None,31867000000,17418000000,14.7,-20901000000,65.66,42.96
2025-12-28,FOX,4.45,16474000000.0,14.7,None,0.512,27.45,104000000,None,5415000000,5415000000,-598000000,-255000000,None,None,-525000000,None,None,None,0,None,None,0,0,0,None,19058000000,6468000000,None,None,None,98000000,0.55,0.0085,138000000,138000000,None,-0.258,0.42,5488000000,None,1.09,2025-09-30,14.66,18052000000,5890000000.0,0,5189000000,1272000000,8072000000,8072000000,None,0,None,3092000000,None,None,19058000000,None,None,609000000,3917000000,None,None,0.263,-130000000,26379000000,0,3412000000,2328000000,None,None,None,None,None,None,None,1.079,2.361,1.87,None,None,None,None,None,-250000000,None,0.123,None,2931000000,2025-10-30,quarterly,1.51,USD,pre-market,0,2389000000,0.0873,0.173,0.049,36.49,4129000000,None,19058000000,0,52.84,58.72,38.5321,54793000000,15376000000,8856000000,0,None,None,31867000000,17418000000,14.7,-20901000000,65.66,42.96
2025-12-28,FOX,4.45,16474000000.0,14.7,None,0.512,27.45,119000000,None,5415000000,5415000000,-847000000,-130000000,None,None,-170000000,None,None,None,0,None,None,0,0,0,None,19058000000,6468000000,None,None,None,102000000,0.55,0.0085,10000000,10000000,None,-0.258,0.42,5488000000,None,1.09,2025-06-30,14.66,18052000000,5890000000.0,0,5189000000,1272000000,8072000000,8072000000,None,0,None,3092000000,None,None,19058000000,None,None,719000000,3917000000,None,None,0.263,1513000000,26379000000,0,3412000000,2328000000,None,None,None,None,None,None,None,1.079,2.361,1.87,None,None,None,None,None,-250000000,None,0.123,None,2931000000,2025-10-30,quarterly,1.51,USD,pre-market,0,2389000000,0.0873,0.173,0.049,36.49,4129000000,None,19058000000,0,52.84,58.72,38.5321,54793000000,15376000000,8856000000,0,None,None,31867000000,17418000000,14.7,-20901000000,65.66,42.96
2025-12-28,FOX,4.45,16474000000.0,14.7,None,0.512,27.45,74000000,None,5415000000,5415000000,-355000000,-167000000,None,None,1122000000,None,None,None,0,None,None,0,0,0,None,19058000000,6468000000,None,None,None,95000000,0.55,0.0085,133000000,133000000,None,-0.258,0.42,5488000000,None,1.09,2025-03-31,14.66,18052000000,5890000000.0,0,5189000000,1272000000,8072000000,8072000000,None,0,None,3092000000,None,None,19058000000,None,None,354000000,3917000000,None,None,0.263,2015000000,26379000000,0,3412000000,2328000000,None,None,None,None,None,None,None,1.079,2.361,1.87,None,None,None,None,None,-250000000,None,0.123,None,2931000000,2025-10-30,quarterly,1.51,USD,pre-market,0,2389000000,0.0873,0.173,0.049,36.49,4129000000,None,19058000000,0,52.84,58.72,38.5321,54793000000,15376000000,8856000000,0,None,None,31867000000,17418000000,14.7,-20901000000,65.66,42.96
2025-12-28,FOX,4.45,16474000000.0,14.7,None,0.512,27.45,74000000,None,5415000000,5415000000,-206000000,-162000000,None,None,-128000000,None,None,None,0,None,None,0,0,0,None,19058000000,6468000000,None,None,None,97000000,0.55,0.0085,3000000,3000000,None,-0.258,0.42,5488000000,None,1.09,2024-12-31,14.66,18052000000,5890000000.0,0,5189000000,1272000000,8072000000,8072000000,None,0,None,3092000000,None,None,19058000000,None,None,388000000,3917000000,None,None,0.263,-362000000,26379000000,0,3412000000,2328000000,None,None,None,None,None,None,None,1.079,2.361,1.87,None,None,None,None,None,-250000000,None,0.123,None,2931000000,2025-10-30,quarterly,1.51,USD,pre-market,0,2389000000,0.0873,0.173,0.049,36.49,4129000000,None,19058000000,0,52.84,58.72,38.5321,54793000000,15376000000,8856000000,0,None,None,31867000000,17418000000,14.7,-20901000000,65.66,42.96
2025-12-28,FOX,4.45,16474000000.0,14.7,None,0.512,27.45,64000000,None,5415000000,5415000000,-347000000,-78000000,None,None,-303000000,None,None,None,0,None,None,0,0,0,None,19058000000,6468000000,None,None,None,91000000,0.55,0.0085,131000000,131000000,None,-0.258,0.42,5488000000,None,1.09,2024-09-30,14.66,18052000000,5890000000.0,0,5189000000,1272000000,8072000000,8072000000,None,0,None,3092000000,None,None,19058000000,None,None,832000000,3917000000,None,None,0.263,158000000,26379000000,0,3412000000,2328000000,None,None,None,None,None,None,None,1.079,2.361,1.87,None,None,None,None,None,-250000000,None,0.123,None,2931000000,2025-10-30,quarterly,1.51,USD,pre-market,0,2389000000,0.0873,0.173,0.049,36.49,4129000000,None,19058000000,0,52.84,58.72,38.5321,54793000000,15376000000,8856000000,0,None,None,31867000000,17418000000,14.7,-20901000000,65.66,42.96
2025-12-28,FOX,4.45,16474000000.0,14.7,None,0.512,27.45,112000000,None,5415000000,5415000000,-243000000,-128000000,None,None,-83000000,None,None,None,0,None,None,0,0,0,None,19058000000,6468000000,None,None,None,98000000,0.55,0.0085,9000000,9000000,None,-0.258,0.42,5488000000,None,1.09,2024-06-30,14.66,18052000000,5890000000.0,0,5189000000,1272000000,8072000000,8072000000,None,0,None,3092000000,None,None,19058000000,None,None,320000000,3917000000,None,None,0.263,899000000,26379000000,0,3412000000,2328000000,None,None,None,None,None,None,None,1.079,2.361,1.87,None,None,None,None,None,-250000000,None,0.123,None,2931000000,2025-10-30,quarterly,1.51,USD,pre-market,0,2389000000,0.0873,0.173,0.049,36.49,4129000000,None,19058000000,0,52.84,58.72,38.5321,54793000000,15376000000,8856000000,0,None,None,31867000000,17418000000,14.7,-20901000000,65.66,42.96
2025-12-28,FOX,4.45,16474000000.0,14.7,None,0.512,27.45,83000000,None,5415000000,5415000000,-1626000000,-181000000,None,None,185000000,None,None,None,0,None,None,0,0,0,None,19058000000,6468000000,None,None,None,98000000,0.55,0.0085,130000000,130000000,None,-0.258,0.42,5488000000,None,1.09,2024-03-31,14.66,18052000000,5890000000.0,0,5189000000,1272000000,8072000000,8072000000,None,0,None,3092000000,None,None,19058000000,None,None,704000000,3917000000,None,None,0.263,1476000000,26379000000,0,3412000000,2328000000,None,None,None,None,None,None,None,1.079,2.361,1.87,None,None,None,None,None,-250000000,None,0.123,None,2931000000,2025-10-30,quarterly,1.51,USD,pre-market,0,2389000000,0.0873,0.173,0.049,36.49,4129000000,None,19058000000,0,52.84,58.72,38.5321,54793000000,15376000000,8856000000,0,None,None,31867000000,17418000000,14.7,-20901000000,65.66,42.96
2025-12-28,FOX,4.45,16474000000.0,14.7,None,0.512,27.45,79000000,None,5415000000,5415000000,914000000,-85000000,None,None,-152000000,None,None,None,0,None,None,0,0,0,None,19058000000,6468000000,None,None,None,97000000,0.55,0.0085,7000000,7000000,None,-0.258,0.42,5488000000,None,1.09,2023-12-31,14.66,18052000000,5890000000.0,0,5189000000,1272000000,8072000000,8072000000,None,0,None,3092000000,None,None,19058000000,None,None,115000000,3917000000,None,None,0.263,-536000000,26379000000,0,3412000000,2328000000,None,None,None,None,None,None,None,1.079,2.361,1.87,None,None,None,None,None,-250000000,None,0.123,None,2931000000,2025-10-30,quarterly,1.51,USD,pre-market,0,2389000000,0.0873,0.173,0.049,36.49,4129000000,None,19058000000,0,52.84,58.72,38.5321,54793000000,15376000000,8856000000,0,None,None,31867000000,17418000000,14.7,-20901000000,65.66,42.96
2025-12-28,FOX,4.45,16474000000.0,14.7,None,0.512,27.45,71000000,None,5415000000,5415000000,-386000000,-58000000,None,None,-253000000,None,None,None,0,None,None,0,0,0,None,19058000000,6468000000,None,None,None,96000000,0.55,0.0085,135000000,135000000,None,-0.258,0.42,5488000000,None,1.09,2023-09-30,14.66,18052000000,5890000000.0,0,5189000000,1272000000,8072000000,8072000000,None,0,None,3092000000,None,None,19058000000,None,None,415000000,3917000000,None,None,0.263,1000000,26379000000,0,3412000000,2328000000,None,None,None,None,None,None,None,1.079,2.361,1.87,None,None,None,None,None,-250000000,None,0.123,None,2931000000,2025-10-30,quarterly,1.51,USD,pre-market,0,2389000000,0.0873,0.173,0.049,36.49,4129000000,None,19058000000,0,52.84,58.72,38.5321,54793000000,15376000000,8856000000,0,None,None,31867000000,17418000000,14.7,-20901000000,65.66,42.96
2025-12-28,FOX,4.45,16474000000.0,14.7,None,0.512,27.45,120000000,None,5415000000,5415000000,-247000000,-120000000,126000000,None,-77000000,None,None,588000000,0,None,None,0,0,0,None,19058000000,6468000000,None,None,None,103000000,0.55,0.0085,8000000,8000000,None,-0.258,0.42,5488000000,None,1.09,2023-06-30,14.66,18052000000,5890000000.0,0,5189000000,1272000000,8072000000,8072000000,None,0,None,3092000000,None,None,19058000000,None,None,369000000,3917000000,None,None,0.263,493000000,26379000000,0,3412000000,2328000000,None,None,None,None,None,None,None,1.079,2.361,1.87,None,None,None,None,None,-250000000,None,0.123,None,2931000000,2025-10-30,quarterly,1.51,USD,pre-market,0,2389000000,0.0873,0.173,0.049,36.49,4129000000,None,19058000000,0,52.84,58.72,38.5321,54793000000,15376000000,8856000000,0,None,None,31867000000,17418000000,14.7,-20901000000,65.66,42.96
2025-12-28,FOX,4.45,16474000000.0,14.7,None,0.512,27.45,84000000,None,5415000000,5415000000,-1383000000,-97000000,88000000,None,642000000,None,None,260000000,0,None,None,0,0,0,None,19058000000,6468000000,None,None,None,106000000,0.55,0.0085,136000000,136000000,None,-0.258,0.42,5488000000,None,1.09,2023-03-31,14.66,18052000000,5890000000.0,0,5189000000,1272000000,8072000000,8072000000,None,0,None,3092000000,None,None,19058000000,None,None,-50000000,3917000000,None,None,0.263,1568000000,26379000000,0,3412000000,2328000000,None,None,None,None,None,None,None,1.079,2.361,1.87,None,None,None,None,None,-1250000000,None,0.123,None,2931000000,2025-10-30,quarterly,1.51,USD,pre-market,0,2389000000,0.0873,0.173,0.049,36.49,4129000000,None,19058000000,0,52.84,58.72,38.5321,54793000000,15376000000,8856000000,0,None,None,31867000000,17418000000,14.7,-20901000000,65.66,42.96
2025-12-28,FOX,4.45,16474000000.0,14.7,None,0.512,27.45,79000000,None,5415000000,5415000000,-258000000,-103000000,-892000000,None,-87000000,None,None,-692000000,0,None,None,0,0,0,None,19058000000,6468000000,None,None,None,103000000,0.55,0.0085,8000000,8000000,None,-0.258,0.42,5488000000,None,1.09,2022-12-31,14.66,18052000000,5890000000.0,0,5189000000,1272000000,8072000000,8072000000,None,0,None,3092000000,None,None,19058000000,None,None,321000000,3917000000,None,None,0.263,-531000000,26379000000,0,3412000000,2328000000,None,None,None,None,None,None,None,1.079,2.361,1.87,None,None,None,None,None,-250000000,None,0.123,None,2931000000,2025-10-30,quarterly,1.51,USD,pre-market,0,2389000000,0.0873,0.173,0.049,36.49,4129000000,None,19058000000,0,52.84,58.72,38.5321,54793000000,15376000000,8856000000,0,None,None,31867000000,17418000000,14.7,-20901000000,65.66,42.96
2025-12-28,FOX,4.45,16474000000.0,14.7,None,0.512,27.45,74000000,None,5415000000,5415000000,-402000000,-118000000,-250000000,None,-333000000,None,None,-260000000,0,None,None,0,0,0,None,19058000000,6468000000,None,None,None,99000000,0.55,0.0085,147000000,147000000,None,-0.258,0.42,5488000000,None,1.09,2022-09-30,14.66,18052000000,5890000000.0,0,5189000000,1272000000,8072000000,8072000000,None,0,None,3092000000,None,None,19058000000,None,None,613000000,3917000000,None,None,0.263,270000000,26379000000,0,3412000000,2328000000,None,None,None,None,None,None,None,1.079,2.361,1.87,None,None,None,None,None,-250000000,None,0.123,None,2931000000,2025-10-30,quarterly,1.51,USD,pre-market,0,2389000000,0.0873,0.173,0.049,36.49,4129000000,None,19058000000,0,52.84,58.72,38.5321,54793000000,15376000000,8856000000,0,None,None,31867000000,17418000000,14.7,-20901000000,65.66,42.96
2025-12-28,FOX,4.45,16474000000.0,14.7,None,0.512,27.45,116000000,None,5415000000,5415000000,-240000000,-127000000,566000000,None,-145000000,None,None,230000000,0,None,None,0,0,0,None,19058000000,6468000000,None,None,None,99000000,0.55,0.0085,12000000,12000000,None,-0.258,0.42,5488000000,None,1.09,2022-06-30,14.66,18052000000,5890000000.0,0,5189000000,1272000000,8072000000,8072000000,None,0,None,3092000000,None,None,19058000000,None,None,308000000,3917000000,None,None,0.263,933000000,26379000000,0,3412000000,2328000000,None,None,None,None,None,None,None,1.079,2.361,1.87,None,None,None,None,None,-252000000,None,0.123,None,2931000000,2025-10-30,quarterly,1.51,USD,pre-market,0,2389000000,0.0873,0.173,0.049,36.49,4129000000,None,19058000000,0,52.84,58.72,38.5321,54793000000,15376000000,8856000000,0,None,None,31867000000,17418000000,14.7,-20901000000,65.66,42.96
2025-12-28,FOX,4.45,16474000000.0,14.7,None,0.512,27.45,70000000,None,5415000000,5415000000,-1138000000,-90000000,379000000,None,338000000,None,None,631000000,0,None,None,0,0,0,None,19058000000,6468000000,None,None,None,92000000,0.55,0.0085,145000000,145000000,None,-0.258,0.42,5488000000,None,1.09,2022-03-31,14.66,18052000000,5890000000.0,0,5189000000,1272000000,8072000000,8072000000,None,0,None,3092000000,None,None,19058000000,None,None,290000000,3917000000,None,None,0.263,1607000000,26379000000,0,3412000000,2328000000,None,None,None,None,None,None,None,1.079,2.361,1.87,None,None,None,None,None,-251000000,None,0.123,None,2931000000,2025-10-30,quarterly,1.51,USD,pre-market,0,2389000000,0.0873,0.173,0.049,36.49,4129000000,None,19058000000,0,52.84,58.72,38.5321,54793000000,15376000000,8856000000,0,None,None,31867000000,17418000000,14.7,-20901000000,65.66,42.96
2025-12-28,FOX,4.45,16474000000.0,14.7,None,0.512,27.45,68000000,None,5415000000,5415000000,-250000000,-221000000,-1156000000,None,5000000,None,None,-766000000,0,None,None,0,0,0,None,19058000000,6468000000,None,None,None,93000000,0.55,0.0085,145000000,145000000,None,-0.258,0.42,5488000000,None,1.09,2021-12-31,14.66,18052000000,5890000000.0,0,5189000000,1272000000,8072000000,8072000000,None,0,None,3092000000,None,None,19058000000,None,None,-73000000,3917000000,None,None,0.263,-685000000,26379000000,0,3412000000,2328000000,None,None,None,None,None,None,None,1.079,2.361,1.87,None,None,None,None,None,-247000000,None,0.123,None,2931000000,2025-10-30,quarterly,1.51,USD,pre-market,0,2389000000,0.0873,0.173,0.049,36.49,4129000000,None,19058000000,0,52.84,58.72,38.5321,54793000000,15376000000,8856000000,0,None,None,31867000000,17418000000,14.7,-20901000000,65.66,42.96
2025-12-28,FOX,4.45,16474000000.0,14.7,None,0.512,27.45,53000000,None,5415000000,5415000000,-429000000,-75000000,-475000000,None,-499000000,None,None,-174000000,0,None,None,0,0,0,None,19058000000,6468000000,None,None,None,79000000,0.55,0.0085,150000000,150000000,None,-0.258,0.42,5488000000,None,1.09,2021-09-30,14.66,18052000000,5890000000.0,0,5189000000,1272000000,8072000000,8072000000,None,0,None,3092000000,None,None,19058000000,None,None,708000000,3917000000,None,None,0.263,29000000,26379000000,0,3412000000,2328000000,None,None,None,None,None,None,None,1.079,2.361,1.87,None,None,None,None,None,-250000000,None,0.123,None,2931000000,2025-10-30,quarterly,1.51,USD,pre-market,0,2389000000,0.0873,0.173,0.049,36.49,4129000000,None,19058000000,0,52.84,58.72,38.5321,54793000000,15376000000,8856000000,0,None,None,31867000000,17418000000,14.7,-20901000000,65.66,42.96
2025-12-28,FOX,4.45,16474000000.0,14.7,None,0.512,27.45,151000000,None,5415000000,5415000000,-453000000,-199000000,121000000,None,-67000000,None,None,113000000,0,None,None,0,0,0,None,19058000000,6468000000,None,None,None,84000000,0.55,0.0085,148000000,148000000,None,-0.258,0.42,5488000000,None,1.09,2021-06-30,14.66,18052000000,5890000000.0,0,5189000000,1272000000,8072000000,8072000000,None,0,None,3092000000,None,None,19058000000,None,None,272000000,3917000000,None,None,0.263,773000000,26379000000,0,3412000000,2328000000,None,None,None,None,None,None,None,1.079,2.361,1.87,None,None,None,None,None,-288000000,None,0.123,None,2931000000,2025-10-30,quarterly,1.51,USD,pre-market,0,2389000000,0.0873,0.173,0.049,36.49,4129000000,None,19058000000,0,52.84,58.72,38.5321,54793000000,15376000000,8856000000,0,None,None,31867000000,17418000000,14.7,-20901000000,65.66,42.96
2025-12-28,FOX,4.45,16474000000.0,14.7,None,0.512,27.45,91000000,None,5415000000,5415000000,-366000000,-199000000,1263000000,None,317000000,None,None,629000000,0,None,None,0,0,0,None,19058000000,6468000000,None,None,None,78000000,0.55,0.0085,6000000,6000000,None,-0.258,0.42,5488000000,None,1.09,2021-03-31,14.66,18052000000,5890000000.0,0,5189000000,1272000000,8072000000,8072000000,None,0,None,3092000000,None,None,19058000000,None,None,582000000,3917000000,None,None,0.263,1629000000,26379000000,0,3412000000,2328000000,None,None,None,None,None,None,None,1.079,2.361,1.87,None,None,None,None,None,-297000000,None,0.123,None,2931000000,2025-10-30,quarterly,1.51,USD,pre-market,0,2389000000,0.0873,0.173,0.049,36.49,4129000000,None,19058000000,0,52.84,58.72,38.5321,54793000000,15376000000,8856000000,0,None,None,31867000000,17418000000,14.7,-20901000000,65.66,42.96
2025-12-28,FOX,4.45,16474000000.0,14.7,None,0.512,27.45,125000000,None,5415000000,5415000000,-349000000,-180000000,-559000000,None,380000000,None,None,-818000000,0,None,None,0,0,0,None,19058000000,6468000000,None,None,None,70000000,0.55,0.0085,161000000,161000000,None,-0.258,0.42,5488000000,None,1.09,2020-12-31,14.66,18052000000,5890000000.0,0,5189000000,1272000000,8072000000,8072000000,None,0,None,3092000000,None,None,19058000000,None,None,230000000,3917000000,None,None,0.263,-30000000,26379000000,0,3412000000,2328000000,None,None,None,None,None,None,None,1.079,2.361,1.87,None,None,None,None,None,-149000000,None,0.123,None,2931000000,2025-10-30,quarterly,1.51,USD,pre-market,0,2389000000,0.0873,0.173,0.049,36.49,4129000000,None,19058000000,0,52.84,58.72,38.5321,54793000000,15376000000,8856000000,0,None,None,31867000000,17418000000,14.7,-20901000000,65.66,42.96
2025-12-28,FOX,4.45,16474000000.0,14.7,None,0.512,27.45,117000000,None,5415000000,5415000000,298000000,-149000000,None,None,-440000000,None,None,None,0,None,None,0,0,0,None,19058000000,6468000000,None,None,None,68000000,0.55,0.0085,15000000,15000000,None,-0.258,0.42,5488000000,None,1.09,2020-09-30,14.66,18052000000,5890000000.0,0,5189000000,1272000000,8072000000,8072000000,None,0,None,3092000000,None,None,19058000000,None,None,1117000000,3917000000,None,None,0.263,267000000,26379000000,0,3412000000,2328000000,None,None,None,None,None,None,None,1.079,2.361,1.87,None,None,None,None,None,-267000000,None,0.123,None,2931000000,2025-10-30,quarterly,1.51,USD,pre-market,0,2389000000,0.0873,0.173,0.049,36.49,4129000000,None,19058000000,0,52.84,58.72,38.5321,54793000000,15376000000,8856000000,0,None,None,31867000000,17418000000,14.7,-20901000000,65.66,42.96
2025-12-28,FOX,4.45,16474000000.0,14.7,None,0.512,27.45,167000000,None,5415000000,5415000000,1132000000,-703000000,None,None,14000000,None,None,None,0,None,None,0,0,0,None,19058000000,6468000000,None,None,None,94000000,0.55,0.0085,14000000,14000000,None,-0.258,0.42,5488000000,None,1.09,2020-06-30,14.66,18052000000,5890000000.0,0,5189000000,1272000000,8072000000,8072000000,None,0,None,3092000000,None,None,19058000000,None,None,145000000,3917000000,None,None,0.263,1020000000,26379000000,0,3412000000,2328000000,None,None,None,None,None,None,None,1.079,2.361,1.87,None,None,None,None,None,-600000000,None,0.123,None,2931000000,2025-10-30,quarterly,1.51,USD,pre-market,0,2389000000,0.0873,0.173,0.049,36.49,4129000000,None,19058000000,0,52.84,58.72,38.5321,54793000000,15376000000,8856000000,0,None,None,31867000000,17418000000,14.7,-20901000000,65.66,42.96
2025-12-28,FOX,4.45,16474000000.0,14.7,None,0.512,27.45,82000000,None,5415000000,5415000000,-348000000,-48000000,None,None,521000000,None,None,None,0,None,None,0,0,0,None,19058000000,6468000000,None,None,None,57000000,0.55,0.0085,152000000,152000000,None,-0.258,0.42,5488000000,None,1.09,2020-03-31,14.66,18052000000,5890000000.0,0,5189000000,1272000000,8072000000,8072000000,None,0,None,3092000000,None,None,19058000000,None,None,90000000,3917000000,None,None,0.263,1601000000,26379000000,0,3412000000,2328000000,None,None,None,None,None,None,None,1.079,2.361,1.87,None,None,None,None,None,-179000000,None,0.123,None,2931000000,2025-10-30,quarterly,1.51,USD,pre-market,0,2389000000,0.0873,0.173,0.049,36.49,4129000000,None,19058000000,0,52.84,58.72,38.5321,54793000000,15376000000,8856000000,0,None,None,31867000000,17418000000,14.7,-20901000000,65.66,42.96
2025-12-28,FOX,4.45,16474000000.0,14.7,None,0.512,27.45,71000000,None,5415000000,5415000000,-582000000,-309000000,None,None,4000000,None,None,None,0,None,None,0,0,0,None,19058000000,6468000000,None,None,None,57000000,0.55,0.0085,155000000,155000000,None,-0.258,0.42,5488000000,None,1.09,2019-12-31,14.66,18052000000,5890000000.0,0,5189000000,1272000000,8072000000,8072000000,None,0,None,3092000000,None,None,19058000000,None,None,314000000,3917000000,None,None,0.263,-458000000,26379000000,0,3412000000,2328000000,None,None,None,None,None,None,None,1.079,2.361,1.87,None,None,None,None,None,-421000000,None,0.123,None,2931000000,2025-10-30,quarterly,1.51,USD,pre-market,0,2389000000,0.0873,0.173,0.049,36.49,4129000000,None,19058000000,0,52.84,58.72,38.5321,54793000000,15376000000,8856000000,0,None,None,31867000000,17418000000,14.7,-20901000000,65.66,42.96
2025-12-28,FOX,4.45,16474000000.0,14.7,None,0.512,27.45,39000000,None,5415000000,5415000000,-56000000,-40000000,None,None,-358000000,None,None,None,0,None,None,0,0,0,None,19058000000,6468000000,None,None,None,50000000,0.55,0.0085,14000000,14000000,None,-0.258,0.42,5488000000,None,1.09,2019-09-30,14.66,18052000000,5890000000.0,0,5189000000,1272000000,8072000000,8072000000,None,0,None,3092000000,None,None,19058000000,None,None,513000000,3917000000,None,None,0.263,202000000,26379000000,0,3412000000,2328000000,None,None,None,None,None,None,None,1.079,2.361,1.87,None,None,None,None,None,None,None,0.123,None,2931000000,2025-10-30,quarterly,1.51,USD,pre-market,0,2389000000,0.0873,0.173,0.049,36.49,4129000000,None,19058000000,0,52.84,58.72,38.5321,54793000000,15376000000,8856000000,0,None,None,31867000000,17418000000,14.7,-20901000000,65.66,42.96
2025-12-28,FOX,4.45,16474000000.0,14.7,None,0.512,27.45,88000000,None,5415000000,5415000000,-158000000,-326000000,None,None,60000000,None,None,None,0,None,None,0,0,0,None,19058000000,6468000000,None,None,None,60000000,0.55,0.0085,176000000,176000000,None,-0.258,0.42,5488000000,None,1.09,2019-06-30,14.66,18052000000,5890000000.0,0,5189000000,1272000000,8072000000,8072000000,None,0,None,3092000000,None,None,19058000000,None,None,465000000,3917000000,None,None,0.263,900000000,26379000000,0,3412000000,2328000000,None,None,None,None,None,None,None,1.079,2.361,1.87,None,None,None,None,None,None,None,0.123,None,2931000000,2025-10-30,quarterly,1.51,USD,pre-market,0,2389000000,0.0873,0.173,0.049,36.49,4129000000,None,19058000000,0,52.84,58.72,38.5321,54793000000,15376000000,8856000000,0,None,None,31867000000,17418000000,14.7,-20901000000,65.66,42.96
2025-12-28,FOX,4.45,16474000000.0,14.7,None,0.512,27.45,59000000,None,5415000000,5415000000,-661000000,-60000000,None,None,305000000,None,None,None,0,None,None,0,0,0,None,19058000000,6468000000,None,None,None,58000000,0.55,0.0085,6490000000,6490000000,None,-0.258,0.42,5488000000,None,1.09,2019-03-31,14.66,18052000000,5890000000.0,0,5189000000,1272000000,8072000000,8072000000,None,0,None,3092000000,None,None,19058000000,None,None,539000000,3917000000,None,None,0.263,1588000000,26379000000,0,3412000000,2328000000,None,None,None,None,None,None,None,1.079,2.361,1.87,None,None,None,None,None,None,None,0.123,None,2931000000,2025-10-30,quarterly,1.51,USD,pre-market,0,2389000000,0.0873,0.173,0.049,36.49,4129000000,None,19058000000,0,52.84,58.72,38.5321,54793000000,15376000000,8856000000,0,None,None,31867000000,17418000000,14.7,-20901000000,65.66,42.96
2025-12-28,FOX,4.45,16474000000.0,14.7,None,0.512,27.45,46000000,None,5415000000,5415000000,-550000000,-44000000,None,None,34000000,None,None,None,0,None,None,0,0,0,None,19058000000,6468000000,None,None,None,51000000,0.55,0.0085,9000000,9000000,None,-0.258,0.42,5488000000,None,1.09,2018-12-31,14.66,18052000000,5890000000.0,0,5189000000,1272000000,8072000000,8072000000,None,0,None,3092000000,None,None,19058000000,None,None,24000000,3917000000,None,None,0.263,-211000000,26379000000,0,3412000000,2328000000,None,None,None,None,None,None,None,1.079,2.361,1.87,None,None,None,None,None,None,None,0.123,None,2931000000,2025-10-30,quarterly,1.51,USD,pre-market,0,2389000000,0.0873,0.173,0.049,36.49,4129000000,None,19058000000,0,52.84,58.72,38.5321,54793000000,15376000000,8856000000,0,None,None,31867000000,17418000000,14.7,-20901000000,65.66,42.96
2025-12-28,FOX,4.45,16474000000.0,14.7,None,0.512,27.45,42000000,None,5415000000,5415000000,216000000,-207000000,None,None,-202000000,None,None,None,0,None,None,0,0,0,None,19058000000,6468000000,None,None,None,43000000,0.55,0.0085,13000000,13000000,None,-0.258,0.42,5488000000,None,1.09,2018-09-30,14.66,18052000000,5890000000.0,0,5189000000,1272000000,8072000000,8072000000,None,0,None,3092000000,None,None,19058000000,None,None,615000000,3917000000,None,None,0.263,247000000,26379000000,0,3412000000,2328000000,None,None,None,None,None,None,None,1.079,2.361,1.87,None,None,None,None,None,0,None,0.123,None,2931000000,2025-10-30,quarterly,1.51,USD,pre-market,0,2389000000,0.0873,0.173,0.049,36.49,4129000000,None,19058000000,0,52.84,58.72,38.5321,54793000000,15376000000,8856000000,0,None,None,31867000000,17418000000,14.7,-20901000000,65.66,42.96
2025-12-28,FOX,4.45,16474000000.0,14.7,None,0.512,27.45,67000000,None,5415000000,5415000000,256000000,-69000000,None,None,72000000,None,None,None,0,None,None,0,0,0,None,19058000000,6468000000,None,None,None,45000000,0.55,0.0085,12000000,12000000,None,-0.258,0.42,5488000000,None,1.09,2018-06-30,14.66,18052000000,5890000000.0,0,5189000000,1272000000,8072000000,8072000000,None,0,None,3092000000,None,None,19058000000,None,None,480000000,3917000000,None,None,0.263,532000000,26379000000,0,3412000000,2328000000,None,None,None,None,None,None,None,1.079,2.361,1.87,None,None,None,None,None,0,None,0.123,None,2931000000,2025-10-30,quarterly,1.51,USD,pre-market,0,2389000000,0.0873,0.173,0.049,36.49,4129000000,None,19058000000,0,52.84,58.72,38.5321,54793000000,15376000000,8856000000,0,None,None,31867000000,17418000000,14.7,-20901000000,65.66,42.96
2025-12-28,FOX,4.45,16474000000.0,14.7,None,0.512,27.45,36000000,None,5415000000,5415000000,947000000,-42000000,None,None,-57000000,None,None,None,0,None,None,0,0,0,None,19058000000,6468000000,None,None,None,43000000,0.55,0.0085,28000000,28000000,None,-0.258,0.42,5488000000,None,1.09,2018-03-31,14.66,18052000000,5890000000.0,0,5189000000,1272000000,8072000000,8072000000,None,0,None,3092000000,None,None,19058000000,None,None,466000000,3917000000,None,None,0.263,820000000,26379000000,0,3412000000,2328000000,None,None,None,None,None,None,None,1.079,2.361,1.87,None,None,None,None,None,0,None,0.123,None,2931000000,2025-10-30,quarterly,1.51,USD,pre-market,0,2389000000,0.0873,0.173,0.049,36.49,4129000000,None,19058000000,0,52.84,58.72,38.5321,54793000000,15376000000,8856000000,0,None,None,31867000000,17418000000,14.7,-20901000000,65.66,42.96
2025-12-28,FOX,4.45,16474000000.0,14.7,None,0.512,27.45,83000000,None,5415000000,5415000000,427000000,-84000000,None,None,-143000000,None,None,None,0,None,None,0,0,0,None,19058000000,6468000000,None,None,None,42000000,0.55,0.0085,27000000,27000000,None,-0.258,0.42,5488000000,None,1.09,2017-12-31,14.66,18052000000,5890000000.0,0,5189000000,1272000000,8072000000,8072000000,None,0,None,3092000000,None,None,19058000000,None,None,882000000,3917000000,None,None,0.263,-300000000,26379000000,0,3412000000,2328000000,None,None,None,None,None,None,None,1.079,2.361,1.87,None,None,None,None,None,0,None,0.123,None,2931000000,2025-10-30,quarterly,1.51,USD,pre-market,0,2389000000,0.0873,0.173,0.049,36.49,4129000000,None,19058000000,0,52.84,58.72,38.5321,54793000000,15376000000,8856000000,0,None,None,31867000000,17418000000,14.7,-20901000000,65.66,42.96
2025-12-28,FOX,4.45,16474000000.0,14.7,None,0.512,27.45,29000000,None,5415000000,5415000000,-594000000,323000000,None,None,-100000000,None,None,None,0,None,None,0,0,0,None,19058000000,6468000000,None,None,None,41000000,0.55,0.0085,10000000,10000000,None,-0.258,0.42,5488000000,None,1.09,2017-09-30,14.66,18052000000,5890000000.0,0,5189000000,1272000000,8072000000,8072000000,None,0,None,3092000000,None,None,19058000000,None,None,400000000,3917000000,None,None,0.263,265000000,26379000000,0,3412000000,2328000000,None,None,None,None,None,None,None,1.079,2.361,1.87,None,None,None,None,None,0,None,0.123,None,2931000000,2025-10-30,quarterly,1.51,USD,pre-market,0,2389000000,0.0873,0.173,0.049,36.49,4129000000,None,19058000000,0,52.84,58.72,38.5321,54793000000,15376000000,8856000000,0,None,None,31867000000,17418000000,14.7,-20901000000,65.66,42.96
2025-12-28,FOX,4.45,16474000000.0,14.7,None,0.512,27.45,377000000,None,5415000000,5415000000,-1291000000,-752000000,None,None,-1030000000,None,None,None,0,None,None,0,0,0,None,19058000000,6468000000,None,None,None,553000000,0.55,0.0085,943000000,943000000,None,-0.258,0.42,5488000000,None,1.09,2017-06-30,14.66,18052000000,5890000000.0,0,5189000000,1272000000,8072000000,8072000000,None,0,None,3092000000,None,None,19058000000,None,None,0,3917000000,None,None,0.263,3767000000,26379000000,0,3412000000,2328000000,None,None,None,None,None,None,None,1.079,2.361,1.87,None,None,None,None,None,0,None,0.123,None,2931000000,2025-10-30,quarterly,1.51,USD,pre-market,0,2389000000,0.0873,0.173,0.049,36.49,4129000000,None,19058000000,0,52.84,58.72,38.5321,54793000000,15376000000,8856000000,0,None,None,31867000000,17418000000,14.7,-20901000000,65.66,42.96
2025-12-28,FOX,4.45,16474000000.0,14.7,None,0.512,27.45,202000000,None,5415000000,5415000000,-871000000,-368000000,None,None,0,None,None,None,0,None,None,0,0,0,None,19058000000,6468000000,None,None,None,0,0.55,0.0085,522000000,522000000,None,-0.258,0.42,5488000000,None,1.09,2017-03-31,14.66,18052000000,5890000000.0,0,5189000000,1272000000,8072000000,8072000000,None,0,None,3092000000,None,None,19058000000,None,None,0,3917000000,None,None,0.263,2418000000,26379000000,0,3412000000,2328000000,None,None,None,None,None,None,None,1.079,2.361,1.87,None,None,None,None,None,0,None,0.123,None,2931000000,2025-10-30,quarterly,1.51,USD,pre-market,0,2389000000,0.0873,0.173,0.049,36.49,4129000000,None,19058000000,0,52.84,58.72,38.5321,54793000000,15376000000,8856000000,0,None,None,31867000000,17418000000,14.7,-20901000000,65.66,42.96
2025-12-28,FOX,4.45,16474000000.0,14.7,None,0.512,27.45,117000000,None,5415000000,5415000000,-811000000,-250000000,None,None,0,None,None,None,0,None,None,0,0,0,None,19058000000,6468000000,None,None,None,0,0.55,0.0085,481000000,481000000,None,-0.258,0.42,5488000000,None,1.09,2016-12-31,14.66,18052000000,5890000000.0,0,5189000000,1272000000,8072000000,8072000000,None,0,None,3092000000,None,None,19058000000,None,None,0,3917000000,None,None,0.263,1223000000,26379000000,0,3412000000,2328000000,None,None,None,None,None,None,None,1.079,2.361,1.87,None,None,None,None,None,0,None,0.123,None,2931000000,2025-10-30,quarterly,1.51,USD,pre-market,0,2389000000,0.0873,0.173,0.049,36.49,4129000000,None,19058000000,0,52.84,58.72,38.5321,54793000000,15376000000,8856000000,0,None,None,31867000000,17418000000,14.7,-20901000000,65.66,42.96
2025-12-28,FOX,4.45,16474000000.0,14.7,None,0.512,27.45,53000000,None,5415000000,5415000000,-608000000,-122000000,None,None,0,None,None,None,0,None,None,0,0,0,None,19058000000,6468000000,None,None,None,0,0.55,0.0085,54000000,54000000,None,-0.258,0.42,5488000000,None,1.09,2016-09-30,14.66,18052000000,5890000000.0,0,5189000000,1272000000,8072000000,8072000000,None,0,None,3092000000,None,None,19058000000,None,None,0,3917000000,None,None,0.263,980000000,26379000000,0,3412000000,2328000000,None,None,None,None,None,None,None,1.079,2.361,1.87,None,None,None,None,None,0,None,0.123,None,2931000000,2025-10-30,quarterly,1.51,USD,pre-market,0,2389000000,0.0873,0.173,0.049,36.49,4129000000,None,19058000000,0,52.84,58.72,38.5321,54793000000,15376000000,8856000000,0,None,None,31867000000,17418000000,14.7,-20901000000,65.66,42.96
2025-12-28,FOX,4.45,16474000000.0,14.7,None,0.512,27.45,263000000,None,5415000000,5415000000,-5424000000,-1638000000,None,None,-721000000,None,None,None,0,None,None,0,0,0,None,19058000000,6468000000,None,None,None,530000000,0.55,0.0085,821000000,821000000,None,-0.258,0.42,5488000000,None,1.09,2016-06-30,14.66,18052000000,5890000000.0,0,5189000000,1272000000,8072000000,8072000000,None,0,None,3092000000,None,None,19058000000,None,None,0,3917000000,None,None,0.263,3122000000,26379000000,0,3412000000,2328000000,None,None,None,None,None,None,None,1.079,2.361,1.87,None,None,None,None,None,0,None,0.123,None,2931000000,2025-10-30,quarterly,1.51,USD,pre-market,0,2389000000,0.0873,0.173,0.049,36.49,4129000000,None,19058000000,0,52.84,58.72,38.5321,54793000000,15376000000,8856000000,0,None,None,31867000000,17418000000,14.7,-20901000000,65.66,42.96
2025-12-28,FOX,4.45,16474000000.0,14.7,None,0.512,27.45,156000000,None,5415000000,5415000000,-4006000000,-1380000000,None,None,0,None,None,None,0,None,None,0,0,0,None,19058000000,6468000000,None,None,None,0,0.55,0.0085,465000000,465000000,None,-0.258,0.42,5488000000,None,1.09,2016-03-31,14.66,18052000000,5890000000.0,0,5189000000,1272000000,8072000000,8072000000,None,0,None,3092000000,None,None,19058000000,None,None,0,3917000000,None,None,0.263,2012000000,26379000000,0,3412000000,2328000000,None,None,None,None,None,None,None,1.079,2.361,1.87,None,None,None,None,None,0,None,0.123,None,2931000000,2025-10-30,quarterly,1.51,USD,pre-market,0,2389000000,0.0873,0.173,0.049,36.49,4129000000,None,19058000000,0,52.84,58.72,38.5321,54793000000,15376000000,8856000000,0,None,None,31867000000,17418000000,14.7,-20901000000,65.66,42.96
2025-12-28,FOX,4.45,16474000000.0,14.7,None,0.512,27.45,92000000,None,5415000000,5415000000,-2987000000,-1300000000,None,None,0,None,None,None,0,None,None,0,0,0,None,19058000000,6468000000,None,None,None,0,0.55,0.0085,419000000,419000000,None,-0.258,0.42,5488000000,None,1.09,2015-12-31,14.66,18052000000,5890000000.0,0,5189000000,1272000000,8072000000,8072000000,None,0,None,3092000000,None,None,19058000000,None,None,0,3917000000,None,None,0.263,232000000,26379000000,0,3412000000,2328000000,None,None,None,None,None,None,None,1.079,2.361,1.87,None,None,None,None,None,0,None,0.123,None,2931000000,2025-10-30,quarterly,1.51,USD,pre-market,0,2389000000,0.0873,0.173,0.049,36.49,4129000000,None,19058000000,0,52.84,58.72,38.5321,54793000000,15376000000,8856000000,0,None,None,31867000000,17418000000,14.7,-20901000000,65.66,42.96
2025-12-28,FOX,4.45,16474000000.0,14.7,None,0.512,27.45,34000000,None,5415000000,5415000000,-1965000000,-283000000,None,None,0,None,None,None,0,None,None,0,0,0,None,19058000000,6468000000,None,None,None,0,0.55,0.0085,56000000,56000000,None,-0.258,0.42,5488000000,None,1.09,2015-09-30,14.66,18052000000,5890000000.0,0,5189000000,1272000000,8072000000,8072000000,None,0,None,3092000000,None,None,19058000000,None,None,0,3917000000,None,None,0.263,-305000000,26379000000,0,3412000000,2328000000,None,None,None,None,None,None,None,1.079,2.361,1.87,None,None,None,None,None,0,None,0.123,None,2931000000,2025-10-30,quarterly,1.51,USD,pre-market,0,2389000000,0.0873,0.173,0.049,36.49,4129000000,None,19058000000,0,52.84,58.72,38.5321,54793000000,15376000000,8856000000,0,None,None,31867000000,17418000000,14.7,-20901000000,65.66,42.96
2025-12-28,FOX,4.45,16474000000.0,14.7,None,0.512,27.45,424000000,None,5415000000,5415000000,-7102000000,6736000000,None,None,-789000000,None,None,None,0,None,None,0,0,0,None,19058000000,6468000000,None,None,None,736000000,0.55,0.0085,878000000,878000000,None,-0.258,0.42,5488000000,None,1.09,2015-06-30,14.66,18052000000,5890000000.0,0,5189000000,1272000000,8072000000,8072000000,None,0,None,3092000000,None,None,19058000000,None,None,8306000000,3917000000,None,None,0.263,3568000000,26379000000,0,3412000000,2328000000,None,None,None,None,None,None,None,1.079,2.361,1.87,None,None,None,None,None,0,None,0.123,None,2931000000,2025-10-30,quarterly,1.51,USD,pre-market,0,2389000000,0.0873,0.173,0.049,36.49,4129000000,None,19058000000,0,52.84,58.72,38.5321,54793000000,15376000000,8856000000,0,None,None,31867000000,17418000000,14.7,-20901000000,65.66,42.96
2025-12-28,FOX,4.45,16474000000.0,14.7,None,0.512,27.45,320000000,None,5415000000,5415000000,-5519000000,6987000000,None,None,0,None,None,None,0,None,None,0,0,0,None,19058000000,6468000000,None,None,None,0,0.55,0.0085,494000000,494000000,None,-0.258,0.42,5488000000,None,1.09,2015-03-31,14.66,18052000000,5890000000.0,0,5189000000,1272000000,8072000000,8072000000,None,0,None,3092000000,None,None,19058000000,None,None,0,3917000000,None,None,0.263,2623000000,26379000000,0,3412000000,2328000000,None,None,None,None,None,None,None,1.079,2.361,1.87,None,None,None,None,None,49000000,None,0.123,None,2931000000,2025-10-30,quarterly,1.51,USD,pre-market,0,2389000000,0.0873,0.173,0.049,36.49,4129000000,None,19058000000,0,52.84,58.72,38.5321,54793000000,15376000000,8856000000,0,None,None,31867000000,17418000000,14.7,-20901000000,65.66,42.96
2025-12-28,FOX,4.45,16474000000.0,14.7,None,0.512,27.45,261000000,None,5415000000,5415000000,-3380000000,7237000000,None,None,0,None,None,None,0,None,None,0,0,0,None,19058000000,6468000000,None,None,None,0,0.55,0.0085,436000000,436000000,None,-0.258,0.42,5488000000,None,1.09,2014-12-31,14.66,18052000000,5890000000.0,0,5189000000,1272000000,8072000000,8072000000,None,0,None,3092000000,None,None,19058000000,None,None,0,3917000000,None,None,0.263,852000000,26379000000,0,3412000000,2328000000,None,None,None,None,None,None,None,1.079,2.361,1.87,None,None,None,None,None,48000000,None,0.123,None,2931000000,2025-10-30,quarterly,1.51,USD,pre-market,0,2389000000,0.0873,0.173,0.049,36.49,4129000000,None,19058000000,0,52.84,58.72,38.5321,54793000000,15376000000,8856000000,0,None,None,31867000000,17418000000,14.7,-20901000000,65.66,42.96
2025-12-28,FOX,4.45,16474000000.0,14.7,None,0.512,27.45,127000000,None,5415000000,5415000000,-132000000,-1021000000,None,None,0,None,None,None,0,None,None,0,0,0,None,19058000000,6468000000,None,None,None,0,0.55,0.0085,0,0,None,-0.258,0.42,5488000000,None,1.09,2014-09-30,14.66,18052000000,5890000000.0,0,5189000000,1272000000,8072000000,8072000000,None,0,None,3092000000,None,None,19058000000,None,None,0,3917000000,None,None,0.263,457000000,26379000000,0,3412000000,2328000000,None,None,None,None,None,None,None,1.079,2.361,1.87,None,None,None,None,None,48000000,None,0.123,None,2931000000,2025-10-30,quarterly,1.51,USD,pre-market,0,2389000000,0.0873,0.173,0.049,36.49,4129000000,None,19058000000,0,52.84,58.72,38.5321,54793000000,15376000000,8856000000,0,None,None,31867000000,17418000000,14.7,-20901000000,65.66,42.96
2025-12-28,FOX,4.45,16474000000.0,14.7,None,0.512,27.45,678000000,None,5415000000,5415000000,-3776000000,-935000000,None,None,1057000000,None,None,None,0,None,None,0,0,0,None,19058000000,6468000000,None,None,None,0,0.55,0.0085,0,0,None,-0.258,0.42,5488000000,None,1.09,2014-06-30,14.66,18052000000,5890000000.0,0,5189000000,1272000000,8072000000,8072000000,None,0,None,3092000000,None,None,19058000000,None,None,0,3917000000,None,None,0.263,2964000000,26379000000,0,3412000000,2328000000,None,None,None,None,None,None,None,1.079,2.361,1.87,None,None,None,None,None,66000000,None,0.123,None,2931000000,2025-10-30,quarterly,1.51,USD,pre-market,0,2389000000,0.0873,0.173,0.049,36.49,4129000000,None,19058000000,0,52.84,58.72,38.5321,54793000000,15376000000,8856000000,0,None,None,31867000000,17418000000,14.7,-20901000000,65.66,42.96
2025-12-28,FOX,4.45,16474000000.0,14.7,None,0.512,27.45,470000000,None,5415000000,5415000000,-2371000000,-1008000000,None,None,1457000000,None,None,None,0,None,None,0,0,0,None,19058000000,6468000000,None,None,None,0,0.55,0.0085,0,0,None,-0.258,0.42,5488000000,None,1.09,2014-03-31,14.66,18052000000,5890000000.0,0,5189000000,1272000000,8072000000,8072000000,None,0,None,3092000000,None,None,19058000000,None,None,1053000000,3917000000,None,None,0.263,1581000000,26379000000,0,3412000000,2328000000,None,None,None,None,None,None,None,1.079,2.361,1.87,None,None,None,None,None,66000000,None,0.123,None,2931000000,2025-10-30,quarterly,1.51,USD,pre-market,0,2389000000,0.0873,0.173,0.049,36.49,4129000000,None,19058000000,0,52.84,58.72,38.5321,54793000000,15376000000,8856000000,0,None,None,31867000000,17418000000,14.7,-20901000000,65.66,42.96
2025-12-28,FOX,4.45,16474000000.0,14.7,None,0.512,27.45,329000000,None,5415000000,5415000000,-1164000000,-245000000,None,None,1074000000,None,None,None,0,None,None,0,0,0,None,19058000000,6468000000,None,None,None,0,0.55,0.0085,0,0,None,-0.258,0.42,5488000000,None,1.09,2013-12-31,14.66,18052000000,5890000000.0,0,5189000000,1272000000,8072000000,8072000000,None,0,None,3092000000,None,None,19058000000,None,None,1207000000,3917000000,None,None,0.263,548000000,26379000000,0,3412000000,2328000000,None,None,None,None,None,None,None,1.079,2.361,1.87,None,None,None,None,None,66000000,None,0.123,None,2931000000,2025-10-30,quarterly,1.51,USD,pre-market,0,2389000000,0.0873,0.173,0.049,36.49,4129000000,None,19058000000,0,52.84,58.72,38.5321,54793000000,15376000000,8856000000,0,None,None,31867000000,17418000000,14.7,-20901000000,65.66,42.96
2025-12-28,FOX,4.45,16474000000.0,14.7,None,0.512,27.45,0,None,5415000000,5415000000,0,0,None,None,0,None,None,None,0,None,None,0,0,0,None,19058000000,6468000000,None,None,None,0,0.55,0.0085,199000000,199000000,None,-0.258,0.42,5488000000,None,1.09,2011-03-31,14.66,18052000000,5890000000.0,0,5189000000,1272000000,8072000000,8072000000,None,0,None,3092000000,None,None,19058000000,None,None,639000000,3917000000,None,None,0.263,0,26379000000,0,3412000000,2328000000,None,None,None,None,None,None,None,1.079,2.361,1.87,None,None,None,None,None,0,None,0.123,None,2931000000,2025-10-30,quarterly,1.51,USD,pre-market,0,2389000000,0.0873,0.173,0.049,36.49,4129000000,None,19058000000,0,52.84,58.72,38.5321,54793000000,15376000000,8856000000,0,None,None,31867000000,17418000000,14.7,-20901000000,65.66,42.96
2025-12-28,FOX,4.45,16474000000.0,14.7,None,0.512,27.45,0,None,5415000000,5415000000,0,0,None,None,0,None,None,None,0,None,None,0,0,0,None,19058000000,6468000000,None,None,None,0,0.55,0.0085,0,0,None,-0.258,0.42,5488000000,None,1.09,2010-03-31,14.66,18052000000,5890000000.0,0,5189000000,1272000000,8072000000,8072000000,None,0,None,3092000000,None,None,19058000000,None,None,839000000,3917000000,None,None,0.263,0,26379000000,0,3412000000,2328000000,None,None,None,None,None,None,None,1.079,2.361,1.87,None,None,None,None,None,0,None,0.123,None,2931000000,2025-10-30,quarterly,1.51,USD,pre-market,0,2389000000,0.0873,0.173,0.049,36.49,4129000000,None,19058000000,0,52.84,58.72,38.5321,54793000000,15376000000,8856000000,0,None,None,31867000000,17418000000,14.7,-20901000000,65.66,42.96
2025-12-28,FOX,4.45,16474000000.0,14.7,None,0.512,27.45,388000000,None,5415000000,5415000000,775000000,-648000000,None,None,880000000,None,None,None,0,None,None,0,0,0,None,19058000000,6468000000,None,None,None,0,0.55,0.0085,0,0,None,-0.258,0.42,5488000000,None,1.09,2009-12-31,14.66,18052000000,5890000000.0,0,5189000000,1272000000,8072000000,8072000000,None,0,None,3092000000,None,None,19058000000,None,None,825000000,3917000000,None,None,0.263,564000000,26379000000,0,3412000000,2328000000,None,None,None,None,None,None,None,1.079,2.361,1.87,None,None,None,None,None,21000000,None,0.123,None,2931000000,2025-10-30,quarterly,1.51,USD,pre-market,0,2389000000,0.0873,0.173,0.049,36.49,4129000000,None,19058000000,0,52.84,58.72,38.5321,54793000000,15376000000,8856000000,0,None,None,31867000000,17418000000,14.7,-20901000000,65.66,42.96
2025-12-28,FOX,4.45,16474000000.0,14.7,None,0.512,27.45,130000000,None,5415000000,5415000000,942000000,-362000000,None,None,623000000,None,None,None,0,None,None,0,0,0,None,19058000000,6468000000,None,None,None,0,0.55,0.0085,0,0,None,-0.258,0.42,5488000000,None,1.09,2009-09-30,14.66,18052000000,5890000000.0,0,5189000000,1272000000,8072000000,8072000000,None,0,None,3092000000,None,None,19058000000,None,None,571000000,3917000000,None,None,0.263,680000000,26379000000,0,3412000000,2328000000,None,None,None,None,None,None,None,1.079,2.361,1.87,None,None,None,None,None,21000000,None,0.123,None,2931000000,2025-10-30,quarterly,1.51,USD,pre-market,0,2389000000,0.0873,0.173,0.049,36.49,4129000000,None,19058000000,0,52.84,58.72,38.5321,54793000000,15376000000,8856000000,0,None,None,31867000000,17418000000,14.7,-20901000000,65.66,42.96
2025-12-28,FOX,4.45,16474000000.0,14.7,None,0.512,27.45,331000000,None,5415000000,5415000000,-1755000000,-537000000,None,None,521000000,None,None,None,0,None,None,0,0,0,None,19058000000,6468000000,None,None,None,385000000,0.55,0.0085,277000000,277000000,None,-0.258,0.42,5488000000,None,1.09,2025-06-30,14.66,18052000000,5890000000.0,0,5189000000,1272000000,8072000000,8072000000,None,0,None,3092000000,None,None,19058000000,None,None,2293000000,3917000000,None,None,0.263,3324000000,26379000000,0,3412000000,2328000000,None,None,None,None,None,None,None,1.079,2.361,1.87,None,None,None,None,None,-1000000000,None,0.123,None,2931000000,2025-10-30,annual,1.51,USD,pre-market,0,2389000000,0.0873,0.173,0.049,36.49,4129000000,None,19058000000,0,52.84,58.72,38.5321,54793000000,15376000000,8856000000,0,None,None,31867000000,17418000000,14.7,-20901000000,65.66,42.96
2025-12-28,FOX,4.45,16474000000.0,14.7,None,0.512,27.45,345000000,None,5415000000,5415000000,-1341000000,-452000000,None,None,-303000000,None,None,None,0,None,None,0,0,0,None,19058000000,6468000000,None,None,None,389000000,0.55,0.0085,281000000,281000000,None,-0.258,0.42,5488000000,None,1.09,2024-06-30,14.66,18052000000,5890000000.0,0,5189000000,1272000000,8072000000,8072000000,None,0,None,3092000000,None,None,19058000000,None,None,1554000000,3917000000,None,None,0.263,1840000000,26379000000,0,3412000000,2328000000,None,None,None,None,None,None,None,1.079,2.361,1.87,None,None,None,None,None,-1000000000,None,0.123,None,2931000000,2025-10-30,annual,1.51,USD,pre-market,0,2389000000,0.0873,0.173,0.049,36.49,4129000000,None,19058000000,0,52.84,58.72,38.5321,54793000000,15376000000,8856000000,0,None,None,31867000000,17418000000,14.7,-20901000000,65.66,42.96
2025-12-28,FOX,4.45,16474000000.0,14.7,None,0.512,27.45,357000000,None,5415000000,5415000000,-2290000000,-438000000,-928000000,None,145000000,None,None,-104000000,0,None,None,0,0,0,None,19058000000,6468000000,None,None,None,411000000,0.55,0.0085,299000000,299000000,None,-0.258,0.42,5488000000,None,1.09,2023-06-30,14.66,18052000000,5890000000.0,0,5189000000,1272000000,8072000000,8072000000,None,0,None,3092000000,None,None,19058000000,None,None,1253000000,3917000000,None,None,0.263,1800000000,26379000000,0,3412000000,2328000000,None,None,None,None,None,None,None,1.079,2.361,1.87,None,None,None,None,None,-2000000000,None,0.123,None,2931000000,2025-10-30,annual,1.51,USD,pre-market,0,2389000000,0.0873,0.173,0.049,36.49,4129000000,None,19058000000,0,52.84,58.72,38.5321,54793000000,15376000000,8856000000,0,None,None,31867000000,17418000000,14.7,-20901000000,65.66,42.96
2025-12-28,FOX,4.45,16474000000.0,14.7,None,0.512,27.45,307000000,None,5415000000,5415000000,-2057000000,-513000000,-686000000,None,-301000000,None,None,-79000000,0,None,None,0,0,0,None,19058000000,6468000000,None,None,None,363000000,0.55,0.0085,307000000,307000000,None,-0.258,0.42,5488000000,None,1.09,2022-06-30,14.66,18052000000,5890000000.0,0,5189000000,1272000000,8072000000,8072000000,None,0,None,3092000000,None,None,19058000000,None,None,1233000000,3917000000,None,None,0.263,1884000000,26379000000,0,3412000000,2328000000,None,None,None,None,None,None,None,1.079,2.361,1.87,None,None,None,None,None,-1000000000,None,0.123,None,2931000000,2025-10-30,annual,1.51,USD,pre-market,0,2389000000,0.0873,0.173,0.049,36.49,4129000000,None,19058000000,0,52.84,58.72,38.5321,54793000000,15376000000,8856000000,0,None,None,31867000000,17418000000,14.7,-20901000000,65.66,42.96
2025-12-28,FOX,4.45,16474000000.0,14.7,None,0.512,27.45,484000000,None,5415000000,5415000000,-870000000,-528000000,1241000000,None,190000000,None,None,-269000000,0,None,None,0,0,0,None,19058000000,6468000000,None,None,None,300000000,0.55,0.0085,330000000,330000000,None,-0.258,0.42,5488000000,None,1.09,2021-06-30,14.66,18052000000,5890000000.0,0,5189000000,1272000000,8072000000,8072000000,None,0,None,3092000000,None,None,19058000000,None,None,2201000000,3917000000,None,None,0.263,2639000000,26379000000,0,3412000000,2328000000,None,None,None,None,None,None,None,1.079,2.361,1.87,None,None,None,None,None,-1001000000,None,0.123,None,2931000000,2025-10-30,annual,1.51,USD,pre-market,0,2389000000,0.0873,0.173,0.049,36.49,4129000000,None,19058000000,0,52.84,58.72,38.5321,54793000000,15376000000,8856000000,0,None,None,31867000000,17418000000,14.7,-20901000000,65.66,42.96
2025-12-28,FOX,4.45,16474000000.0,14.7,None,0.512,27.45,359000000,None,5415000000,5415000000,146000000,-1100000000,None,None,181000000,None,None,None,0,None,None,0,0,0,None,19058000000,6468000000,None,None,None,258000000,0.55,0.0085,335000000,335000000,None,-0.258,0.42,5488000000,None,1.09,2020-06-30,14.66,18052000000,5890000000.0,0,5189000000,1272000000,8072000000,8072000000,None,0,None,3092000000,None,None,19058000000,None,None,1062000000,3917000000,None,None,0.263,2365000000,26379000000,0,3412000000,2328000000,None,None,None,None,None,None,None,1.079,2.361,1.87,None,None,None,None,None,-600000000,None,0.123,None,2931000000,2025-10-30,annual,1.51,USD,pre-market,0,2389000000,0.0873,0.173,0.049,36.49,4129000000,None,19058000000,0,52.84,58.72,38.5321,54793000000,15376000000,8856000000,0,None,None,31867000000,17418000000,14.7,-20901000000,65.66,42.96
2025-12-28,FOX,4.45,16474000000.0,14.7,None,0.512,27.45,235000000,None,5415000000,5415000000,-1153000000,-637000000,None,None,197000000,None,None,None,0,None,None,0,0,0,None,19058000000,6468000000,None,None,None,212000000,0.55,0.0085,6688000000,6688000000,None,-0.258,0.42,5488000000,None,1.09,2019-06-30,14.66,18052000000,5890000000.0,0,5189000000,1272000000,8072000000,8072000000,None,0,None,3092000000,None,None,19058000000,None,None,1643000000,3917000000,None,None,0.263,2524000000,26379000000,0,3412000000,2328000000,None,None,None,None,None,None,None,1.079,2.361,1.87,None,None,None,None,None,None,None,0.123,None,2931000000,2025-10-30,annual,1.51,USD,pre-market,0,2389000000,0.0873,0.173,0.049,36.49,4129000000,None,19058000000,0,52.84,58.72,38.5321,54793000000,15376000000,8856000000,0,None,None,31867000000,17418000000,14.7,-20901000000,65.66,42.96
2025-12-28,FOX,4.45,16474000000.0,14.7,None,0.512,27.45,215000000,None,5415000000,5415000000,1036000000,128000000,None,None,-228000000,None,None,None,0,None,None,0,0,0,None,19058000000,6468000000,None,None,None,171000000,0.55,0.0085,77000000,77000000,None,-0.258,0.42,5488000000,None,1.09,2018-06-30,14.66,18052000000,5890000000.0,0,5189000000,1272000000,8072000000,8072000000,None,0,None,3092000000,None,None,19058000000,None,None,2228000000,3917000000,None,None,0.263,1317000000,26379000000,0,3412000000,2328000000,None,None,None,None,None,None,None,1.079,2.361,1.87,None,None,None,None,None,0,None,0.123,None,2931000000,2025-10-30,annual,1.51,USD,pre-market,0,2389000000,0.0873,0.173,0.049,36.49,4129000000,None,19058000000,0,52.84,58.72,38.5321,54793000000,15376000000,8856000000,0,None,None,31867000000,17418000000,14.7,-20901000000,65.66,42.96
2025-12-28,FOX,4.45,16474000000.0,14.7,None,0.512,27.45,191000000,None,5415000000,5415000000,-1431000000,-242000000,None,None,21000000,None,None,None,0,None,None,0,0,0,None,19058000000,6468000000,None,None,None,169000000,0.55,0.0085,35000000,35000000,None,-0.258,0.42,5488000000,None,1.09,2017-06-30,14.66,18052000000,5890000000.0,0,5189000000,1272000000,8072000000,8072000000,None,0,None,3092000000,None,None,19058000000,None,None,1409000000,3917000000,None,None,0.263,1655000000,26379000000,0,3412000000,2328000000,None,None,None,None,None,None,None,1.079,2.361,1.87,None,None,None,None,None,0,None,0.123,None,2931000000,2025-10-30,annual,1.51,USD,pre-market,0,2389000000,0.0873,0.173,0.049,36.49,4129000000,None,19058000000,0,52.84,58.72,38.5321,54793000000,15376000000,8856000000,0,None,None,31867000000,17418000000,14.7,-20901000000,65.66,42.96
2025-12-28,FOX,4.45,16474000000.0,14.7,None,0.512,27.45,107000000,None,5415000000,5415000000,-913000000,-168000000,None,None,-252000000,None,None,None,0,None,None,0,0,0,None,19058000000,6468000000,None,None,None,170000000,0.55,0.0085,36000000,36000000,None,-0.258,0.42,5488000000,None,1.09,2016-06-30,14.66,18052000000,5890000000.0,0,5189000000,1272000000,8072000000,8072000000,None,0,None,3092000000,None,None,19058000000,None,None,1107000000,3917000000,None,None,0.263,1097000000,26379000000,0,3412000000,2328000000,None,None,None,None,None,None,None,1.079,2.361,1.87,None,None,None,None,None,0,None,0.123,None,2931000000,2025-10-30,annual,1.51,USD,pre-market,0,2389000000,0.0873,0.173,0.049,36.49,4129000000,None,19058000000,0,52.84,58.72,38.5321,54793000000,15376000000,8856000000,0,None,None,31867000000,17418000000,14.7,-20901000000,65.66,42.96
2025-12-28,FOX,4.45,16474000000.0,14.7,None,0.512,27.45,424000000,None,5415000000,5415000000,-7102000000,6736000000,None,None,-789000000,None,None,None,0,None,None,0,0,0,None,19058000000,6468000000,None,None,None,736000000,0.55,0.0085,878000000,878000000,None,-0.258,0.42,5488000000,None,1.09,2015-06-30,14.66,18052000000,5890000000.0,0,5189000000,1272000000,8072000000,8072000000,None,0,None,3092000000,None,None,19058000000,None,None,8306000000,3917000000,None,None,0.263,3568000000,26379000000,0,3412000000,2328000000,None,None,None,None,None,None,None,1.079,2.361,1.87,None,None,None,None,None,0,None,0.123,None,2931000000,2025-10-30,annual,1.51,USD,pre-market,0,2389000000,0.0873,0.173,0.049,36.49,4129000000,None,19058000000,0,52.84,58.72,38.5321,54793000000,15376000000,8856000000,0,None,None,31867000000,17418000000,14.7,-20901000000,65.66,42.96
2025-12-28,FOX,4.45,16474000000.0,14.7,None,0.512,27.45,678000000,None,5415000000,5415000000,-3776000000,-935000000,None,None,1057000000,None,None,None,0,None,None,0,0,0,None,19058000000,6468000000,None,None,None,0,0.55,0.0085,0,0,None,-0.258,0.42,5488000000,None,1.09,2014-06-30,14.66,18052000000,5890000000.0,0,5189000000,1272000000,8072000000,8072000000,None,0,None,3092000000,None,None,19058000000,None,None,0,3917000000,None,None,0.263,2964000000,26379000000,0,3412000000,2328000000,None,None,None,None,None,None,None,1.079,2.361,1.87,None,None,None,None,None,66000000,None,0.123,None,2931000000,2025-10-30,annual,1.51,USD,pre-market,0,2389000000,0.0873,0.173,0.049,36.49,4129000000,None,19058000000,0,52.84,58.72,38.5321,54793000000,15376000000,8856000000,0,None,None,31867000000,17418000000,14.7,-20901000000,65.66,42.96
