date,symbol,eps,revenue_ttm,pe_ratio,accumulateddepreciationamortizationppe,beta,book_value,capitalexpenditures,capitalleaseobligations,cashandcashequivalentsatcarryingvalue,cashandshortterminvestments,cashflowfromfinancing,cashflowfrominvestment,changeincashandcashequivalents,changeinexchangerate,changeininventory,changeinoperatingassets,changeinoperatingliabilities,changeinreceivables,commonstock,commonstocksharesoutstanding,comprehensiveincomenetoftax,costofgoodsandservicessold,costofrevenue,currentaccountspayable,currentdebt,currentlongtermdebt,currentnetreceivables,deferredrevenue,depreciation,depreciationandamortization,depreciationdepletionandamortization,dividend_per_share,dividend_yield,dividendpayout,dividendpayoutcommonstock,dividendpayoutpreferredstock,earnings_growth_yoy,earnings_surprise,ebit,ebitda,estimated_eps,fiscaldateending,forward_pe,goodwill,gross_profit_ttm,grossprofit,incomebeforetax,incometaxexpense,intangibleassets,intangibleassetsexcludinggoodwill,interestanddebtexpense,interestexpense,interestincome,inventory,investmentincomenet,investments,longtermdebt,longtermdebtnoncurrent,longterminvestments,netincome,netincomefromcontinuingoperations,netinterestincome,noninterestincome,operating_margin_ttm,operatingcashflow,operatingexpenses,operatingincome,othercurrentassets,othercurrentliabilities,othernoncurrentassets,othernoncurrentliabilities,othernonoperatingincome,paymentsforoperatingactivities,paymentsforrepurchaseofcommonstock,paymentsforrepurchaseofequity,paymentsforrepurchaseofpreferredstock,peg_ratio,price_to_book,price_to_sales_ttm,proceedsfromissuanceofcommonstock,proceedsfromissuanceoflongtermdebtandcapitalsecuritiesnet,proceedsfromissuanceofpreferredstock,proceedsfromoperatingactivities,proceedsfromrepaymentsofshorttermdebt,proceedsfromrepurchaseofequity,proceedsfromsaleoftreasurystock,profit_margin,profitloss,propertyplantequipment,report_date,report_type,reported_eps,reportedcurrency,reporttime,researchanddevelopment,retainedearnings,return_on_assets_ttm,return_on_equity_ttm,revenue_growth_yoy,revenue_per_share_ttm,sellinggeneralandadministrative,shortlongtermdebttotal,shorttermdebt,shortterminvestments,sma_200,sma_50,surprise_pct,totalassets,totalcurrentassets,totalcurrentliabilities,totalliabilities,totalnoncurrentassets,totalnoncurrentliabilities,totalrevenue,totalshareholderequity,trailing_pe,treasurystock,week_52_high,week_52_low
1996-03-31,FSS,,,,,,,,,,,,,,,,,,,,,,,,,,,,,,,,,,,,,,-0.01,,,0.27,,,,,,,,,,,,,,,,,,,,,,,,,,,,,,,,,,,,,,,,,,,,,,,,,1996-04-17,,0.26,,pre-market,,,,,,,,,,,,,-3.7037,,,,,,,,,,,,
1996-06-30,FSS,,,,,,,,,,,,,,,,,,,,,,,,,,,,,,,,,,,,,,0.0,,,0.35,,,,,,,,,,,,,,,,,,,,,,,,,,,,,,,,,,,,,,,,,,,,,,,,,1996-07-18,,0.35,,pre-market,,,,,,,,,,,,,0.0,,,,,,,,,,,,
1996-09-30,FSS,,,,,,,,,,,,,,,,,,,,,,,,,,,,,,,,,,,,,,0.0,,,0.35,,,,,,,,,,,,,,,,,,,,,,,,,,,,,,,,,,,,,,,,,,,,,,,,,1996-10-17,,0.35,,pre-market,,,,,,,,,,,,,0.0,,,,,,,,,,,,
1996-12-31,FSS,,,,,,,,,,,,,,,,,,,,,,,,,,,,,,,,,,,,,,0.0,,,0.34,,,,,,,,,,,,,,,,,,,,,,,,,,,,,,,,,,,,,,,,,,,,,,,,,1997-01-27,,0.34,,pre-market,,,,,,,,,,,,,0.0,,,,,,,,,,,,
1997-03-31,FSS,,,,,,,,,,,,,,,,,,,,,,,,,,,,,,,,,,,,,,0.0,,,0.3,,,,,,,,,,,,,,,,,,,,,,,,,,,,,,,,,,,,,,,,,,,,,,,,,1997-04-16,,0.3,,pre-market,,,,,,,,,,,,,0.0,,,,,,,,,,,,
1997-06-30,FSS,,,,,,,,,,,,,,,,,,,,,,,,,,,,,,,,,,,,,,0.0,,,0.35,,,,,,,,,,,,,,,,,,,,,,,,,,,,,,,,,,,,,,,,,,,,,,,,,1997-07-15,,0.35,,pre-market,,,,,,,,,,,,,0.0,,,,,,,,,,,,
1997-09-30,FSS,,,,,,,,,,,,,,,,,,,,,,,,,,,,,,,,,,,,,,0.0,,,0.35,,,,,,,,,,,,,,,,,,,,,,,,,,,,,,,,,,,,,,,,,,,,,,,,,1997-10-14,,0.35,,pre-market,,,,,,,,,,,,,0.0,,,,,,,,,,,,
1997-12-31,FSS,,,,,,,,,,,,,,,,,,,,,,,,,,,,,,,,,,,,,,0.0,,,0.29,,,,,,,,,,,,,,,,,,,,,,,,,,,,,,,,,,,,,,,,,,,,,,,,,1998-01-27,,0.29,,pre-market,,,,,,,,,,,,,0.0,,,,,,,,,,,,
1998-03-31,FSS,,,,,,,,,,,,,,,,,,,,,,,,,,,,,,,,,,,,,,-0.02,,,0.26,,,,,,,,,,,,,,,,,,,,,,,,,,,,,,,,,,,,,,,,,,,,,,,,,1998-04-15,,0.24,,pre-market,,,,,,,,,,,,,-7.6923,,,,,,,,,,,,
1998-06-30,FSS,,,,,,,,,,,,,,,,,,,,,,,,,,,,,,,,,,,,,,0.01,,,0.34,,,,,,,,,,,,,,,,,,,,,,,,,,,,,,,,,,,,,,,,,,,,,,,,,1998-07-16,,0.35,,pre-market,,,,,,,,,,,,,2.9412,,,,,,,,,,,,
1998-09-30,FSS,,,,,,,,,,,,,,,,,,,,,,,,,,,,,,,,,,,,,,-0.02,,,0.38,,,,,,,,,,,,,,,,,,,,,,,,,,,,,,,,,,,,,,,,,,,,,,,,,1998-10-15,,0.36,,pre-market,,,,,,,,,,,,,-5.2632,,,,,,,,,,,,
1998-12-31,FSS,,,,,,,,,,,,,,,,,,,,,,,,,,,,,,,,,,,,,,0.01,,,0.35,,,,,,,,,,,,,,,,,,,,,,,,,,,,,,,,,,,,,,,,,,,,,,,,,1999-01-27,,0.36,,pre-market,,,,,,,,,,,,,2.8571,,,,,,,,,,,,
1999-03-31,FSS,,,,,,,,,,,,,,,,,,,,,,,,,,,,,,,,,,,,,,0.0,,,0.29,,,,,,,,,,,,,,,,,,,,,,,,,,,,,,,,,,,,,,,,,,,,,,,,,1999-04-15,,0.29,,pre-market,,,,,,,,,,,,,0.0,,,,,,,,,,,,
1999-06-30,FSS,,,,,,,,,,,,,,,,,,,,,,,,,,,,,,,,,,,,,,0.0,,,0.3,,,,,,,,,,,,,,,,,,,,,,,,,,,,,,,,,,,,,,,,,,,,,,,,,1999-07-15,,0.3,,pre-market,,,,,,,,,,,,,0.0,,,,,,,,,,,,
1999-09-30,FSS,,,,,,,,,,,,,,,,,,,,,,,,,,,,,,,,,,,,,,0.0,,,0.3,,,,,,,,,,,,,,,,,,,,,,,,,,,,,,,,,,,,,,,,,,,,,,,,,1999-10-14,,0.3,,pre-market,,,,,,,,,,,,,0.0,,,,,,,,,,,,
1999-12-31,FSS,,,,,,,,,,,,,,,,,,,,,,,,,,,,,,,,,,,,,,0.01,,,0.36,,,,,,,,,,,,,,,,,,,,,,,,,,,,,,,,,,,,,,,,,,,,,,,,,2000-01-27,,0.37,,pre-market,,,,,,,,,,,,,2.7778,,,,,,,,,,,,
2000-03-31,FSS,,,,,,,,,,,,,,,,,,,,,,,,,,,,,,,,,,,,,,0.01,,,0.32,,,,,,,,,,,,,,,,,,,,,,,,,,,,,,,,,,,,,,,,,,,,,,,,,2000-04-17,,0.33,,pre-market,,,,,,,,,,,,,3.125,,,,,,,,,,,,
2000-06-30,FSS,,,,,,,,,,,,,,,,,,,,,,,,,,,,,,,,,,,,,,0.0,,,0.36,,,,,,,,,,,,,,,,,,,,,,,,,,,,,,,,,,,,,,,,,,,,,,,,,2000-07-19,,0.36,,pre-market,,,,,,,,,,,,,0.0,,,,,,,,,,,,
2000-09-30,FSS,,,,,,,,,,,,,,,,,,,,,,,,,,,,,,,,,,,,,,0.0,,,0.36,,,,,,,,,,,,,,,,,,,,,,,,,,,,,,,,,,,,,,,,,,,,,,,,,2000-10-16,,0.36,,pre-market,,,,,,,,,,,,,0.0,,,,,,,,,,,,
2000-12-31,FSS,,,,,,,,,,,,,,,,,,,,,,,,,,,,,,,,,,,,,,0.04,,,0.28,,,,,,,,,,,,,,,,,,,,,,,,,,,,,,,,,,,,,,,,,,,,,,,,,2001-01-25,,0.32,,pre-market,,,,,,,,,,,,,14.2857,,,,,,,,,,,,
2001-03-31,FSS,,,,,,,,,,,,,,,,,,,,,,,,,,,,,,,,,,,,,,-0.02,,,0.28,,,,,,,,,,,,,,,,,,,,,,,,,,,,,,,,,,,,,,,,,,,,,,,,,2001-04-17,,0.26,,pre-market,,,,,,,,,,,,,-7.1429,,,,,,,,,,,,
2001-06-30,FSS,,,,,,,,,,,,,,,,,,,,,,,,,,,,,,,,,,,,,,0.0,,,0.37,,,,,,,,,,,,,,,,,,,,,,,,,,,,,,,,,,,,,,,,,,,,,,,,,2001-07-18,,0.37,,pre-market,,,,,,,,,,,,,0.0,,,,,,,,,,,,
2001-09-30,FSS,,,,,,,,,,,,,,,,,,,,,,,,,,,,,,,,,,,,,,-0.01,,,0.21,,,,,,,,,,,,,,,,,,,,,,,,,,,,,,,,,,,,,,,,,,,,,,,,,2001-10-16,,0.2,,pre-market,,,,,,,,,,,,,-4.7619,,,,,,,,,,,,
2001-12-31,FSS,,,,,,,,,,,,,,,,,,,,,,,,,,,,,,,,,,,,,,0.0,,,0.26,,,,,,,,,,,,,,,,,,,,,,,,,,,,,,,,,,,,,,,,,,,,,,,,,2002-01-29,,0.26,,pre-market,,,,,,,,,,,,,0.0,,,,,,,,,,,,
2002-03-31,FSS,,,,,,,,,,,,,,,,,,,,,,,,,,,,,,,,,,,,,,0.0,,,0.22,,,,,,,,,,,,,,,,,,,,,,,,,,,,,,,,,,,,,,,,,,,,,,,,,2002-04-16,,0.22,,pre-market,,,,,,,,,,,,,0.0,,,,,,,,,,,,
2002-06-30,FSS,,,,,,,,,,,,,,,,,,,,,,,,,,,,,,,,,,,,,,0.0,,,0.24,,,,,,,,,,,,,,,,,,,,,,,,,,,,,,,,,,,,,,,,,,,,,,,,,2002-07-19,,0.24,,pre-market,,,,,,,,,,,,,0.0,,,,,,,,,,,,
2002-09-30,FSS,,,,,,,,,,,,,,,,,,,,,,,,,,,,,,,,,,,,,,-0.02,,,0.3,,,,,,,,,,,,,,,,,,,,,,,,,,,,,,,,,,,,,,,,,,,,,,,,,2002-10-22,,0.28,,pre-market,,,,,,,,,,,,,-6.6667,,,,,,,,,,,,
2002-12-31,FSS,,,,,,,,,,,,,,,,,,,,,,,,,,,,,,,,,,,,,,-0.01,,,0.29,,,,,,,,,,,,,,,,,,,,,,,,,,,,,,,,,,,,,,,,,,,,,,,,,2003-01-29,,0.28,,pre-market,,,,,,,,,,,,,-3.4483,,,,,,,,,,,,
2003-03-31,FSS,,,,,,,,,,,,,,,,,,,,,,,,,,,,,,,,,,,,,,0.01,,,0.13,,,,,,,,,,,,,,,,,,,,,,,,,,,,,,,,,,,,,,,,,,,,,,,,,2003-04-22,,0.14,,pre-market,,,,,,,,,,,,,7.6923,,,,,,,,,,,,
2003-06-30,FSS,,,,,,,,,,,,,,,,,,,,,,,,,,,,,,,,,,,,,,0.01,,,0.2,,,,,,,,,,,,,,,,,,,,,,,,,,,,,,,,,,,,,,,,,,,,,,,,,2003-07-22,,0.21,,pre-market,,,,,,,,,,,,,5.0,,,,,,,,,,,,
2003-09-30,FSS,,,,,,,,,,,,,,,,,,,,,,,,,,,,,,,,,,,,,,0.01,,,0.2,,,,,,,,,,,,,,,,,,,,,,,,,,,,,,,,,,,,,,,,,,,,,,,,,2003-10-22,,0.21,,pre-market,,,,,,,,,,,,,5.0,,,,,,,,,,,,
2003-12-31,FSS,,,,,,,,,,,,,,,,,,,,,,,,,,,,,,,,,,,,,,-0.01,,,0.25,,,,,,,,,,,,,,,,,,,,,,,,,,,,,,,,,,,,,,,,,,,,,,,,,2004-01-29,,0.24,,pre-market,,,,,,,,,,,,,-4.0,,,,,,,,,,,,
2004-03-31,FSS,,,,,,,,,,,,,,,,,,,,,,,,,,,,,,,,,,,,,,-0.12,,,0.17,,,,,,,,,,,,,,,,,,,,,,,,,,,,,,,,,,,,,,,,,,,,,,,,,2004-04-20,,0.05,,pre-market,,,,,,,,,,,,,-70.5882,,,,,,,,,,,,
2004-06-30,FSS,,,,,,,,,,,,,,,,,,,,,,,,,,,,,,,,,,,,,,-0.02,,,0.15,,,,,,,,,,,,,,,,,,,,,,,,,,,,,,,,,,,,,,,,,,,,,,,,,2004-07-27,,0.13,,pre-market,,,,,,,,,,,,,-13.3333,,,,,,,,,,,,
2004-09-30,FSS,,,,,,,,,,,,,,,,,,,,,,,,,,,,,,,,,,,,,,-0.18,,,0.13,,,,,,,,,,,,,,,,,,,,,,,,,,,,,,,,,,,,,,,,,,,,,,,,,2004-10-26,,-0.05,,pre-market,,,,,,,,,,,,,-138.4615,,,,,,,,,,,,
2004-12-31,FSS,,,,,,,,,,,,,,,,,,,,,,,,,,,,,,,,,,,,,,-0.14,,,0.07,,,,,,,,,,,,,,,,,,,,,,,,,,,,,,,,,,,,,,,,,,,,,,,,,2005-02-14,,-0.07,,pre-market,,,,,,,,,,,,,-200.0,,,,,,,,,,,,
2005-03-31,FSS,,,,,,,,,,,,,,,,,,,,,,,,,,,,,,,,,,,,,,-0.07,,,0.09,,,,,,,,,,,,,,,,,,,,,,,,,,,,,,,,,,,,,,,,,,,,,,,,,2005-05-06,,0.02,,pre-market,,,,,,,,,,,,,-77.7778,,,,,,,,,,,,
2005-06-30,FSS,,,,,,,,,,,,,,,,,,,,,,,,,,,,,,,,,,,,,,-0.04,,,0.12,,,,,,,,,,,,,,,,,,,,,,,,,,,,,,,,,,,,,,,,,,,,,,,,,2005-08-05,,0.08,,pre-market,,,,,,,,,,,,,-33.3333,,,,,,,,,,,,
2005-09-30,FSS,,,,,,,,,,,,,,,,,,,,,,,,,,,,,,,,,,,,,,-0.04,,,0.13,,,,,,,,,,,,,,,,,,,,,,,,,,,,,,,,,,,,,,,,,,,,,,,,,2005-10-28,,0.09,,pre-market,,,,,,,,,,,,,-30.7692,,,,,,,,,,,,
2005-12-31,FSS,,,,,,,,,,,,,,,,,,,,,,,,,,,,,,,,,,,,,,0.13,,,0.15,,,,,,,,,,,,,,,,,,,,,,,,,,,,,,,,,,,,,,,,,,,,,,,,,2006-02-21,,0.28,,pre-market,,,,,,,,,,,,,86.6667,,,,,,,,,,,,
2006-03-31,FSS,,,,,,,,,,,,,,,,,,,,,,,,,,,,,,,,,,,,,,-0.07,,,0.12,,,,,,,,,,,,,,,,,,,,,,,,,,,,,,,,,,,,,,,,,,,,,,,,,2006-04-27,,0.05,,pre-market,,,,,,,,,,,,,-58.3333,,,,,,,,,,,,
2006-06-30,FSS,,,,,,,,,,,,,,,,,,,,,,,,,,,,,,,,,,,,,,0.03,,,0.21,,,,,,,,,,,,,,,,,,,,,,,,,,,,,,,,,,,,,,,,,,,,,,,,,2006-07-28,,0.24,,pre-market,,,,,,,,,,,,,14.2857,,,,,,,,,,,,
2006-09-30,FSS,,,,,,,,,,,,,,,,,,,,,,,,,,,,,,,,,,,,,,-0.02,,,0.21,,,,,,,,,,,,,,,,,,,,,,,,,,,,,,,,,,,,,,,,,,,,,,,,,2006-10-27,,0.19,,pre-market,,,,,,,,,,,,,-9.5238,,,,,,,,,,,,
2006-12-31,FSS,,,,,,,,,,,,,,,,,,,,,,,,,,,,,,,,,,,,,,0.01,,,0.26,,,,,,,,,,,,,,,,,,,,,,,,,,,,,,,,,,,,,,,,,,,,,,,,,2007-02-22,,0.27,,pre-market,,,,,,,,,,,,,3.8462,,,,,,,,,,,,
2007-03-31,FSS,,,,,,,,,,,,,,,,,,,,,,,,,,,,,,,,,,,,,,-0.03,,,0.16,,,,,,,,,,,,,,,,,,,,,,,,,,,,,,,,,,,,,,,,,,,,,,,,,2007-04-26,,0.13,,pre-market,,,,,,,,,,,,,-18.75,,,,,,,,,,,,
2007-06-30,FSS,,,,,,,,,,,,,,,,,,,,,,,,,,,,,,,,,,,,,,-0.02,,,0.25,,,,,,,,,,,,,,,,,,,,,,,,,,,,,,,,,,,,,,,,,,,,,,,,,2007-07-26,,0.23,,pre-market,,,,,,,,,,,,,-8.0,,,,,,,,,,,,
2007-09-30,FSS,,,,,,,,,,,,,,,,,,,,,,,,,,,,,,,,,,,,,,-0.11,,,0.21,,,,,,,,,,,,,,,,,,,,,,,,,,,,,,,,,,,,,,,,,,,,,,,,,2007-10-25,,0.1,,pre-market,,,,,,,,,,,,,-52.381,,,,,,,,,,,,
2007-12-31,FSS,,,,,,,,,,,,,,,,,,,,,,,,,,,,,,,,,,,,,,0.03,,,0.14,,,,,,,,,,,,,,,,,,,,,,,,,,,,,,,,,,,,,,,,,,,,,,,,,2008-02-27,,0.17,,pre-market,,,,,,,,,,,,,21.4286,,,,,,,,,,,,
2008-03-31,FSS,,,,,,,,,,,,,,,,,,,,,,,,,,,,,,,,,,,,,,-0.01,,,0.1,,,,,,,,,,,,,,,,,,,,,,,,,,,,,,,,,,,,,,,,,,,,,,,,,2008-05-02,,0.09,,pre-market,,,,,,,,,,,,,-10.0,,,,,,,,,,,,
2008-06-30,FSS,,,,,,,,,,,,,,,,,,,,,,,,,,,,,,,,,,,,,,-0.01,,,0.18,,,,,,,,,,,,,,,,,,,,,,,,,,,,,,,,,,,,,,,,,,,,,,,,,2008-07-25,,0.17,,pre-market,,,,,,,,,,,,,-5.5556,,,,,,,,,,,,
2008-09-30,FSS,,,,,,,,,,,,,,,,,,,,,,,,,,,,,,,,,,,,,,0.07,,,0.24,,,,,,,,,,,,,,,,,,,,,,,,,,,,,,,,,,,,,,,,,,,,,,,,,2008-10-30,,0.31,,pre-market,,,,,,,,,,,,,29.1667,,,,,,,,,,,,
2008-12-31,FSS,,,,,,,,,,,,,,,,,,,,,,,,,,,,,,,,,,,,,,0.04,,,0.18,,,,,,,,,,,,,,,,,,,,,,,,,,,,,,,,,,,,,,,,,,,,,,,,,2009-02-26,,0.22,,pre-market,,,,,,,,,,,,,22.2222,,,,,,,,,,,,
2009-03-31,FSS,,,,,,,,,,,,,,,,,,,,,,,,,,,,,,,,,,,,,,0.03,,,-0.01,,,,,,,,,,,,,,,,,,,,,,,,,,,,,,,,,,,,,,,,,,,,,,,,,2009-05-01,,0.02,,pre-market,,,,,,,,,,,,,300.0,,,,,,,,,,,,
2009-06-30,FSS,,,,,,,,,,,,,,,,,,,,,,,,,,,,,,,,,,,,,,0.05,,,0.06,,,,,,,,,,,,,,,,,,,,,,,,,,,,,,,,,,,,,,,,,,,,,,,,,2009-07-30,,0.11,,pre-market,,,,,,,,,,,,,83.3333,,,,,,,,,,,,
2009-09-30,FSS,,,,,,,,,,,,,,,,,,,,,,,,,,,,,,,,,,,,,,-0.01,,,0.11,,,,,,,,,,,,,,,,,,,,,,,,,,,,,,,,,,,,,,,,,,,,,,,,,2009-11-03,,0.1,,pre-market,,,,,,,,,,,,,-9.0909,,,,,,,,,,,,
2009-12-31,FSS,,,,,,,,,,,,,,,,,,,,,,,,,,,,,,,,,,,,,,0.06,,,0.12,,,,,,,,,,,,,,,,,,,,,,,,,,,,,,,,,,,,,,,,,,,,,,,,,2010-02-23,,0.18,,pre-market,,,,,,,,,,,,,50.0,,,,,,,,,,,,
2010-03-31,FSS,,,,,,,,,,,,,,,,,,,,,,,,,,,,,,,,,,,,,,-0.16,,,0.1,,,,,,,,,,,,,,,,,,,,,,,,,,,,,,,,,,,,,,,,,,,,,,,,,2010-04-30,,-0.06,,pre-market,,,,,,,,,,,,,-160.0,,,,,,,,,,,,
2010-06-30,FSS,,,,,,,,,,,,,,,,,,,,,,,,,,,,,,,,,,,,,,-0.03,,,0.09,,,,,,,,,,,,,,,,,,,,,,,,,,,,,,,,,,,,,,,,,,,,,,,,,2010-07-30,,0.06,,pre-market,,,,,,,,,,,,,-33.3333,,,,,,,,,,,,
2010-09-30,FSS,,,,,,,,,,,,,,,,,,,,,,,,,,,,,,,,,,,,,,-0.01,,,0.06,,,,,,,,,,,,,,,,,,,,,,,,,,,,,,,,,,,,,,,,,,,,,,,,,2010-11-03,,0.05,,pre-market,,,,,,,,,,,,,-16.6667,,,,,,,,,,,,
2010-12-31,FSS,,,,,,,,,,,,,,,,,,,,,,,,,,,,,,,,,,,,,,-0.06,,,0.08,,,,,,,,,,,,,,,,,,,,,,,,,,,,,,,,,,,,,,,,,,,,,,,,,2011-03-16,,0.02,,pre-market,,,,,,,,,,,,,-75.0,,,,,,,,,,,,
2011-03-31,FSS,,,,,,,,,,,,,,,,,,,,,,,,,,,,,,,,,,,,,,0.0,,,-0.08,,,,,,,,,,,,,,,,,,,,,,,,,,,,,,,,,,,,,,,,,,,,,,,,,2011-04-28,,-0.08,,pre-market,,,,,,,,,,,,,0.0,,,,,,,,,,,,
2011-06-30,FSS,,,,,,,,,,,,,,,,,,,,,,,,,,,,,,,,,,,,,,0.0,,,0.08,,,,,,,,,,,,,,,,,,,,,,,,,,,,,,,,,,,,,,,,,,,,,,,,,2011-08-04,,0.08,,pre-market,,,,,,,,,,,,,0.0,,,,,,,,,,,,
2011-09-30,FSS,,,,,,,,,,,,,,,,,,,,,,,,,,,,,,,,,,,,,,-0.05,,,0.08,,,,,,,,,,,,,,,,,,,,,,,,,,,,,,,,,,,,,,,,,,,,,,,,,2011-11-01,,0.03,,pre-market,,,,,,,,,,,,,-62.5,,,,,,,,,,,,
2011-12-31,FSS,,,,,,,,,,,,,,,,,,,,,,,,,,,,,,,,,,,,,,-0.01,,,0.07,,,,,,,,,,,,,,,,,,,,,,,,,,,,,,,,,,,,,,,,,,,,,,,,,2012-03-14,,0.06,,pre-market,,,,,,,,,,,,,-14.2857,,,,,,,,,,,,
2012-03-31,FSS,,,,,,,,,,,,,,,,,,,,,,,,,,,,,,,,,,,,,,0.01,,,0.02,,,,,,,,,,,,,,,,,,,,,,,,,,,,,,,,,,,,,,,,,,,,,,,,,2012-05-04,,0.03,,pre-market,,,,,,,,,,,,,50.0,,,,,,,,,,,,
2012-06-30,FSS,,,,,,,,,,,,,,,,,,,,,,,,,,,,,,,,,,,,,,0.04,,,0.11,,,,,,,,,,,,,,,,,,,,,,,,,,,,,,,,,,,,,,,,,,,,,,,,,2012-08-03,,0.15,,pre-market,,,,,,,,,,,,,36.3636,,,,,,,,,,,,
2012-09-30,FSS,,,,,,,,,,,,,,,,,,,,,,,,,,,,,,,,,,,,,,0.02,,,0.07,,,,,,,,,,,,,,,,,,,,,,,,,,,,,,,,,,,,,,,,,,,,,,,,,2012-11-09,,0.09,,pre-market,,,,,,,,,,,,,28.5714,,,,,,,,,,,,
2012-12-31,FSS,,,,,,,,,,,,,,,,,,,,,,,,,,,,,,,,,,,,,,-0.02,,,0.11,,,,,,,,,,,,,,,,,,,,,,,,,,,,,,,,,,,,,,,,,,,,,,,,,2013-03-15,,0.09,,pre-market,,,,,,,,,,,,,-18.1818,,,,,,,,,,,,
2013-03-31,FSS,,,,,,,,,,,,,,,,,,,,,,,,,,,,,,,,,,,,,,0.02,,,0.1,,,,,,,,,,,,,,,,,,,,,,,,,,,,,,,,,,,,,,,,,,,,,,,,,2013-05-06,,0.12,,pre-market,,,,,,,,,,,,,20.0,,,,,,,,,,,,
2013-06-30,FSS,,,,,,,,,,,,,,,,,,,,,,,,,,,,,,,,,,,,,,0.09,,,0.14,,,,,,,,,,,,,,,,,,,,,,,,,,,,,,,,,,,,,,,,,,,,,,,,,2013-08-09,,0.23,,pre-market,,,,,,,,,,,,,64.2857,,,,,,,,,,,,
2013-09-30,FSS,,,,,,,,,,,,,,,,,,,,,,,,,,,,,,,,,,,,,,0.09,,,0.17,,,,,,,,,,,,,,,,,,,,,,,,,,,,,,,,,,,,,,,,,,,,,,,,,2013-11-06,,0.26,,pre-market,,,,,,,,,,,,,52.9412,,,,,,,,,,,,
2013-12-31,FSS,,,,,,,,,,,,,,,,,,,,,,,,,,,,,,,,,,,,,,0.09,,,0.25,,,,,,,,,,,,,,,,,,,,,,,,,,,,,,,,,,,,,,,,,,,,,,,,,2014-03-05,,0.34,,pre-market,,,,,,,,,,,,,36.0,,,,,,,,,,,,
2014-03-31,FSS,,,,,,,,,,,,,,,,,,,,,,,,,,,,,,,,,,,,,,-0.05,,,0.17,,,,,,,,,,,,,,,,,,,,,,,,,,,,,,,,,,,,,,,,,,,,,,,,,2014-05-01,,0.12,,pre-market,,,,,,,,,,,,,-29.4118,,,,,,,,,,,,
2014-06-30,FSS,,,,,,,,,,,,,,,,,,,,,,,,,,,,,,,,,,,,,,0.04,,,0.23,,,,,,,,,,,,,,,,,,,,,,,,,,,,,,,,,,,,,,,,,,,,,,,,,2014-07-29,,0.27,,pre-market,,,,,,,,,,,,,17.3913,,,,,,,,,,,,
2014-09-30,FSS,,,,,,,,,,,,,,,,,,,,,,,,,,,,,,,,,,,,,,0.04,,,0.2,,,,,,,,,,,,,,,,,,,,,,,,,,,,,,,,,,,,,,,,,,,,,,,,,2014-11-05,,0.24,,pre-market,,,,,,,,,,,,,20.0,,,,,,,,,,,,
2014-12-31,FSS,,,,,,,,,,,,,,,,,,,,,,,,,,,,,,,,,,,,,,0.02,,,0.28,,,,,,,,,,,,,,,,,,,,,,,,,,,,,,,,,,,,,,,,,,,,,,,,,2015-03-02,,0.3,,pre-market,,,,,,,,,,,,,7.1429,,,,,,,,,,,,
2015-03-31,FSS,,,,,,,,,,,,,,,,,,,,,,,,,,,,,,,,,,,,,,0.09,,,0.14,,,,,,,,,,,,,,,,,,,,,,,,,,,,,,,,,,,,,,,,,,,,,,,,,2015-04-30,,0.23,,pre-market,,,,,,,,,,,,,64.2857,,,,,,,,,,,,
2015-06-30,FSS,,,,,,,,,,,,,,,,,,,,,,,,,,,,,,,,,,,,,,0.03,,,0.26,,,,,,,,,,,,,,,,,,,,,,,,,,,,,,,,,,,,,,,,,,,,,,,,,2015-07-28,,0.29,,pre-market,,,,,,,,,,,,,11.5385,,,,,,,,,,,,
2015-09-30,FSS,,,,,,,,,,,,,,,,,,,,,,,,,,,,,,,,,,,,,,0.03,,,0.23,,,,,,,,,,,,,,,,,,,,,,,,,,,,,,,,,,,,,,,,,,,,,,,,,2015-11-03,,0.26,,pre-market,,,,,,,,,,,,,13.0435,,,,,,,,,,,,
2015-12-31,FSS,,,,,,,,,,,,,,,,,,,,,,,,,,,,,,,,,,,,,,0.01,,,0.24,,,,,,,,,,,,,,,,,,,,,,,,,,,,,,,,,,,,,,,,,,,,,,,,,2016-02-29,,0.25,,pre-market,,,,,,,,,,,,,4.1667,,,,,,,,,,,,
2016-03-31,FSS,,,,,,,,,,,,,,,,,,,,,,,,,,,,,,,,,,,,,,0.03,,,0.16,,,,,,,,,,,,,,,,,,,,,,,,,,,,,,,,,,,,,,,,,,,,,,,,,2016-05-03,,0.19,,pre-market,,,,,,,,,,,,,18.75,,,,,,,,,,,,
2016-06-30,FSS,,,,,,,,,,,,,,,,,,,,,,,,,,,,,,,,,,,,,,-0.02,,,0.19,,,,,,,,,,,,,,,,,,,,,,,,,,,,,,,,,,,,,,,,,,,,,,,,,2016-07-28,,0.17,,post-market,,,,,,,,,,,,,-10.5263,,,,,,,,,,,,
2016-09-30,FSS,,,,,,,,,,,,,,,,,,,,,,,,,,,,,,,,,,,,,,0.01,,,0.16,,,,,,,,,,,,,,,,,,,,,,,,,,,,,,,,,,,,,,,,,,,,,,,,,2016-11-01,,0.17,,pre-market,,,,,,,,,,,,,6.25,,,,,,,,,,,,
2016-12-31,FSS,,,,,,,,,,,,,,,,,,,,,,,,,,,,,,,,,,,,,,0.0,,,0.16,,,,,,,,,,,,,,,,,,,,,,,,,,,,,,,,,,,,,,,,,,,,,,,,,2017-02-28,,0.16,,pre-market,,,,,,,,,,,,,0.0,,,,,,,,,,,,
2017-03-31,FSS,,,,,,,,,,,,,,,,,,,,,,,,,,,,,,,,,,,,,,0.02,,,0.12,,,,,,,,,,,,,,,,,,,,,,,,,,,,,,,,,,,,,,,,,,,,,,,,,2017-04-27,,0.14,,pre-market,,,,,,,,,,,,,16.6667,,,,,,,,,,,,
2017-06-30,FSS,,,,,,,,,,,,,,,,,,,,,,,,,,,,,,,,,,,,,,0.03,,,0.2,,,,,,,,,,,,,,,,,,,,,,,,,,,,,,,,,,,,,,,,,,,,,,,,,2017-08-08,,0.23,,pre-market,,,,,,,,,,,,,15.0,,,,,,,,,,,,
2017-09-30,FSS,,,,,,,,,,,,,,,,,,,,,,,,,,,,,,,,,,,,,,0.03,,,0.21,,,,,,,,,,,,,,,,,,,,,,,,,,,,,,,,,,,,,,,,,,,,,,,,,2017-11-02,,0.24,,pre-market,,,,,,,,,,,,,14.2857,,,,,,,,,,,,
2017-12-31,FSS,,,,,,,,,,,,,,,,,,,,,,,,,,,,,,,,,,,,,,0.04,,,0.2,,,,,,,,,,,,,,,,,,,,,,,,,,,,,,,,,,,,,,,,,,,,,,,,,2018-02-28,,0.24,,pre-market,,,,,,,,,,,,,20.0,,,,,,,,,,,,
2018-03-31,FSS,,,,,,,,,,,,,,,,,,,,,,,,,,,,,,,,,,,,,,0.03,,,0.2,,,,,,,,,,,,,,,,,,,,,,,,,,,,,,,,,,,,,,,,,,,,,,,,,2018-05-08,,0.23,,pre-market,,,,,,,,,,,,,15.0,,,,,,,,,,,,
2018-06-30,FSS,,,,,,,,,,,,,,,,,,,,,,,,,,,,,,,,,,,,,,0.12,,,0.33,,,,,,,,,,,,,,,,,,,,,,,,,,,,,,,,,,,,,,,,,,,,,,,,,2018-08-07,,0.45,,pre-market,,,,,,,,,,,,,36.3636,,,,,,,,,,,,
2018-09-30,FSS,,,,,,,,,,,,,,,,,,,,,,,,,,,,,,,,,,,,,,0.04,,,0.32,,,,,,,,,,,,,,,,,,,,,,,,,,,,,,,,,,,,,,,,,,,,,,,,,2018-11-06,,0.36,,pre-market,,,,,,,,,,,,,12.5,,,,,,,,,,,,
2018-12-31,FSS,,,,,,,,,,,,,,,,,,,,,,,,,,,,,,,,,,,,,,0.08,,,0.31,,,,,,,,,,,,,,,,,,,,,,,,,,,,,,,,,,,,,,,,,,,,,,,,,2019-02-28,,0.39,,pre-market,,,,,,,,,,,,,25.8065,,,,,,,,,,,,
2019-03-31,FSS,,,,,,,,,,,,,,,,,,,,,,,,,,,,,,,,,,,,,,0.04,,,0.26,,,,,,,,,,,,,,,,,,,,,,,,,,,,,,,,,,,,,,,,,,,,,,,,,2019-05-02,,0.3,,pre-market,,,,,,,,,,,,,15.3846,,,,,,,,,,,,
2019-06-30,FSS,,,,,,,,,,,,,,,,,,,,,,,,,,,,,,,,,,,,,,0.09,,,0.46,,,,,,,,,,,,,,,,,,,,,,,,,,,,,,,,,,,,,,,,,,,,,,,,,2019-07-31,,0.55,,pre-market,,,,,,,,,,,,,19.5652,,,,,,,,,,,,
2019-09-30,FSS,,,,,,,,,,,,,,,,,,,,,,,,,,,,,,,,,,,,,,0.05,,,0.42,,,,,,,,,,,,,,,,,,,,,,,,,,,,,,,,,,,,,,,,,,,,,,,,,2019-10-31,,0.47,,pre-market,,,,,,,,,,,,,11.9048,,,,,,,,,,,,
2019-12-31,FSS,,,,,,,,,,,,,,,,,,,,,,,,,,,,,,,,,,,,,,0.06,,,0.42,,,,,,,,,,,,,,,,,,,,,,,,,,,,,,,,,,,,,,,,,,,,,,,,,2020-02-27,,0.48,,pre-market,,,,,,,,,,,,,14.2857,,,,,,,,,,,,
2020-03-31,FSS,,,,,,,,,,,,,,,,,,,,,,,,,,,,,,,,,,,,,,0.06,,,0.33,,,,,,,,,,,,,,,,,,,,,,,,,,,,,,,,,,,,,,,,,,,,,,,,,2020-04-29,,0.39,,pre-market,,,,,,,,,,,,,18.1818,,,,,,,,,,,,
2020-06-30,FSS,,,,,,,,,,,,,,,,,,,,,,,,,,,,,,,,,,,,,,0.11,,,0.31,,,,,,,,,,,,,,,,,,,,,,,,,,,,,,,,,,,,,,,,,,,,,,,,,2020-07-29,,0.42,,pre-market,,,,,,,,,,,,,35.4839,,,,,,,,,,,,
2020-09-30,FSS,,,,,,,,,,,,,,,,,,,,,,,,,,,,,,,,,,,,,,0.04,,,0.38,,,,,,,,,,,,,,,,,,,,,,,,,,,,,,,,,,,,,,,,,,,,,,,,,2020-10-29,,0.42,,pre-market,,,,,,,,,,,,,10.5263,,,,,,,,,,,,
2020-12-31,FSS,,,,,,,,,,,,,,,,,,,,,,,,,,,,,,,,,,,,,,0.03,,,0.41,,,,,,,,,,,,,,,,,,,,,,,,,,,,,,,,,,,,,,,,,,,,,,,,,2021-02-25,,0.44,,pre-market,,,,,,,,,,,,,7.3171,,,,,,,,,,,,
2021-03-31,FSS,,,,,,,,,,,,,,,,,,,,,,,,,,,,,,,,,,,,,,0.05,,,0.33,,,,,,,,,,,,,,,,,,,,,,,,,,,,,,,,,,,,,,,,,,,,,,,,,2021-05-04,,0.38,,pre-market,,,,,,,,,,,,,15.1515,,,,,,,,,,,,
2021-06-30,FSS,,,,,,,,,,,,,,,,,,,,,,,,,,,,,,,,,,,,,,0.05,,,0.45,,,,,,,,,,,,,,,,,,,,,,,,,,,,,,,,,,,,,,,,,,,,,,,,,2021-07-29,,0.5,,pre-market,,,,,,,,,,,,,11.1111,,,,,,,,,,,,
2021-09-30,FSS,,,,,,,,,,,,,,,,,,,,,,,,,,,,,,,,,,,,,,0.02,,,0.46,,,,,,,,,,,,,,,,,,,,,,,,,,,,,,,,,,,,,,,,,,,,,,,,,2021-11-09,,0.48,,pre-market,,,,,,,,,,,,,4.3478,,,,,,,,,,,,
2021-12-31,FSS,,,,,,,,,,,,,,,,,,,,,,,,,,,,,,,,,,,,,,0.02,,,0.38,,,,,,,,,,,,,,,,,,,,,,,,,,,,,,,,,,,,,,,,,,,,,,,,,2022-03-01,,0.4,,pre-market,,,,,,,,,,,,,5.2632,,,,,,,,,,,,
2022-03-31,FSS,,,,,,,,,,,,,,,,,,,,,,,,,,,,,,,,,,,,,,0.07,,,0.27,,,,,,,,,,,,,,,,,,,,,,,,,,,,,,,,,,,,,,,,,,,,,,,,,2022-05-02,,0.34,,post-market,,,,,,,,,,,,,25.9259,,,,,,,,,,,,
2022-06-30,FSS,,,,,,,,,,,,,,,,,,,,,,,,,,,,,,,,,,,,,,0.06,,,0.47,,,,,,,,,,,,,,,,,,,,,,,,,,,,,,,,,,,,,,,,,,,,,,,,,2022-07-27,,0.53,,pre-market,,,,,,,,,,,,,12.766,,,,,,,,,,,,
2022-09-30,FSS,,,,,,,,,,,,,,,,,,,,,,,,,,,,,,,,,,,,,,0.0,,,0.53,,,,,,,,,,,,,,,,,,,,,,,,,,,,,,,,,,,,,,,,,,,,,,,,,2022-11-03,,0.53,,pre-market,,,,,,,,,,,,,0.0,,,,,,,,,,,,
2022-12-31,FSS,,,,,,,,,,,,,,,,,,,,,,,,,,,,,,,,,,,,,,0.01,,,0.56,,,,,,,,,,,,,,,,,,,,,,,,,,,,,,,,,,,,,,,,,,,,,,,,,2023-03-01,,0.57,,pre-market,,,,,,,,,,,,,1.7857,,,,,,,,,,,,
2023-03-31,FSS,,,,,,,,,,,,,,,,,,,,,,,,,,,,,,,,,,,,,,0.06,,,0.4,,,,,,,,,,,,,,,,,,,,,,,,,,,,,,,,,,,,,,,,,,,,,,,,,2023-05-02,,0.46,,pre-market,,,,,,,,,,,,,15.0,,,,,,,,,,,,
2023-06-30,FSS,,,,,,,,,,,,,,,,,,,,,,,,,,,,,,,,,,,,,,0.05,,,0.62,,,,,,,,,,,,,,,,,,,,,,,,,,,,,,,,,,,,,,,,,,,,,,,,,2023-07-27,,0.67,,pre-market,,,,,,,,,,,,,8.0645,,,,,,,,,,,,
2023-09-30,FSS,,,,,,,,,,,,,,,,,,,,,,,,,,,,,,,,,,,,,,0.05,,,0.66,,,,,,,,,,,,,,,,,,,,,,,,,,,,,,,,,,,,,,,,,,,,,,,,,2023-11-02,,0.71,,pre-market,,,,,,,,,,,,,7.5758,,,,,,,,,,,,
2023-12-31,FSS,,,,,,,,,,,,,,,,,,,,,,,,,,,,,,,,,,,,,,0.08,,,0.66,,,,,,,,,,,,,,,,,,,,,,,,,,,,,,,,,,,,,,,,,,,,,,,,,2024-02-27,,0.74,,pre-market,,,,,,,,,,,,,12.1212,,,,,,,,,,,,
2024-03-31,FSS,,,,,,,,,,,,,,,,,,,,,,,,,,,,,,,,,,,,,,0.07,,,0.57,,,,,,,,,,,,,,,,,,,,,,,,,,,,,,,,,,,,,,,,,,,,,,,,,2024-04-30,,0.64,,pre-market,,,,,,,,,,,,,12.2807,,,,,,,,,,,,
2024-06-30,FSS,,,,,,,,,,,,,,,,,,,,,,,,,,,,,,,,,,,,,,0.11,,,0.84,,,,,,,,,,,,,,,,,,,,,,,,,,,,,,,,,,,,,,,,,,,,,,,,,2024-07-25,,0.95,,pre-market,,,,,,,,,,,,,13.0952,,,,,,,,,,,,
2024-09-30,FSS,,,,,,,,,,,,,,,,,,,,,,,,,,,,,,,,,,,,,,0.04,,,0.84,,,,,,,,,,,,,,,,,,,,,,,,,,,,,,,,,,,,,,,,,,,,,,,,,2024-10-31,,0.88,,pre-market,,,,,,,,,,,,,4.7619,,,,,,,,,,,,
2024-12-31,FSS,,,,,,,,,,,,,,,,,,,,,,,,,,,,,,,,,,,,,,-0.0014,,,0.8714,,,,,,,,,,,,,,,,,,,,,,,,,,,,,,,,,,,,,,,,,,,,,,,,,2025-02-25,,0.87,,pre-market,,,,,,,,,,,,,-0.1607,,,,,,,,,,,,
2025-03-31,FSS,,,,,,,,,,,,,,,,,,,,,,,,,,,,,,,,,,,,,,0.0286,,,0.7314,,,,,,,,,,,,,,,,,,,,,,,,,,,,,,,,,,,,,,,,,,,,,,,,,2025-04-28,,0.76,,pre-market,,,,,,,,,,,,,3.9103,,,,,,,,,,,,
2025-06-30,FSS,,,,,,,,,,,,,,,,,,,,,,,,,,,,,,,,,,,,,,0.11,,,1.06,,,,,,,,,,,,,,,,,,,,,,,,,,,,,,,,,,,,,,,,,,,,,,,,,2025-07-23,,1.17,,pre-market,,,,,,,,,,,,,10.3774,,,,,,,,,,,,
2025-09-30,FSS,,,,,,,,,,,,,,,,,,,,,,,,,,,,,,,,,,,,,,0.06,,,1.08,,,,,,,,,,,,,,,,,,,,,,,,,,,,,,,,,,,,,,,,,,,,,,,,,2025-10-30,,1.14,,pre-market,,,,,,,,,,,,,5.5556,,,,,,,,,,,,
2025-12-28,FSS,3.82,2055400000.0,29.7,,1.344,21.74,,,,,,,,,,,,,,,,,,,,,,,,,,0.54,0.0047,,,,0.276,0.06,,,1.08,,25.19,,594500000.0,,,,,,,,,,,,,,,,,,,0.171,,,,,,,,,,,,,2.354,5.25,3.356,,,,,,,,0.115,,,2025-10-30,,1.14,,pre-market,,,0.112,0.191,0.17,33.83,,,,,105.84,114.04,5.5556,,,,,,,,,29.7,,132.72,66.21
2025-12-28,FSS,3.82,2055400000.0,29.7,,1.344,21.74,,,,,,,,,,,,,,,None,398000000,398000000,,,,,,None,20300000,,0.54,0.0047,,,,0.276,0.06,93300000,113600000,1.08,2025-09-30,25.19,,594500000.0,157000000,90500000,22400000,,,None,2800000,2800000,,None,,,,,68100000,68100000,-2800000,None,0.171,,61400000,95600000,,,,,None,,,,,2.354,5.25,3.356,,,,,,,,0.115,,,2025-10-30,quarterly,1.14,USD,pre-market,None,,0.112,0.191,0.17,33.83,61400000,,,,105.84,114.04,5.5556,,,,,,,555000000,,29.7,,132.72,66.21
2025-12-28,FSS,3.82,2055400000.0,29.7,,1.344,21.74,,,,,,,,,,,,,,,None,395000000,395000000,,,,,,None,19900000,,0.54,0.0047,,,,0.276,0.06,96900000,116800000,1.08,2025-06-30,25.19,,594500000.0,169600000,93400000,22000000,,,None,3500000,3500000,,None,,,,,71400000,71400000,-3500000,None,0.171,,71900000,97700000,,,,,None,,,,,2.354,5.25,3.356,,,,,,,,0.115,,,2025-10-30,quarterly,1.14,USD,pre-market,None,,0.112,0.191,0.17,33.83,66900000,,,,105.84,114.04,5.5556,,,,,,,564600000,,29.7,,132.72,66.21
2025-12-28,FSS,3.82,2055400000.0,29.7,,1.344,21.74,,,,,,,,,,,,,,,None,333000000,333000000,,,,,,None,18700000,,0.54,0.0047,,,,0.276,0.06,65000000,83700000,1.08,2025-03-31,25.19,,594500000.0,130800000,62000000,15700000,,,None,3000000,3000000,,None,,,,,46300000,46300000,-3000000,None,0.171,,65100000,65700000,,,,,None,,,,,2.354,5.25,3.356,,,,,,,,0.115,,,2025-10-30,quarterly,1.14,USD,pre-market,None,,0.112,0.191,0.17,33.83,60200000,,,,105.84,114.04,5.5556,,,,,,,463800000,,29.7,,132.72,66.21
2025-12-28,FSS,3.82,2055400000.0,29.7,,1.344,21.74,,,,,,,,,,,,,,,None,339400000,339400000,,,,,,None,17600000,,0.54,0.0047,,,,0.276,0.06,66000000,83600000,1.08,2024-12-31,25.19,,594500000.0,132600000,62900000,12900000,,,None,3100000,3100000,,None,,,,,50000000,50000000,-3100000,None,0.171,,62500000,70100000,,,,,None,,,,,2.354,5.25,3.356,,,,,,,,0.115,,,2025-10-30,quarterly,1.14,USD,pre-market,None,,0.112,0.191,0.17,33.83,62200000,,,,105.84,114.04,5.5556,,,,,,,472000000,,29.7,,132.72,66.21
2025-12-28,FSS,3.82,2055400000.0,29.7,,1.344,21.74,,,,,,,,,,,,,,,None,333800000,333800000,,,,,,None,16500000,,0.54,0.0047,,,,0.276,0.06,75600000,92100000,1.08,2024-09-30,25.19,,594500000.0,140400000,72600000,18700000,,,None,3000000,3000000,,None,,,,,53900000,53900000,-3000000,None,0.171,,64500000,75900000,,,,,None,,,,,2.354,5.25,3.356,,,,,,,,0.115,,,2025-10-30,quarterly,1.14,USD,pre-market,None,,0.112,0.191,0.17,33.83,60100000,,,,105.84,114.04,5.5556,,,,,,,474200000,,29.7,,132.72,66.21
2025-12-28,FSS,3.82,2055400000.0,29.7,,1.344,21.74,,,,,,,,,,,,,,,None,346400000,346400000,,,,,,None,15800000,,0.54,0.0047,,,,0.276,0.06,80700000,96500000,1.08,2024-06-30,25.19,,594500000.0,144000000,77500000,16700000,,,None,3200000,None,,None,,,,,60800000,60800000,-3200000,None,0.171,,62900000,81100000,,,,,None,,,,,2.354,5.25,3.356,,,,,,,,0.115,,,2025-10-30,quarterly,1.14,USD,pre-market,None,,0.112,0.191,0.17,33.83,58300000,,,,105.84,114.04,5.5556,,,,,,,490400000,,29.7,,132.72,66.21
2025-12-28,FSS,3.82,2055400000.0,29.7,,1.344,21.74,,,,,,,,,,,,,,,None,308900000,308900000,,,,,,None,15400000,,0.54,0.0047,,,,0.276,0.06,54100000,69500000,1.08,2024-03-31,25.19,,594500000.0,116000000,50900000,-700000,,,None,3200000,None,,None,,,,,51600000,51600000,-3200000,None,0.171,,61700000,54300000,,,,,None,,,,,2.354,5.25,3.356,,,,,,,,0.115,,,2025-10-30,quarterly,1.14,USD,pre-market,None,,0.112,0.191,0.17,33.83,57200000,,,,105.84,114.04,5.5556,,,,,,,424900000,,29.7,,132.72,66.21
2025-12-28,FSS,3.82,2055400000.0,29.7,,1.344,21.74,,,,,,,,,,,,,,,None,329000000,329000000,,,,,,None,15300000,,0.54,0.0047,,,,0.276,0.06,62800000,78100000,1.08,2023-12-31,25.19,,594500000.0,119400000,58500000,12100000,,,None,4300000,None,,None,,,,,46400000,46400000,-4300000,None,0.171,,56300000,63100000,,,,,None,,,,,2.354,5.25,3.356,,,,,,,,0.115,,,2025-10-30,quarterly,1.14,USD,pre-market,12400000,,0.112,0.191,0.17,33.83,54100000,,,,105.84,114.04,5.5556,,,,,,,448400000,,29.7,,132.72,66.21
2025-12-28,FSS,3.82,2055400000.0,29.7,,1.344,21.74,,,,,,,,,,,,,,,None,328700000,328700000,,,,,,None,15300000,,0.54,0.0047,,,,0.276,0.06,62200000,77500000,1.08,2023-09-30,25.19,,594500000.0,117700000,57100000,13800000,,,None,5100000,5100000,,None,,,,,43300000,43300000,-5100000,None,0.171,,55200000,62500000,,,,,None,,,,,2.354,5.25,3.356,,,,,,,,0.115,,,2025-10-30,quarterly,1.14,USD,pre-market,None,,0.112,0.191,0.17,33.83,50600000,,,,105.84,114.04,5.5556,,,,,,,446400000,,29.7,,132.72,66.21
2025-12-28,FSS,3.82,2055400000.0,29.7,,1.344,21.74,,,,,,,,,,,,,,,None,325100000,325100000,,,,,,None,15500000,,0.54,0.0047,,,,0.276,0.06,58300000,73800000,1.08,2023-06-30,25.19,,594500000.0,117300000,52700000,12400000,,,None,5600000,5600000,,None,,,,,40300000,40300000,-5600000,None,0.171,,57900000,59400000,,,,,-1100000,,,,,2.354,5.25,3.356,,,,,,,,0.115,,,2025-10-30,quarterly,1.14,USD,pre-market,None,,0.112,0.191,0.17,33.83,53400000,,,,105.84,114.04,5.5556,,,,,,,442400000,,29.7,,132.72,66.21
2025-12-28,FSS,3.82,2055400000.0,29.7,,1.344,21.74,,,,,,,,,,,,,,,None,289700000,289700000,,,,,,None,14300000,,0.54,0.0047,,,,0.276,0.06,39400000,53700000,1.08,2023-03-31,25.19,,594500000.0,95800000,34700000,7300000,,,None,4700000,4700000,,None,,,,,27400000,27400000,-4700000,None,0.171,,56300000,39500000,,,,,-100000,,,,,2.354,5.25,3.356,,,,,,,,0.115,,,2025-10-30,quarterly,1.14,USD,pre-market,None,,0.112,0.191,0.17,33.83,52000000,,,,105.84,114.04,5.5556,,,,,,,385500000,,29.7,,132.72,66.21
2025-12-28,FSS,3.82,2055400000.0,29.7,,1.344,21.74,,,,,,,,,,,,,,,None,294900000,294900000,,,,,,None,14000000,,0.54,0.0047,,,,0.276,0.06,46400000,60400000,1.08,2022-12-31,25.19,,594500000.0,96600000,42000000,7400000,,,None,4400000,4400000,,None,,,,,34600000,34600000,-4500000,None,0.171,,50000000,46600000,,,,,None,,,,,2.354,5.25,3.356,,,,,,,,0.115,,,2025-10-30,quarterly,1.14,USD,pre-market,11500000,,0.112,0.191,0.17,33.83,46200000,,,,105.84,114.04,5.5556,,,,,,,391500000,,29.7,,132.72,66.21
2025-12-28,FSS,3.82,2055400000.0,29.7,,1.344,21.74,,,,,,,,,,,,,,,None,263600000,263600000,,,,,,None,13600000,,0.54,0.0047,,,,0.276,0.06,39400000,53000000,1.08,2022-09-30,25.19,,594500000.0,82800000,36700000,4900000,,,None,2700000,2700000,,None,,,,,31800000,31800000,-2700000,None,0.171,,43300000,39500000,,,,,-100000,,,,,2.354,5.25,3.356,,,,,,,,0.115,,,2025-10-30,quarterly,1.14,USD,pre-market,None,,0.112,0.191,0.17,33.83,39800000,,,,105.84,114.04,5.5556,,,,,,,346400000,,29.7,,132.72,66.21
2025-12-28,FSS,3.82,2055400000.0,29.7,,1.344,21.74,,,,,,,,,,,,,,,None,276900000,276900000,,,,,,None,13700000,,0.54,0.0047,,,,0.276,0.06,46500000,60200000,1.08,2022-06-30,25.19,,594500000.0,89800000,44600000,11100000,,,None,1900000,1900000,,None,,,,,33500000,33500000,-1900000,None,0.171,,43600000,46200000,,,,,300000,,,,,2.354,5.25,3.356,,,,,,,,0.115,,,2025-10-30,quarterly,1.14,USD,pre-market,None,,0.112,0.191,0.17,33.83,42100000,,,,105.84,114.04,5.5556,,,,,,,366700000,,29.7,,132.72,66.21
2025-12-28,FSS,3.82,2055400000.0,29.7,,1.344,21.74,,,,,,,,,,,,,,,None,254500000,254500000,,,,,,None,13400000,,0.54,0.0047,,,,0.276,0.06,28900000,42300000,1.08,2022-03-31,25.19,,594500000.0,75700000,27600000,7100000,,,None,1300000,1300000,,None,,,,,20500000,20500000,-1300000,None,0.171,,47200000,28500000,,,,,400000,,,,,2.354,5.25,3.356,,,,,,,,0.115,,,2025-10-30,quarterly,1.14,USD,pre-market,None,,0.112,0.191,0.17,33.83,43600000,,,,105.84,114.04,5.5556,,,,,,,330200000,,29.7,,132.72,66.21
2025-12-28,FSS,3.82,2055400000.0,29.7,,1.344,21.74,,,,,,,,,,,,,,,None,234000000,234000000,,,,,,None,12900000,,0.54,0.0047,,,,0.276,0.06,20400000,33300000,1.08,2021-12-31,25.19,,594500000.0,67400000,19200000,-300000,,,None,1200000,1200000,,None,,,,,19500000,19500000,-1200000,None,0.171,,37300000,30100000,,,,,600000,,,,,2.354,5.25,3.356,,,,,,,,0.115,,,2025-10-30,quarterly,1.14,USD,pre-market,11400000,,0.112,0.191,0.17,33.83,37600000,,,,105.84,114.04,5.5556,,,,,,,301400000,,29.7,,132.72,66.21
2025-12-28,FSS,3.82,2055400000.0,29.7,,1.344,21.74,,,,,,,,,,,,,,,None,227400000,227400000,,,,,,None,12700000,,0.54,0.0047,,,,0.276,0.06,34600000,47300000,1.08,2021-09-30,25.19,,594500000.0,70900000,33500000,4300000,,,None,1100000,1100000,,None,,,,,29200000,29200000,-1100000,None,0.171,,36600000,34300000,,,,,300000,,,,,2.354,5.25,3.356,,,,,,,,0.115,,,2025-10-30,quarterly,1.14,USD,pre-market,None,,0.112,0.191,0.17,33.83,36200000,,,,105.84,114.04,5.5556,,,,,,,298300000,,29.7,,132.72,66.21
2025-12-28,FSS,3.82,2055400000.0,29.7,,1.344,21.74,,,,,,,,,,,,,,,None,253100000,253100000,,,,,,None,12600000,,0.54,0.0047,,,,0.276,0.06,38800000,51400000,1.08,2021-06-30,25.19,,594500000.0,81600000,37700000,8000000,,,None,1100000,1100000,,None,,,,,29700000,29700000,-1100000,None,0.171,,43100000,38500000,,,,,300000,,,,,2.354,5.25,3.356,,,,,,,,0.115,,,2025-10-30,quarterly,1.14,USD,pre-market,None,,0.112,0.191,0.17,33.83,42800000,,,,105.84,114.04,5.5556,,,,,,,334700000,,29.7,,132.72,66.21
2025-12-28,FSS,3.82,2055400000.0,29.7,,1.344,21.74,,,,,,,,,,,,,,,None,210000000,210000000,,,,,,None,12200000,,0.54,0.0047,,,,0.276,0.06,28300000,40500000,1.08,2021-03-31,25.19,,594500000.0,68800000,27200000,5000000,,,None,1100000,1100000,,None,,,,,22200000,22200000,-1100000,None,0.171,,41000000,27800000,,,,,500000,,,,,2.354,5.25,3.356,,,,,,,,0.115,,,2025-10-30,quarterly,1.14,USD,pre-market,None,,0.112,0.191,0.17,33.83,40800000,,,,105.84,114.04,5.5556,,,,,,,278800000,,29.7,,132.72,66.21
2025-12-28,FSS,3.82,2055400000.0,29.7,,1.344,21.74,,,,,,,,,,,,,,,None,218900000,218900000,,,,,,None,11700000,,0.54,0.0047,,,,0.276,0.06,34800000,46500000,1.08,2020-12-31,25.19,,594500000.0,75900000,33600000,7600000,,,None,1200000,1200000,,None,,,,,26100000,26000000,-1200000,None,0.171,,42100000,33800000,,,,,1000000,,,,,2.354,5.25,3.356,,,,,,,,0.115,,,2025-10-30,quarterly,1.14,USD,pre-market,None,,0.112,0.191,0.17,33.83,40800000,,,,105.84,114.04,5.5556,,,,,,,294800000,,29.7,,132.72,66.21
2025-12-28,FSS,3.82,2055400000.0,29.7,,1.344,21.74,,,,,,,,,,,,,,,None,207200000,207200000,,,,,,None,11200000,,0.54,0.0047,,,,0.276,0.06,34100000,45300000,1.08,2020-09-30,25.19,,594500000.0,72600000,32900000,7600000,,,None,1200000,1200000,,None,,,,,25300000,25300000,-1200000,None,0.171,,38600000,34000000,,,,,100000,,,,,2.354,5.25,3.356,,,,,,,,0.115,,,2025-10-30,quarterly,1.14,USD,pre-market,None,,0.112,0.191,0.17,33.83,38400000,,,,105.84,114.04,5.5556,,,,,,,279800000,,29.7,,132.72,66.21
2025-12-28,FSS,3.82,2055400000.0,29.7,,1.344,21.74,,,,,,,,,,,,,,,None,199800000,199800000,,,,,,None,11100000,,0.54,0.0047,,,,0.276,0.06,29300000,40400000,1.08,2020-06-30,25.19,,594500000.0,70300000,27500000,6100000,,,None,1800000,1800000,,None,,,,,21400000,21400000,-1800000,None,0.171,,39000000,31300000,,,,,-2000000,,,,,2.354,5.25,3.356,,,,,,,,0.115,,,2025-10-30,quarterly,1.14,USD,pre-market,None,,0.112,0.191,0.17,33.83,37400000,,,,105.84,114.04,5.5556,,,,,,,270100000,,29.7,,132.72,66.21
2025-12-28,FSS,3.82,2055400000.0,29.7,,1.344,21.74,,,,,,,,,,,,,,,None,211300000,211300000,,,,,,None,10800000,,0.54,0.0047,,,,0.276,0.06,32100000,42900000,1.08,2020-03-31,25.19,,594500000.0,74800000,30600000,7200000,,,None,1500000,1500000,,None,,,,,23400000,23400000,-1500000,None,0.171,,42500000,32300000,,,,,-200000,,,,,2.354,5.25,3.356,,,,,,,,0.115,,,2025-10-30,quarterly,1.14,USD,pre-market,None,,0.112,0.191,0.17,33.83,42200000,,,,105.84,114.04,5.5556,,,,,,,286100000,,29.7,,132.72,66.21
2025-12-28,FSS,3.82,2055400000.0,29.7,,1.344,21.74,,,,,,,,,,,,,,,None,232900000,232900000,,,,,,None,11400000,,0.54,0.0047,,,,0.276,0.06,36300000,47700000,1.08,2019-12-31,25.19,,594500000.0,81500000,34600000,4800000,,,None,1800000,1800000,,None,,,,,29800000,29700000,-1800000,None,0.171,,45100000,36400000,,,,,-100000,,,,,2.354,5.25,3.356,,,,,,,,0.115,,,2025-10-30,quarterly,1.14,USD,pre-market,None,,0.112,0.191,0.17,33.83,44500000,,,,105.84,114.04,5.5556,,,,,,,314400000,,29.7,,132.72,66.21
2025-12-28,FSS,3.82,2055400000.0,29.7,,1.344,21.74,,,,,,,,,,,,,,,None,226800000,226800000,,,,,,None,10800000,,0.54,0.0047,,,,0.276,0.06,38400000,49200000,1.08,2019-09-30,25.19,,594500000.0,82000000,36300000,7900000,,,None,2100000,2100000,,None,,,,,28400000,28400000,-2100000,None,0.171,,43400000,38600000,,,,,-200000,,,,,2.354,5.25,3.356,,,,,,,,0.115,,,2025-10-30,quarterly,1.14,USD,pre-market,None,,0.112,0.191,0.17,33.83,43000000,,,,105.84,114.04,5.5556,,,,,,,308800000,,29.7,,132.72,66.21
2025-12-28,FSS,3.82,2055400000.0,29.7,,1.344,21.74,,,,,,,,,,,,,,,None,235300000,235300000,,,,,,None,9800000,,0.54,0.0047,,,,0.276,0.06,46400000,56200000,1.08,2019-06-30,25.19,,594500000.0,89000000,44400000,11600000,,,None,2000000,2000000,,None,,,,,32800000,32800000,-2000000,None,0.171,,42700000,46300000,,,,,100000,,,,,2.354,5.25,3.356,,,,,,,,0.115,,,2025-10-30,quarterly,1.14,USD,pre-market,None,,0.112,0.191,0.17,33.83,41800000,,,,105.84,114.04,5.5556,,,,,,,324300000,,29.7,,132.72,66.21
2025-12-28,FSS,3.82,2055400000.0,29.7,,1.344,21.74,,,,,,,,,,,,,,,None,203500000,203500000,,,,,,None,9500000,,0.54,0.0047,,,,0.276,0.06,25400000,34900000,1.08,2019-03-31,25.19,,594500000.0,70300000,23400000,5900000,,,None,2000000,2000000,,None,,,,,17500000,17500000,-2000000,None,0.171,,44500000,25800000,,,,,-400000,,,,,2.354,5.25,3.356,,,,,,,,0.115,,,2025-10-30,quarterly,1.14,USD,pre-market,None,,0.112,0.191,0.17,33.83,43900000,,,,105.84,114.04,5.5556,,,,,,,273800000,,29.7,,132.72,66.21
2025-12-28,FSS,3.82,2055400000.0,29.7,,1.344,21.74,,,,,,,,,,,,,,,None,207400000,207400000,,,,,,None,9400000,,0.54,0.0047,,,,0.276,0.06,33300000,42700000,1.08,2018-12-31,25.19,,594500000.0,72000000,31200000,-1000000,,,None,2100000,None,,None,,,,,32500000,32200000,None,None,0.171,,38600000,33400000,,,,,-100000,,,,,2.354,5.25,3.356,,,,,,,,0.115,,,2025-10-30,quarterly,1.14,USD,pre-market,0,,0.112,0.191,0.17,33.83,82500000,,,,105.84,114.04,5.5556,,,,,,,279400000,,29.7,,132.72,66.21
2025-12-28,FSS,3.82,2055400000.0,29.7,,1.344,21.74,,,,,,,,,,,,,,,None,200400000,200400000,,,,,,None,9400000,,0.54,0.0047,,,,0.276,0.06,30400000,39800000,1.08,2018-09-30,25.19,,594500000.0,69000000,28200000,6500000,,,None,2200000,None,,None,,,,,21700000,21700000,None,None,0.171,,38600000,30400000,,,,,None,,,,,2.354,5.25,3.356,,,,,,,,0.115,,,2025-10-30,quarterly,1.14,USD,pre-market,0,,0.112,0.191,0.17,33.83,38200000,,,,105.84,114.04,5.5556,,,,,,,269400000,,29.7,,132.72,66.21
2025-12-28,FSS,3.82,2055400000.0,29.7,,1.344,21.74,,,,,,,,,,,,,,,None,211800000,211800000,,,,,,None,9000000,,0.54,0.0047,,,,0.276,0.06,37700000,46700000,1.08,2018-06-30,25.19,,594500000.0,79200000,35200000,8300000,,,None,2500000,None,,None,,,,,26900000,26900000,None,None,0.171,,41100000,38100000,,,,,-400000,,,,,2.354,5.25,3.356,,,,,,,,0.115,,,2025-10-30,quarterly,1.14,USD,pre-market,0,,0.112,0.191,0.17,33.83,40700000,,,,105.84,114.04,5.5556,,,,,,,291000000,,29.7,,132.72,66.21
2025-12-28,FSS,3.82,2055400000.0,29.7,,1.344,21.74,,,,,,,,,,,,,,,None,187800000,187800000,,,,,,None,8600000,,0.54,0.0047,,,,0.276,0.06,19500000,28100000,1.08,2018-03-31,25.19,,594500000.0,61900000,17000000,4100000,,,None,2500000,None,,None,,,,,12900000,12900000,None,None,0.171,,42300000,19600000,,,,,-100000,,,,,2.354,5.25,3.356,,,,,,,,0.115,,,2025-10-30,quarterly,1.14,USD,pre-market,0,,0.112,0.191,0.17,33.83,41800000,,,,105.84,114.04,5.5556,,,,,,,249700000,,29.7,,132.72,66.21
2025-12-28,FSS,3.82,2055400000.0,29.7,,1.344,21.74,,,,,,,,,,,,,,,None,186000000,186000000,,,,,,None,8700000,,0.54,0.0047,,,,0.276,0.06,15100000,23800000,1.08,2017-12-31,25.19,,594500000.0,61600000,12400000,-16900000,,,None,2700000,None,,None,,,,,30400000,29300000,None,None,0.171,,46700000,14900000,,,,,200000,,,,,2.354,5.25,3.356,,,,,,,,0.115,,,2025-10-30,quarterly,1.14,USD,pre-market,13000000,,0.112,0.191,0.17,33.83,46100000,,,,105.84,114.04,5.5556,,,,,,,247600000,,29.7,,132.72,66.21
2025-12-28,FSS,3.82,2055400000.0,29.7,,1.344,21.74,,,,,,,,,,,,,,,None,187400000,187400000,,,,,,None,9000000,,0.54,0.0047,,,,0.276,0.06,22700000,31700000,1.08,2017-09-30,25.19,,594500000.0,61300000,20000000,7500000,,,None,2700000,None,,None,,,,,12500000,12500000,None,None,0.171,,39000000,22300000,,,,,500000,,,,,2.354,5.25,3.356,,,,,,,,0.115,,,2025-10-30,quarterly,1.14,USD,pre-market,0,,0.112,0.191,0.17,33.83,38300000,,,,105.84,114.04,5.5556,,,,,,,248700000,,29.7,,132.72,66.21
2025-12-28,FSS,3.82,2055400000.0,29.7,,1.344,21.74,,,,,,,,,,,,,,,None,169700000,169700000,,,,,,None,6600000,,0.54,0.0047,,,,0.276,0.06,18900000,25500000,1.08,2017-06-30,25.19,,594500000.0,54700000,17600000,6100000,,,None,1300000,None,,None,,,,,11400000,11500000,None,None,0.171,,35900000,18800000,,,,,200000,,,,,2.354,5.25,3.356,,,,,,,,0.115,,,2025-10-30,quarterly,1.14,USD,pre-market,0,,0.112,0.191,0.17,33.83,34900000,,,,105.84,114.04,5.5556,,,,,,,224400000,,29.7,,132.72,66.21
2025-12-28,FSS,3.82,2055400000.0,29.7,,1.344,21.74,,,,,,,,,,,,,,,None,134200000,134200000,,,,,,None,5700000,,0.54,0.0047,,,,0.276,0.06,11600000,17300000,1.08,2017-03-31,25.19,,594500000.0,43600000,11000000,3800000,,,None,600000,None,,None,,,,,7300000,7200000,None,None,0.171,,32200000,11400000,,,,,300000,,,,,2.354,5.25,3.356,,,,,,,,0.115,,,2025-10-30,quarterly,1.14,USD,pre-market,0,,0.112,0.191,0.17,33.83,31500000,,,,105.84,114.04,5.5556,,,,,,,177800000,,29.7,,132.72,66.21
2025-12-28,FSS,3.82,2055400000.0,29.7,,1.344,21.74,,,,,,,,,,,,,,,None,130700000,130700000,,,,,,None,6100000,,0.54,0.0047,,,,0.276,0.06,13800000,19900000,1.08,2016-12-31,25.19,,594500000.0,45400000,13300000,1200000,,,None,500000,None,,None,,,,,12600000,12100000,None,None,0.171,,31600000,13800000,,,,,-300000,,,,,2.354,5.25,3.356,,,,,,,,0.115,,,2025-10-30,quarterly,1.14,USD,pre-market,13400000,,0.112,0.191,0.17,33.83,31300000,,,,105.84,114.04,5.5556,,,,,,,176100000,,29.7,,132.72,66.21
2025-12-28,FSS,3.82,2055400000.0,29.7,,1.344,21.74,,,,,,,,,,,,,,,None,141400000,141400000,,,,,,None,5800000,,0.54,0.0047,,,,0.276,0.06,13800000,19600000,1.08,2016-09-30,25.19,,594500000.0,45300000,13200000,5700000,,,None,600000,None,,None,,,,,8500000,7500000,None,None,0.171,,31800000,13500000,,,,,300000,,,,,2.354,5.25,3.356,,,,,,,,0.115,,,2025-10-30,quarterly,1.14,USD,pre-market,0,,0.112,0.191,0.17,33.83,31100000,,,,105.84,114.04,5.5556,,,,,,,186700000,,29.7,,132.72,66.21
2025-12-28,FSS,3.82,2055400000.0,29.7,,1.344,21.74,,,,,,,,,,,,,,,None,127300000,127300000,,,,,,None,4200000,,0.54,0.0047,,,,0.276,0.06,14600000,18800000,1.08,2016-06-30,25.19,,594500000.0,45000000,14200000,4800000,,,None,400000,None,,None,,,,,9100000,9400000,None,None,0.171,,30700000,14300000,,,,,300000,,,,,2.354,5.25,3.356,,,,,,,,0.115,,,2025-10-30,quarterly,1.14,USD,pre-market,0,,0.112,0.191,0.17,33.83,30300000,,,,105.84,114.04,5.5556,,,,,,,172300000,,29.7,,132.72,66.21
2025-12-28,FSS,3.82,2055400000.0,29.7,,1.344,21.74,,,,,,,,,,,,,,,None,125400000,125400000,,,,,,None,3000000,,0.54,0.0047,,,,0.276,0.06,16500000,19500000,1.08,2016-03-31,25.19,,594500000.0,47400000,16100000,5700000,,,None,300000,None,,None,,,,,13600000,10400000,None,None,0.171,,31300000,16100000,,,,,700000,,,,,2.354,5.25,3.356,,,,,,,,0.115,,,2025-10-30,quarterly,1.14,USD,pre-market,0,,0.112,0.191,0.17,33.83,29600000,,,,105.84,114.04,5.5556,,,,,,,172800000,,29.7,,132.72,66.21
2025-12-28,FSS,3.82,2055400000.0,29.7,,1.344,21.74,,,,,,,,,,,,,,,None,68700000,68700000,,,,,,None,900000,,0.54,0.0047,,,,0.276,0.06,23600000,24500000,1.08,2015-12-31,25.19,,594500000.0,41100000,23000000,6800000,,,None,600000,None,,None,,,,,11500000,16200000,None,None,0.171,,17800000,23300000,,,,,300000,,,,,2.354,5.25,3.356,,,,,,,,0.115,,,2025-10-30,quarterly,1.14,USD,pre-market,14000000,,0.112,0.191,0.17,33.83,18100000,,,,105.84,114.04,5.5556,,,,,,,109800000,,29.7,,132.72,66.21
2025-12-28,FSS,3.82,2055400000.0,29.7,,1.344,21.74,,,,,,,,,,,,,,,None,125000000,125000000,,,,,,None,2900000,,0.54,0.0047,,,,0.276,0.06,24900000,27800000,1.08,2015-09-30,25.19,,594500000.0,54700000,25100000,8700000,,,None,500000,None,,None,,,,,18800000,16400000,None,None,0.171,,29500000,25200000,,,,,-300000,,,,,2.354,5.25,3.356,,,,,,,,0.115,,,2025-10-30,quarterly,1.14,USD,pre-market,0,,0.112,0.191,0.17,33.83,33400000,,,,105.84,114.04,5.5556,,,,,,,205800000,,29.7,,132.72,66.21
2025-12-28,FSS,3.82,2055400000.0,29.7,,1.344,21.74,,,,,,,,,,,,,,,None,144700000,144700000,,,,,,None,3200000,,0.54,0.0047,,,,0.276,0.06,29200000,32400000,1.08,2015-06-30,25.19,,594500000.0,60700000,28500000,10200000,,,None,600000,None,,None,,,,,18300000,18300000,None,None,0.171,,31500000,29200000,,,,,-100000,,,,,2.354,5.25,3.356,,,,,,,,0.115,,,2025-10-30,quarterly,1.14,USD,pre-market,0,,0.112,0.191,0.17,33.83,36100000,,,,105.84,114.04,5.5556,,,,,,,230800000,,29.7,,132.72,66.21
2025-12-28,FSS,3.82,2055400000.0,29.7,,1.344,21.74,,,,,,,,,,,,,,,None,141600000,141600000,,,,,,None,3000000,,0.54,0.0047,,,,0.276,0.06,23300000,26300000,1.08,2015-03-31,25.19,,594500000.0,54900000,23300000,8400000,,,None,600000,None,,None,,,,,14900000,14900000,None,None,0.171,,30400000,24500000,,,,,-900000,,,,,2.354,5.25,3.356,,,,,,,,0.115,,,2025-10-30,quarterly,1.14,USD,pre-market,0,,0.112,0.191,0.17,33.83,34400000,,,,105.84,114.04,5.5556,,,,,,,221600000,,29.7,,132.72,66.21
2025-12-28,FSS,3.82,2055400000.0,29.7,,1.344,21.74,,,,,,,,,,,,,,,None,195200000,195200000,,,,,,None,3900000,,0.54,0.0047,,,,0.276,0.06,30100000,34000000,1.08,2014-12-31,25.19,,594500000.0,69200000,29100000,5900000,,,None,1000000,None,,None,,,,,23800000,23200000,None,None,0.171,,38200000,31000000,,,,,-900000,,,,,2.354,5.25,3.356,,,,,,,,0.115,,,2025-10-30,quarterly,1.14,USD,pre-market,13100000,,0.112,0.191,0.17,33.83,38200000,,,,105.84,114.04,5.5556,,,,,,,264400000,,29.7,,132.72,66.21
2025-12-28,FSS,3.82,2055400000.0,29.7,,1.344,21.74,,,,,,,,,,,,,,,None,160900000,160900000,,,,,,None,3800000,,0.54,0.0047,,,,0.276,0.06,24600000,28400000,1.08,2014-09-30,25.19,,594500000.0,58400000,23700000,8500000,,,None,900000,None,,None,,,,,15400000,15200000,None,None,0.171,,33500000,24900000,,,,,-300000,,,,,2.354,5.25,3.356,,,,,,,,0.115,,,2025-10-30,quarterly,1.14,USD,pre-market,0,,0.112,0.191,0.17,33.83,33400000,,,,105.84,114.04,5.5556,,,,,,,219300000,,29.7,,132.72,66.21
2025-12-28,FSS,3.82,2055400000.0,29.7,,1.344,21.74,,,,,,,,,,,,,,,None,175700000,175700000,,,,,,None,3700000,,0.54,0.0047,,,,0.276,0.06,23600000,27300000,1.08,2014-06-30,25.19,,594500000.0,58900000,22700000,5700000,,,None,900000,None,,None,,,,,17100000,17000000,None,None,0.171,,35000000,23900000,,,,,-300000,,,,,2.354,5.25,3.356,,,,,,,,0.115,,,2025-10-30,quarterly,1.14,USD,pre-market,0,,0.112,0.191,0.17,33.83,34900000,,,,105.84,114.04,5.5556,,,,,,,234600000,,29.7,,132.72,66.21
2025-12-28,FSS,3.82,2055400000.0,29.7,,1.344,21.74,,,,,,,,,,,,,,,None,153400000,153400000,,,,,,None,3600000,,0.54,0.0047,,,,0.276,0.06,12800000,16400000,1.08,2014-03-31,25.19,,594500000.0,46800000,11800000,4200000,,,None,1000000,None,,None,,,,,7400000,7600000,None,None,0.171,,34000000,12800000,,,,,None,,,,,2.354,5.25,3.356,,,,,,,,0.115,,,2025-10-30,quarterly,1.14,USD,pre-market,0,,0.112,0.191,0.17,33.83,34200000,,,,105.84,114.04,5.5556,,,,,,,200200000,,29.7,,132.72,66.21
2025-12-28,FSS,3.82,2055400000.0,29.7,,1.344,21.74,,,,,,,,,,,,,,,None,163600000,163600000,,,,,,None,3800000,,0.54,0.0047,,,,0.276,0.06,21300000,25100000,1.08,2013-12-31,25.19,,594500000.0,56000000,20200000,-6500000,,,None,1100000,None,,None,,,,,27100000,26700000,None,None,0.171,,34500000,21500000,,,,,-200000,,,,,2.354,5.25,3.356,,,,,,,,0.115,,,2025-10-30,quarterly,1.14,USD,pre-market,11000000,,0.112,0.191,0.17,33.83,33200000,,,,105.84,114.04,5.5556,,,,,,,219600000,,29.7,,132.72,66.21
2025-12-28,FSS,3.82,2055400000.0,29.7,,1.344,21.74,,,,,,,,,,,,,,,None,158800000,158800000,,,,,,None,3500000,,0.54,0.0047,,,,0.276,0.06,18800000,22300000,1.08,2013-09-30,25.19,,594500000.0,50500000,17300000,500000,,,None,1500000,None,,None,,,,,16000000,16800000,None,None,0.171,,31700000,18800000,,,,,None,,,,,2.354,5.25,3.356,,,,,,,,0.115,,,2025-10-30,quarterly,1.14,USD,pre-market,0,,0.112,0.191,0.17,33.83,31700000,,,,105.84,114.04,5.5556,,,,,,,209300000,,29.7,,132.72,66.21
2025-12-28,FSS,3.82,2055400000.0,29.7,,1.344,21.74,,,,,,,,,,,,,,,None,170800000,170800000,,,,,,None,3500000,,0.54,0.0047,,,,0.276,0.06,18100000,21600000,1.08,2013-06-30,25.19,,594500000.0,51800000,16400000,-101400000,,,None,1700000,None,,None,,,,,117500000,117800000,None,None,0.171,,33600000,18200000,,,,,-100000,,,,,2.354,5.25,3.356,,,,,,,,0.115,,,2025-10-30,quarterly,1.14,USD,pre-market,0,,0.112,0.191,0.17,33.83,34200000,,,,105.84,114.04,5.5556,,,,,,,222600000,,29.7,,132.72,66.21
2025-12-28,FSS,3.82,2055400000.0,29.7,,1.344,21.74,,,,,,,,,,,,,,,None,153000000,153000000,,,,,,None,3400000,,0.54,0.0047,,,,0.276,0.06,3600000,7000000,1.08,2013-03-31,25.19,,594500000.0,46800000,-900000,200000,,,None,4500000,None,,None,,,,,-600000,-1100000,None,None,0.171,,34700000,12100000,,,,,200000,,,,,2.354,5.25,3.356,,,,,,,,0.115,,,2025-10-30,quarterly,1.14,USD,pre-market,0,,0.112,0.191,0.17,33.83,34700000,,,,105.84,114.04,5.5556,,,,,,,199800000,,29.7,,132.72,66.21
2025-12-28,FSS,3.82,2055400000.0,29.7,,1.344,21.74,,,,,,,,,,,,,,,None,168000000,168000000,,,,,,None,3600000,,0.54,0.0047,,,,0.276,0.06,12500000,16100000,1.08,2012-12-31,25.19,,594500000.0,49700000,6800000,2000000,,,None,5700000,None,,None,,,,,4700000,8600000,None,None,0.171,,36700000,13000000,,,,,-1500000,,,,,2.354,5.25,3.356,,,,,,,,0.115,,,2025-10-30,quarterly,1.14,USD,pre-market,10000000,,0.112,0.191,0.17,33.83,36100000,,,,105.84,114.04,5.5556,,,,,,,217700000,,29.7,,132.72,66.21
2025-12-28,FSS,3.82,2055400000.0,29.7,,1.344,21.74,,,,,,,,,,,,,,,None,139400000,139400000,,,,,,None,3000000,,0.54,0.0047,,,,0.276,0.06,10600000,13600000,1.08,2012-09-30,25.19,,594500000.0,45600000,5400000,1000000,,,None,5200000,None,,None,,,,,-14700000,4400000,None,None,0.171,,33200000,12400000,,,,,100000,,,,,2.354,5.25,3.356,,,,,,,,0.115,,,2025-10-30,quarterly,1.14,USD,pre-market,0,,0.112,0.191,0.17,33.83,33200000,,,,105.84,114.04,5.5556,,,,,,,185000000,,29.7,,132.72,66.21
2025-12-28,FSS,3.82,2055400000.0,29.7,,1.344,21.74,,,,,,,,,,,,,,,None,155200000,155200000,,,,,,None,3400000,,0.54,0.0047,,,,0.276,0.06,15300000,18700000,1.08,2012-06-30,25.19,,594500000.0,49200000,9900000,300000,,,None,5400000,None,,None,,,,,-16500000,9600000,None,None,0.171,,33400000,15800000,,,,,500000,,,,,2.354,5.25,3.356,,,,,,,,0.115,,,2025-10-30,quarterly,1.14,USD,pre-market,0,,0.112,0.191,0.17,33.83,33500000,,,,105.84,114.04,5.5556,,,,,,,204400000,,29.7,,132.72,66.21
2025-12-28,FSS,3.82,2055400000.0,29.7,,1.344,21.74,,,,,,,,,,,,,,,None,150800000,150800000,,,,,,None,3200000,,0.54,0.0047,,,,0.276,0.06,8900000,12100000,1.08,2012-03-31,25.19,,594500000.0,45300000,-300000,300000,,,None,6000000,None,,None,,,,,-500000,-600000,None,None,0.171,,35000000,10300000,,,,,200000,,,,,2.354,5.25,3.356,,,,,,,,0.115,,,2025-10-30,quarterly,1.14,USD,pre-market,0,,0.112,0.191,0.17,33.83,48100000,,,,105.84,114.04,5.5556,,,,,,,224600000,,29.7,,132.72,66.21
2025-12-28,FSS,3.82,2055400000.0,29.7,,1.344,21.74,,,,,,,,,,,,,,,None,167800000,167800000,,,,,,None,5500000,,0.54,0.0047,,,,0.276,0.06,-11500000,-6000000,1.08,2011-12-31,25.19,,594500000.0,55500000,-16600000,200000,,,None,5100000,None,,None,,,,,-16600000,0,None,None,0.171,,67200000,-11700000,,,,,None,,,,,2.354,5.25,3.356,,,,,,,,0.115,,,2025-10-30,quarterly,1.14,USD,pre-market,12100000,,0.112,0.191,0.17,33.83,45000000,,,,105.84,114.04,5.5556,,,,,,,223300000,,29.7,,132.72,66.21
2025-12-28,FSS,3.82,2055400000.0,29.7,,1.344,21.74,,,,,,,,,,,,,,,None,131300000,131300000,,,,,,None,3100000,,0.54,0.0047,,,,0.276,0.06,8000000,11100000,1.08,2011-09-30,25.19,,594500000.0,36500000,2600000,600000,,,None,4300000,None,,None,,,,,1700000,2000000,None,None,0.171,,28000000,8500000,,,,,-400000,,,,,2.354,5.25,3.356,,,,,,,,0.115,,,2025-10-30,quarterly,1.14,USD,pre-market,0,,0.112,0.191,0.17,33.83,39000000,,,,105.84,114.04,5.5556,,,,,,,194200000,,29.7,,132.72,66.21
2025-12-28,FSS,3.82,2055400000.0,29.7,,1.344,21.74,,,,,,,,,,,,,,,None,135700000,135700000,,,,,,None,700000,,0.54,0.0047,,,,0.276,0.06,10800000,11500000,1.08,2011-06-30,25.19,,594500000.0,39900000,5300000,-400000,,,None,3800000,None,,None,,,,,6000000,5700000,None,None,0.171,,29300000,10600000,,,,,200000,,,,,2.354,5.25,3.356,,,,,,,,0.115,,,2025-10-30,quarterly,1.14,USD,pre-market,0,,0.112,0.191,0.17,33.83,42800000,,,,105.84,114.04,5.5556,,,,,,,204500000,,29.7,,132.72,66.21
2025-12-28,FSS,3.82,2055400000.0,29.7,,1.344,21.74,,,,,,,,,,,,,,,None,132100000,132100000,,,,,,None,5800000,,0.54,0.0047,,,,0.276,0.06,-1200000,4600000,1.08,2011-03-31,25.19,,594500000.0,41500000,-4600000,700000,,,None,3200000,None,,None,,,,,-5300000,0,None,None,0.171,,42500000,-1000000,,,,,None,,,,,2.354,5.25,3.356,,,,,,,,0.115,,,2025-10-30,quarterly,1.14,USD,pre-market,0,,0.112,0.191,0.17,33.83,44300000,,,,105.84,114.04,5.5556,,,,,,,173600000,,29.7,,132.72,66.21
2025-12-28,FSS,3.82,2055400000.0,29.7,,1.344,21.74,,,,,,,,,,,,,,,None,135900000,135900000,,,,,,None,4400000,,0.54,0.0047,,,,0.276,0.06,-86800000,-82400000,1.08,2010-12-31,25.19,,594500000.0,43400000,-88800000,73400000,,,None,2000000,None,,None,,,,,-174100000,0,None,None,0.171,,129900000,-86500000,,,,,None,,,,,2.354,5.25,3.356,,,,,,,,0.115,,,2025-10-30,quarterly,1.14,USD,pre-market,18800000,,0.112,0.191,0.17,33.83,49900000,,,,105.84,114.04,5.5556,,,,,,,179300000,,29.7,,132.72,66.21
2025-12-28,FSS,3.82,2055400000.0,29.7,,1.344,21.74,,,,,,,,,,,,,,,None,135100000,135100000,,,,,,None,5600000,,0.54,0.0047,,,,0.276,0.06,5500000,11100000,1.08,2010-09-30,25.19,,594500000.0,44500000,3800000,800000,,,None,2200000,None,,None,,,,,2500000,0,None,None,0.171,,39700000,4800000,,,,,None,,,,,2.354,5.25,3.356,,,,,,,,0.115,,,2025-10-30,quarterly,1.14,USD,pre-market,0,,0.112,0.191,0.17,33.83,40000000,,,,105.84,114.04,5.5556,,,,,,,182000000,,29.7,,132.72,66.21
2025-12-28,FSS,3.82,2055400000.0,29.7,,1.344,21.74,,,,,,,,,,,,,,,None,144400000,144400000,,,,,,None,4800000,,0.54,0.0047,,,,0.276,0.06,2000000,6800000,1.08,2010-06-30,25.19,,594500000.0,51200000,700000,-700000,,,None,3200000,None,,None,,,,,-400000,0,None,None,0.171,,48700000,2500000,,,,,None,,,,,2.354,5.25,3.356,,,,,,,,0.115,,,2025-10-30,quarterly,1.14,USD,pre-market,0,,0.112,0.191,0.17,33.83,44200000,,,,105.84,114.04,5.5556,,,,,,,198700000,,29.7,,132.72,66.21
2025-12-28,FSS,3.82,2055400000.0,29.7,,1.344,21.74,,,,,,,,,,,,,,,None,124300000,124300000,,,,,,None,4400000,,0.54,0.0047,,,,0.276,0.06,-2400000,2000000,1.08,2010-03-31,25.19,,594500000.0,40300000,-4600000,-1400000,,,None,2900000,None,,None,,,,,-3600000,0,None,None,0.171,,41800000,-1500000,,,,,None,,,,,2.354,5.25,3.356,,,,,,,,0.115,,,2025-10-30,quarterly,1.14,USD,pre-market,0,,0.112,0.191,0.17,33.83,39600000,,,,105.84,114.04,5.5556,,,,,,,166600000,,29.7,,132.72,66.21
2025-12-28,FSS,3.82,2055400000.0,29.7,,1.344,21.74,,,,,,,,,,,,,,,None,143200000,143200000,,,,,,None,3600000,,0.54,0.0047,,,,0.276,0.06,11700000,15300000,1.08,2009-12-31,25.19,,594500000.0,48400000,9100000,2100000,,,None,2600000,None,,None,,,,,22700000,0,None,None,0.171,,37700000,10700000,,,,,None,,,,,2.354,5.25,3.356,,,,,,,,0.115,,,2025-10-30,quarterly,1.14,USD,pre-market,19000000,,0.112,0.191,0.17,33.83,36200000,,,,105.84,114.04,5.5556,,,,,,,191600000,,29.7,,132.72,66.21
2025-12-28,FSS,3.82,2055400000.0,29.7,,1.344,21.74,,,,,,,,,,,,,,,None,121900000,121900000,,,,,,None,3900000,,0.54,0.0047,,,,0.276,0.06,7800000,11700000,1.08,2009-09-30,25.19,,594500000.0,40300000,5600000,1000000,,,None,2600000,None,,None,,,,,4400000,0,None,None,0.171,,33200000,7100000,,,,,None,,,,,2.354,5.25,3.356,,,,,,,,0.115,,,2025-10-30,quarterly,1.14,USD,pre-market,0,,0.112,0.191,0.17,33.83,34500000,,,,105.84,114.04,5.5556,,,,,,,166600000,,29.7,,132.72,66.21
2025-12-28,FSS,3.82,2055400000.0,29.7,,1.344,21.74,,,,,,,,,,,,,,,None,146600000,146600000,,,,,,None,3600000,,0.54,0.0047,,,,0.276,0.06,8400000,12000000,1.08,2009-06-30,25.19,,594500000.0,51900000,6600000,1500000,,,None,2800000,None,,None,,,,,-4900000,0,None,None,0.171,,43600000,8300000,,,,,None,,,,,2.354,5.25,3.356,,,,,,,,0.115,,,2025-10-30,quarterly,1.14,USD,pre-market,0,,0.112,0.191,0.17,33.83,45100000,,,,105.84,114.04,5.5556,,,,,,,204200000,,29.7,,132.72,66.21
2025-12-28,FSS,3.82,2055400000.0,29.7,,1.344,21.74,,,,,,,,,,,,,,,None,138100000,138100000,,,,,,None,3800000,,0.54,0.0047,,,,0.276,0.06,3300000,7100000,1.08,2009-03-31,25.19,,594500000.0,46600000,1300000,200000,,,None,3300000,None,,None,,,,,1000000,0,None,None,0.171,,42300000,4300000,,,,,None,,,,,2.354,5.25,3.356,,,,,,,,0.115,,,2025-10-30,quarterly,1.14,USD,pre-market,0,,0.112,0.191,0.17,33.83,45000000,,,,105.84,114.04,5.5556,,,,,,,203500000,,29.7,,132.72,66.21
2025-12-28,FSS,3.82,2055400000.0,29.7,,1.344,21.74,,,,,,,,,,,,,,,None,184600000,184600000,,,,,,None,3400000,,0.54,0.0047,,,,0.276,0.06,14000000,17400000,1.08,2008-12-31,25.19,,594500000.0,65200000,400000,-3800000,,,None,1100000,None,,None,,,,,-11500000,0,None,None,0.171,,53900000,11300000,,,,,None,,,,,2.354,5.25,3.356,,,,,,,,0.115,,,2025-10-30,quarterly,1.14,USD,pre-market,23400000,,0.112,0.191,0.17,33.83,51200000,,,,105.84,114.04,5.5556,,,,,,,249800000,,29.7,,132.72,66.21
2025-12-28,FSS,3.82,2055400000.0,29.7,,1.344,21.74,,,,,,,,,,,,,,,None,167600000,167600000,,,,,,None,3700000,,0.54,0.0047,,,,0.276,0.06,12800000,16500000,1.08,2008-09-30,25.19,,594500000.0,58900000,8600000,-6200000,,,None,4100000,None,,None,,,,,14200000,0,None,None,0.171,,46100000,12800000,,,,,None,,,,,2.354,5.25,3.356,,,,,,,,0.115,,,2025-10-30,quarterly,1.14,USD,pre-market,0,,0.112,0.191,0.17,33.83,46100000,,,,105.84,114.04,5.5556,,,,,,,226500000,,29.7,,132.72,66.21
2025-12-28,FSS,3.82,2055400000.0,29.7,,1.344,21.74,,,,,,,,,,,,,,,None,186400000,186400000,,,,,,None,4100000,,0.54,0.0047,,,,0.276,0.06,18700000,22800000,1.08,2008-06-30,25.19,,594500000.0,67900000,11800000,3800000,,,None,5500000,None,,None,,,,,-13400000,0,None,None,0.171,,49200000,18700000,,,,,None,,,,,2.354,5.25,3.356,,,,,,,,0.115,,,2025-10-30,quarterly,1.14,USD,pre-market,0,,0.112,0.191,0.17,33.83,49200000,,,,105.84,114.04,5.5556,,,,,,,254300000,,29.7,,132.72,66.21
2025-12-28,FSS,3.82,2055400000.0,29.7,,1.344,21.74,,,,,,,,,,,,,,,None,168200000,168200000,,,,,,None,4300000,,0.54,0.0047,,,,0.276,0.06,12700000,17000000,1.08,2008-03-31,25.19,,594500000.0,59900000,5400000,1100000,,,None,6800000,None,,None,,,,,-84900000,0,None,None,0.171,,47200000,12700000,,,,,None,,,,,2.354,5.25,3.356,,,,,,,,0.115,,,2025-10-30,quarterly,1.14,USD,pre-market,0,,0.112,0.191,0.17,33.83,47200000,,,,105.84,114.04,5.5556,,,,,,,228100000,,29.7,,132.72,66.21
2025-12-28,FSS,3.82,2055400000.0,29.7,,1.344,21.74,,,,,,,,,,,,,,,None,274100000,274100000,,,,,,None,6300000,,0.54,0.0047,,,,0.276,0.06,17000000,23300000,1.08,2007-12-31,25.19,,594500000.0,77200000,6400000,-1600000,,,None,7800000,None,,None,,,,,8700000,0,None,None,0.171,,60200000,17000000,,,,,None,,,,,2.354,5.25,3.356,,,,,,,,0.115,,,2025-10-30,quarterly,1.14,USD,pre-market,30900000,,0.112,0.191,0.17,33.83,60200000,,,,105.84,114.04,5.5556,,,,,,,351300000,,29.7,,132.72,66.21
2025-12-28,FSS,3.82,2055400000.0,29.7,,1.344,21.74,,,,,,,,,,,,,,,None,235100000,235100000,,,,,,None,9500000,,0.54,0.0047,,,,0.276,0.06,11100000,20600000,1.08,2007-09-30,25.19,,594500000.0,72200000,4400000,-400000,,,None,6400000,None,,None,,,,,4500000,0,None,None,0.171,,61100000,11100000,,,,,None,,,,,2.354,5.25,3.356,,,,,,,,0.115,,,2025-10-30,quarterly,1.14,USD,pre-market,0,,0.112,0.191,0.17,33.83,61100000,,,,105.84,114.04,5.5556,,,,,,,307300000,,29.7,,132.72,66.21
2025-12-28,FSS,3.82,2055400000.0,29.7,,1.344,21.74,,,,,,,,,,,,,,,None,176200000,176200000,,,,,,None,2800000,,0.54,0.0047,,,,0.276,0.06,22600000,25400000,1.08,2007-06-30,25.19,,594500000.0,67000000,14400000,3400000,,,None,5600000,None,,None,,,,,11100000,0,None,None,0.171,,44400000,22600000,,,,,None,,,,,2.354,5.25,3.356,,,,,,,,0.115,,,2025-10-30,quarterly,1.14,USD,pre-market,0,,0.112,0.191,0.17,33.83,58600000,,,,105.84,114.04,5.5556,,,,,,,317300000,,29.7,,132.72,66.21
2025-12-28,FSS,3.82,2055400000.0,29.7,,1.344,21.74,,,,,,,,,,,,,,,None,157400000,157400000,,,,,,None,2600000,,0.54,0.0047,,,,0.276,0.06,16800000,19400000,1.08,2007-03-31,25.19,,594500000.0,55600000,8800000,2700000,,,None,6000000,None,,None,,,,,30700000,0,None,None,0.171,,38800000,16800000,,,,,None,,,,,2.354,5.25,3.356,,,,,,,,0.115,,,2025-10-30,quarterly,1.14,USD,pre-market,0,,0.112,0.191,0.17,33.83,52900000,,,,105.84,114.04,5.5556,,,,,,,292100000,,29.7,,132.72,66.21
2025-12-28,FSS,3.82,2055400000.0,29.7,,1.344,21.74,,,,,,,,,,,,,,,None,260700000,260700000,,,,,,None,1900000,,0.54,0.0047,,,,0.276,0.06,16600000,18500000,1.08,2006-12-31,25.19,,594500000.0,49500000,8600000,-1300000,,,None,6900000,None,,None,,,,,15300000,0,None,None,0.171,,32900000,16600000,,,,,None,,,,,2.354,5.25,3.356,,,,,,,,0.115,,,2025-10-30,quarterly,1.14,USD,pre-market,23100000,,0.112,0.191,0.17,33.83,32900000,,,,105.84,114.04,5.5556,,,,,,,310200000,,29.7,,132.72,66.21
2025-12-28,FSS,3.82,2055400000.0,29.7,,1.344,21.74,,,,,,,,,,,,,,,None,218700000,218700000,,,,,,None,3500000,,0.54,0.0047,,,,0.276,0.06,18000000,21500000,1.08,2006-09-30,25.19,,594500000.0,70700000,13000000,2600000,,,None,5900000,None,,None,,,,,9200000,0,None,None,0.171,,52700000,18000000,,,,,None,,,,,2.354,5.25,3.356,,,,,,,,0.115,,,2025-10-30,quarterly,1.14,USD,pre-market,0,,0.112,0.191,0.17,33.83,60600000,,,,105.84,114.04,5.5556,,,,,,,298400000,,29.7,,132.72,66.21
2025-12-28,FSS,3.82,2055400000.0,29.7,,1.344,21.74,,,,,,,,,,,,,,,None,237000000,237000000,,,,,,None,5600000,,0.54,0.0047,,,,0.276,0.06,22500000,28100000,1.08,2006-06-30,25.19,,594500000.0,72500000,17500000,5800000,,,None,6300000,None,,None,,,,,-1900000,0,None,None,0.171,,50000000,22500000,,,,,None,,,,,2.354,5.25,3.356,,,,,,,,0.115,,,2025-10-30,quarterly,1.14,USD,pre-market,0,,0.112,0.191,0.17,33.83,58900000,,,,105.84,114.04,5.5556,,,,,,,319300000,,29.7,,132.72,66.21
2025-12-28,FSS,3.82,2055400000.0,29.7,,1.344,21.74,,,,,,,,,,,,,,,None,212200000,212200000,,,,,,None,5100000,,0.54,0.0047,,,,0.276,0.06,7700000,12800000,1.08,2006-03-31,25.19,,594500000.0,61400000,3600000,1200000,,,None,5900000,None,,None,,,,,100000,0,None,None,0.171,,53700000,7700000,,,,,None,,,,,2.354,5.25,3.356,,,,,,,,0.115,,,2025-10-30,quarterly,1.14,USD,pre-market,0,,0.112,0.191,0.17,33.83,62100000,,,,105.84,114.04,5.5556,,,,,,,283700000,,29.7,,132.72,66.21
2025-12-28,FSS,3.82,2055400000.0,29.7,,1.344,21.74,,,,,,,,,,,,,,,None,169900000,169900000,,,,,,None,4000000,,0.54,0.0047,,,,0.276,0.06,44900000,48900000,1.08,2005-12-31,25.19,,594500000.0,89400000,34100000,8200000,,,None,5000000,None,,None,,,,,-25900000,0,None,None,0.171,,43200000,46200000,,,,,None,,,,,2.354,5.25,3.356,,,,,,,,0.115,,,2025-10-30,quarterly,1.14,USD,pre-market,19900000,,0.112,0.191,0.17,33.83,51200000,,,,105.84,114.04,5.5556,,,,,,,259300000,,29.7,,132.72,66.21
2025-12-28,FSS,3.82,2055400000.0,29.7,,1.344,21.74,,,,,,,,,,,,,,,None,215200000,215200000,,,,,,None,5100000,,0.54,0.0047,,,,0.276,0.06,22900000,28000000,1.08,2005-09-30,25.19,,594500000.0,70400000,8800000,-1500000,,,None,5900000,None,,None,,,,,10300000,0,None,None,0.171,,47500000,22900000,,,,,None,,,,,2.354,5.25,3.356,,,,,,,,0.115,,,2025-10-30,quarterly,1.14,USD,pre-market,0,,0.112,0.191,0.17,33.83,58000000,,,,105.84,114.04,5.5556,,,,,,,301700000,,29.7,,132.72,66.21
2025-12-28,FSS,3.82,2055400000.0,29.7,,1.344,21.74,,,,,,,,,,,,,,,None,1328500000,1328500000,,,,,,None,65300000,,0.54,0.0047,,,,0.276,0.06,276400000,341700000,1.08,2024-12-31,25.19,,594500000.0,533000000,263900000,47600000,,,None,12500000,12500000,,None,,,,,216300000,216300000,-12500000,None,0.171,,251600000,281400000,,,,,None,,,,,2.354,5.25,3.356,,,,,,,,0.115,,,2025-10-30,annual,1.14,USD,pre-market,12400000,,0.112,0.191,0.17,33.83,237800000,,,,105.84,114.04,5.5556,,,,,,,1861500000,,29.7,,132.72,66.21
2025-12-28,FSS,3.82,2055400000.0,29.7,,1.344,21.74,,,,,,,,,,,,,,,None,1272500000,1272500000,,,,,,None,60400000,,0.54,0.0047,,,,0.276,0.06,222700000,283100000,1.08,2023-12-31,25.19,,594500000.0,450200000,203000000,45600000,,,None,19700000,19700000,,None,,,,,157400000,145600000,-19900000,None,0.171,,225700000,224500000,,,,,None,,,,,2.354,5.25,3.356,,,,,,,,0.115,,,2025-10-30,annual,1.14,USD,pre-market,12400000,,0.112,0.191,0.17,33.83,210100000,,,,105.84,114.04,5.5556,,,,,,,1722700000,,29.7,,132.72,66.21
2025-12-28,FSS,3.82,2055400000.0,29.7,,1.344,21.74,,,,,,,,,,,,,,,None,1089900000,1089900000,,,,,,None,54700000,,0.54,0.0047,,,,0.276,0.06,161200000,215900000,1.08,2022-12-31,25.19,,594500000.0,344900000,150900000,30500000,,,None,10300000,10300000,,None,,,,,120400000,120400000,-10400000,None,0.171,,184100000,160800000,,,,,400000,,,,,2.354,5.25,3.356,,,,,,,,0.115,,,2025-10-30,annual,1.14,USD,pre-market,11500000,,0.112,0.191,0.17,33.83,171700000,,,,105.84,114.04,5.5556,,,,,,,1434800000,,29.7,,132.72,66.21
2025-12-28,FSS,3.82,2055400000.0,29.7,,1.344,21.74,,,,,,,,,,,,,,,None,924500000,924500000,,,,,,None,50400000,,0.54,0.0047,,,,0.276,0.06,122100000,172500000,1.08,2021-12-31,25.19,,594500000.0,288700000,117600000,17000000,,,None,4500000,4500000,,None,,,,,100600000,100600000,-4500000,None,0.171,,158000000,130700000,,,,,1700000,,,,,2.354,5.25,3.356,,,,,,,,0.115,,,2025-10-30,annual,1.14,USD,pre-market,11400000,,0.112,0.191,0.17,33.83,159500000,,,,105.84,114.04,5.5556,,,,,,,1213200000,,29.7,,132.72,66.21
2025-12-28,FSS,3.82,2055400000.0,29.7,,1.344,21.74,,,,,,,,,,,,,,,None,837200000,837200000,,,,,,None,44800000,,0.54,0.0047,,,,0.276,0.06,130300000,175100000,1.08,2020-12-31,25.19,,594500000.0,293600000,124600000,28500000,,,None,5700000,5700000,,None,,,,,96200000,96100000,-5700000,None,0.171,,162200000,131400000,,,,,-1100000,,,,,2.354,5.25,3.356,,,,,,,,0.115,,,2025-10-30,annual,1.14,USD,pre-market,12200000,,0.112,0.191,0.17,33.83,149200000,,,,105.84,114.04,5.5556,,,,,,,1130800000,,29.7,,132.72,66.21
2025-12-28,FSS,3.82,2055400000.0,29.7,,1.344,21.74,,,,,,,,,,,,,,,None,898500000,898500000,,,,,,None,41500000,,0.54,0.0047,,,,0.276,0.06,146500000,188000000,1.08,2019-12-31,25.19,,594500000.0,322800000,138600000,30200000,,,None,7900000,7900000,,None,,,,,108500000,108400000,-7900000,None,0.171,,175700000,147100000,,,,,-600000,,,,,2.354,5.25,3.356,,,,,,,,0.115,,,2025-10-30,annual,1.14,USD,pre-market,13600000,,0.112,0.191,0.17,33.83,173200000,,,,105.84,114.04,5.5556,,,,,,,1221300000,,29.7,,132.72,66.21
2025-12-28,FSS,3.82,2055400000.0,29.7,,1.344,21.74,,,,,,,,,,,,,,,None,807400000,807400000,,,,,,None,36400000,,0.54,0.0047,,,,0.276,0.06,120900000,157300000,1.08,2018-12-31,25.19,,594500000.0,282100000,111600000,17900000,,,None,9300000,9300000,,None,,,,,94000000,93700000,-9300000,None,0.171,,160600000,121500000,,,,,-600000,,,,,2.354,5.25,3.356,,,,,,,,0.115,,,2025-10-30,annual,1.14,USD,pre-market,13000000,,0.112,0.191,0.17,33.83,159100000,,,,105.84,114.04,5.5556,,,,,,,1089500000,,29.7,,132.72,66.21
2025-12-28,FSS,3.82,2055400000.0,29.7,,1.344,21.74,,,,,,,,,,,,,,,None,677300000,677300000,,,,,,None,30000000,,0.54,0.0047,,,,0.276,0.06,68300000,98300000,1.08,2017-12-31,25.19,,594500000.0,221200000,61000000,500000,,,None,7300000,7300000,,None,,,,,61600000,60500000,-7300000,None,0.171,,147600000,73600000,,,,,1200000,,,,,2.354,5.25,3.356,,,,,,,,0.115,,,2025-10-30,annual,1.14,USD,pre-market,13000000,,0.112,0.191,0.17,33.83,150800000,,,,105.84,114.04,5.5556,,,,,,,898500000,,29.7,,132.72,66.21
2025-12-28,FSS,3.82,2055400000.0,29.7,,1.344,21.74,,,,,,,,,,,,,,,None,524500000,524500000,,,,,,None,19100000,,0.54,0.0047,,,,0.276,0.06,58700000,77800000,1.08,2016-12-31,25.19,,594500000.0,183400000,56800000,17400000,,,None,1900000,1900000,,None,,,,,43800000,39400000,-2200000,None,0.171,,122600000,60800000,,,,,1000000,,,,,2.354,5.25,3.356,,,,,,,,0.115,,,2025-10-30,annual,1.14,USD,pre-market,13400000,,0.112,0.191,0.17,33.83,122300000,,,,105.84,114.04,5.5556,,,,,,,707900000,,29.7,,132.72,66.21
2025-12-28,FSS,3.82,2055400000.0,29.7,,1.344,21.74,,,,,,,,,,,,,,,None,542400000,542400000,,,,,,None,12300000,,0.54,0.0047,,,,0.276,0.06,102200000,114500000,1.08,2015-12-31,25.19,,594500000.0,225600000,99900000,34100000,,,None,2300000,2300000,,None,,,,,63500000,65800000,None,None,0.171,,122400000,103200000,,,,,-1000000,,,,,2.354,5.25,3.356,,,,,,,,0.115,,,2025-10-30,annual,1.14,USD,pre-market,14000000,,0.112,0.191,0.17,33.83,122000000,,,,105.84,114.04,5.5556,,,,,,,768000000,,29.7,,132.72,66.21
2025-12-28,FSS,3.82,2055400000.0,29.7,,1.344,21.74,,,,,,,,,,,,,,,None,570400000,570400000,,,,,,None,11500000,,0.54,0.0047,,,,0.276,0.06,87000000,98500000,1.08,2014-12-31,25.19,,594500000.0,208700000,87300000,24300000,,,None,3800000,None,,None,,,,,63700000,63000000,None,None,0.171,,120000000,88700000,,,,,-1500000,,,,,2.354,5.25,3.356,,,,,,,,0.115,,,2025-10-30,annual,1.14,USD,pre-market,13100000,,0.112,0.191,0.17,33.83,140700000,,,,105.84,114.04,5.5556,,,,,,,918500000,,29.7,,132.72,66.21
2025-12-28,FSS,3.82,2055400000.0,29.7,,1.344,21.74,,,,,,,,,,,,,,,None,536900000,536900000,,,,,,None,11000000,,0.54,0.0047,,,,0.276,0.06,52800000,63800000,1.08,2013-12-31,25.19,,594500000.0,176000000,53000000,-107200000,,,None,8900000,None,,None,,,,,160000000,160200000,None,None,0.171,,114400000,61600000,,,,,-100000,,,,,2.354,5.25,3.356,,,,,,,,0.115,,,2025-10-30,annual,1.14,USD,pre-market,11000000,,0.112,0.191,0.17,33.83,133800000,,,,105.84,114.04,5.5556,,,,,,,851300000,,29.7,,132.72,66.21
2025-12-28,FSS,3.82,2055400000.0,29.7,,1.344,21.74,,,,,,,,,,,,,,,None,613400000,613400000,,,,,,None,13200000,,0.54,0.0047,,,,0.276,0.06,47300000,60500000,1.08,2012-12-31,25.19,,594500000.0,189800000,25900000,3900000,,,None,21400000,None,,None,,,,,-27500000,22000000,None,None,0.171,,138300000,51500000,,,,,-700000,,,,,2.354,5.25,3.356,,,,,,,,0.115,,,2025-10-30,annual,1.14,USD,pre-market,10000000,,0.112,0.191,0.17,33.83,136900000,,,,105.84,114.04,5.5556,,,,,,,803200000,,29.7,,132.72,66.21
2025-12-28,FSS,3.82,2055400000.0,29.7,,1.344,21.74,,,,,,,,,,,,,,,None,533300000,533300000,,,,,,None,13000000,,0.54,0.0047,,,,0.276,0.06,33000000,46000000,1.08,2011-12-31,25.19,,594500000.0,155400000,-13300000,1100000,,,None,16400000,None,,None,,,,,-14200000,-14400000,None,None,0.171,,122200000,33200000,,,,,-200000,,,,,2.354,5.25,3.356,,,,,,,,0.115,,,2025-10-30,annual,1.14,USD,pre-market,19700000,,0.112,0.191,0.17,33.83,171100000,,,,105.84,114.04,5.5556,,,,,,,795600000,,29.7,,132.72,66.21
2025-12-28,FSS,3.82,2055400000.0,29.7,,1.344,21.74,,,,,,,,,,,,,,,None,482200000,482200000,,,,,,None,11400000,,0.54,0.0047,,,,0.276,0.06,11200000,22600000,1.08,2010-12-31,25.19,,594500000.0,150900000,-88400000,72300000,,,None,10300000,None,,None,,,,,-175700000,None,None,None,0.171,,138500000,12400000,,,,,None,,,,,2.354,5.25,3.356,,,,,,,,0.115,,,2025-10-30,annual,1.14,USD,pre-market,18800000,,0.112,0.191,0.17,33.83,173300000,,,,105.84,114.04,5.5556,,,,,,,726500000,,29.7,,132.72,66.21
2025-12-28,FSS,3.82,2055400000.0,29.7,,1.344,21.74,,,,,,,,,,,,,,,None,557300000,557300000,,,,,,None,14700000,,0.54,0.0047,,,,0.276,0.06,36500000,51200000,1.08,2009-12-31,25.19,,594500000.0,193100000,22300000,4600000,,,None,11400000,None,,None,,,,,23100000,None,None,None,0.171,,157300000,35800000,,,,,None,,,,,2.354,5.25,3.356,,,,,,,,0.115,,,2025-10-30,annual,1.14,USD,pre-market,19000000,,0.112,0.191,0.17,33.83,159100000,,,,105.84,114.04,5.5556,,,,,,,752500000,,29.7,,132.72,66.21
2025-12-28,FSS,3.82,2055400000.0,29.7,,1.344,21.74,,,,,,,,,,,,,,,None,643600000,643600000,,,,,,None,14900000,,0.54,0.0047,,,,0.276,0.06,36000000,50900000,1.08,2008-12-31,25.19,,594500000.0,235400000,26300000,-5000000,,,None,15300000,None,,None,,,,,-95600000,None,None,None,0.171,,185600000,49800000,,,,,None,,,,,2.354,5.25,3.356,,,,,,,,0.115,,,2025-10-30,annual,1.14,USD,pre-market,23400000,,0.112,0.191,0.17,33.83,193700000,,,,105.84,114.04,5.5556,,,,,,,958800000,,29.7,,132.72,66.21
2025-12-28,FSS,3.82,2055400000.0,29.7,,1.344,21.74,,,,,,,,,,,,,,,None,685900000,685900000,,,,,,None,14100000,,0.54,0.0047,,,,0.276,0.06,75200000,89300000,1.08,2007-12-31,25.19,,594500000.0,248400000,34000000,4200000,,,None,25900000,None,,None,,,,,54900000,None,None,None,0.171,,173200000,75200000,,,,,None,,,,,2.354,5.25,3.356,,,,,,,,0.115,,,2025-10-30,annual,1.14,USD,pre-market,30900000,,0.112,0.191,0.17,33.83,232800000,,,,105.84,114.04,5.5556,,,,,,,1268100000,,29.7,,132.72,66.21
2025-12-28,FSS,3.82,2055400000.0,29.7,,1.344,21.74,,,,,,,,,,,,,,,None,576500000,576500000,,,,,,None,17900000,,0.54,0.0047,,,,0.276,0.06,59100000,77000000,1.08,2006-12-31,25.19,,594500000.0,216200000,42700000,8300000,,,None,25000000,None,,None,,,,,22700000,None,None,None,0.171,,157100000,59100000,,,,,None,,,,,2.354,5.25,3.356,,,,,,,,0.115,,,2025-10-30,annual,1.14,USD,pre-market,23100000,,0.112,0.191,0.17,33.83,214500000,,,,105.84,114.04,5.5556,,,,,,,1211600000,,29.7,,132.72,66.21
2025-12-28,FSS,3.82,2055400000.0,29.7,,1.344,21.74,,,,,,,,,,,,,,,None,867500000,867500000,,,,,,None,18200000,,0.54,0.0047,,,,0.276,0.06,64400000,82600000,1.08,2005-12-31,25.19,,594500000.0,251500000,46300000,-1000000,,,None,23100000,None,,None,,,,,-4600000,None,None,None,0.171,,187800000,63700000,,,,,None,,,,,2.354,5.25,3.356,,,,,,,,0.115,,,2025-10-30,annual,1.14,USD,pre-market,19900000,,0.112,0.191,0.17,33.83,228300000,,,,105.84,114.04,5.5556,,,,,,,1156900000,,29.7,,132.72,66.21
2025-12-28,FSS,3.82,2055400000.0,29.7,None,1.344,21.74,,31500000,54400000,54400000,,,,,,,,,70700000,61400000,None,867500000,867500000,103100000,None,10900000,263600000,None,None,18200000,,0.54,0.0047,,,,0.276,0.06,64400000,82600000,1.08,2025-09-30,25.19,521700000,594500000.0,251500000,46300000,-1000000,217600000,217600000,None,23100000,None,367300000,None,None,200700000,None,None,-4600000,None,None,None,0.171,,187800000,63700000,21200000,116600000,None,11900000,None,,,,,2.354,5.25,3.356,,,,,,,,0.115,,465400000,2025-10-30,quarterly,1.14,USD,pre-market,19900000,1263000000,0.112,0.191,0.17,33.83,228300000,243100000,19200000,None,105.84,114.04,5.5556,1938400000,706500000,271200000,616700000,1231900000,345500000,1156900000,1321700000,29.7,None,132.72,66.21
2025-12-28,FSS,3.82,2055400000.0,29.7,None,1.344,21.74,,28200000,64700000,64700000,,,,,,,,,70700000,61300000,None,867500000,867500000,102800000,None,10200000,238300000,None,None,18200000,,0.54,0.0047,,,,0.276,0.06,64400000,82600000,1.08,2025-06-30,25.19,517600000,594500000.0,251500000,46300000,-1000000,222500000,222500000,None,23100000,None,356500000,None,None,257800000,None,None,-4600000,None,None,None,0.171,,187800000,63700000,24600000,63900000,None,12000000,None,,,,,2.354,5.25,3.356,,,,,,,,0.115,,464200000,2025-10-30,quarterly,1.14,USD,pre-market,19900000,1203400000,0.112,0.191,0.17,33.83,228300000,296200000,17600000,None,105.84,114.04,5.5556,1916000000,684100000,263000000,653800000,1231900000,390800000,1156900000,1262200000,29.7,None,132.72,66.21
2025-12-28,FSS,3.82,2055400000.0,29.7,None,1.344,21.74,,29200000,57500000,57500000,,,,,,,,,70600000,61800000,None,867500000,867500000,103800000,None,9400000,223200000,None,None,18200000,,0.54,0.0047,,,,0.276,0.06,64400000,82600000,1.08,2025-03-31,25.19,514000000,594500000.0,251500000,46300000,-1000000,226000000,226000000,None,23100000,None,362000000,None,None,266600000,None,None,-4600000,None,None,None,0.171,,187800000,63700000,22100000,108700000,None,11500000,None,,,,,2.354,5.25,3.356,,,,,,,,0.115,,448400000,2025-10-30,quarterly,1.14,USD,pre-market,19900000,1140500000,0.112,0.191,0.17,33.83,228300000,305200000,17000000,None,105.84,114.04,5.5556,1879400000,664800000,278400000,677000000,1214600000,398600000,1156900000,1202400000,29.7,None,132.72,66.21
2025-12-28,FSS,3.82,2055400000.0,29.7,None,1.344,21.74,,41500000,91100000,91100000,,,,,,,,,70300000,61900000,None,867500000,867500000,79000000,None,7000000,196400000,None,None,18200000,,0.54,0.0047,,,,0.276,0.06,64400000,82600000,1.08,2024-12-31,25.19,477700000,594500000.0,251500000,46300000,-1000000,199700000,199700000,None,23100000,None,331000000,None,None,203900000,None,None,-4600000,None,None,None,0.171,,187800000,63700000,24000000,56000000,None,11400000,None,,,,,2.354,5.25,3.356,,,,,,,,0.115,,419900000,2025-10-30,quarterly,1.14,USD,pre-market,19900000,1102800000,0.112,0.191,0.17,33.83,228300000,252400000,26200000,None,105.84,114.04,5.5556,1765200000,642500000,241800000,579100000,1122700000,337300000,1156900000,1186100000,29.7,None,132.72,66.21
2025-12-28,FSS,3.82,2055400000.0,29.7,None,1.344,21.74,,29500000,73700000,73700000,,,,,,,,,70300000,61700000,None,867500000,867500000,88900000,None,7000000,220300000,None,None,18200000,,0.54,0.0047,,,,0.276,0.06,64400000,82600000,1.08,2024-09-30,25.19,471600000,594500000.0,251500000,46300000,-1000000,197100000,197100000,None,23100000,None,337000000,None,None,222700000,None,None,-4600000,None,None,None,0.171,,187800000,63700000,18200000,62300000,None,13300000,None,,,,,2.354,5.25,3.356,,,,,,,,0.115,,392400000,2025-10-30,quarterly,1.14,USD,pre-market,19900000,1060100000,0.112,0.191,0.17,33.83,228300000,259200000,15200000,None,105.84,114.04,5.5556,1733600000,649200000,229400000,584200000,1084400000,354800000,1156900000,1149400000,29.7,None,132.72,66.21
2025-12-28,FSS,3.82,2055400000.0,29.7,None,1.344,21.74,,30200000,48600000,48600000,,,,,,,,,70300000,61700000,None,867500000,867500000,87000000,None,5500000,213600000,None,None,18200000,,0.54,0.0047,,,,0.276,0.06,64400000,82600000,1.08,2024-06-30,25.19,469900000,594500000.0,251500000,46300000,-1000000,200600000,200600000,None,23100000,None,326900000,None,None,248200000,None,None,-4600000,None,None,None,0.171,,187800000,63700000,22700000,53400000,None,11700000,None,,,,,2.354,5.25,3.356,,,,,,,,0.115,,None,2025-10-30,quarterly,1.14,USD,pre-market,19900000,1013500000,0.112,0.191,0.17,33.83,228300000,283900000,13800000,None,105.84,114.04,5.5556,1691500000,611800000,211700000,591900000,1079700000,380200000,1156900000,1099600000,29.7,None,132.72,66.21
2025-12-28,FSS,3.82,2055400000.0,29.7,None,1.344,21.74,,22700000,48900000,48900000,,,,,,,,,70200000,61600000,None,867500000,867500000,88800000,None,4700000,191400000,None,None,18200000,,0.54,0.0047,,,,0.276,0.06,64400000,82600000,1.08,2024-03-31,25.19,470200000,594500000.0,251500000,46300000,-1000000,204600000,204600000,None,23100000,None,322700000,None,None,266200000,None,None,-4600000,None,None,None,0.171,,187800000,63700000,32300000,68500000,None,15500000,None,,,,,2.354,5.25,3.356,,,,,,,,0.115,,None,2025-10-30,quarterly,1.14,USD,pre-market,19900000,960100000,0.112,0.191,0.17,33.83,228300000,293600000,12100000,None,105.84,114.04,5.5556,1651400000,595300000,211000000,607000000,1056100000,396000000,1156900000,1044400000,29.7,None,132.72,66.21
2025-12-28,FSS,3.82,2055400000.0,29.7,None,1.344,21.74,,23300000,61000000,61000000,,,,,,,,,70000000,61600000,None,867500000,867500000,66700000,None,3900000,186200000,None,None,18200000,,0.54,0.0047,,,,0.276,0.06,64400000,82600000,1.08,2023-12-31,25.19,472700000,594500000.0,251500000,46300000,-1000000,207500000,207500000,None,23100000,None,303400000,None,None,293500000,None,None,-4600000,None,None,None,0.171,,187800000,63700000,19600000,48200000,None,16200000,None,,,,,2.354,5.25,3.356,,,,,,,,0.115,,None,2025-10-30,quarterly,1.14,USD,pre-market,19900000,915800000,0.112,0.191,0.17,33.83,228300000,320700000,11500000,None,105.84,114.04,5.5556,1620500000,570200000,195800000,618600000,1050300000,422800000,1156900000,1001900000,29.7,None,132.72,66.21
2025-12-28,FSS,3.82,2055400000.0,29.7,None,1.344,21.74,,26100000,41000000,41000000,,,,,,,,,69900000,61400000,None,867500000,867500000,82400000,None,3100000,213300000,None,None,18200000,,0.54,0.0047,,,,0.276,0.06,64400000,82600000,1.08,2023-09-30,25.19,473600000,594500000.0,251500000,46300000,-1000000,212200000,212200000,None,23100000,None,330100000,None,None,361100000,None,None,-4600000,None,None,None,0.171,,187800000,63700000,19300000,46800000,None,21600000,None,,,,,2.354,5.25,3.356,,,,,,,,0.115,,342300000,2025-10-30,quarterly,1.14,USD,pre-market,19900000,875500000,0.112,0.191,0.17,33.83,228300000,390300000,11300000,None,105.84,114.04,5.5556,1654600000,603700000,202600000,698700000,1050900000,496100000,1156900000,955900000,29.7,None,132.72,66.21
2025-12-28,FSS,3.82,2055400000.0,29.7,None,1.344,21.74,,27900000,48800000,48800000,,,,,,,,,69900000,61400000,None,867500000,867500000,86700000,None,2400000,193400000,None,None,18200000,,0.54,0.0047,,,,0.276,0.06,64400000,82600000,1.08,2023-06-30,25.19,475400000,594500000.0,251500000,46300000,-1000000,216700000,216700000,None,23100000,None,339400000,None,None,405000000,None,None,-4600000,None,None,None,0.171,,187800000,63700000,24400000,44000000,None,39400000,None,,,,,2.354,5.25,3.356,,,,,,,,0.115,,189100000,2025-10-30,quarterly,1.14,USD,pre-market,19900000,838300000,0.112,0.191,0.17,33.83,228300000,435300000,10900000,None,105.84,114.04,5.5556,1660700000,606000000,198400000,736800000,1054700000,538400000,1156900000,923900000,29.7,-185500000,132.72,66.21
2025-12-28,FSS,3.82,2055400000.0,29.7,None,1.344,21.74,,28800000,38400000,38400000,,,,,,,,,69700000,61300000,None,867500000,867500000,95600000,None,1600000,191600000,None,None,18200000,,0.54,0.0047,,,,0.276,0.06,64400000,82600000,1.08,2023-03-31,25.19,458400000,594500000.0,251500000,46300000,-1000000,212800000,212800000,None,23100000,None,317600000,None,None,372000000,None,None,-4600000,None,None,None,0.171,,187800000,63700000,18700000,49800000,None,35800000,None,,,,,2.354,5.25,3.356,,,,,,,,0.115,,180800000,2025-10-30,quarterly,1.14,USD,pre-market,19900000,804100000,0.112,0.191,0.17,33.83,228300000,402400000,9800000,None,105.84,114.04,5.5556,1584300000,566300000,203100000,702300000,1018000000,499200000,1156900000,882000000,29.7,-183100000,132.72,66.21
2025-12-28,FSS,3.82,2055400000.0,29.7,None,1.344,21.74,,27400000,47500000,47500000,,,,,,,,,69500000,61200000,None,867500000,867500000,72400000,None,800000,173800000,None,None,18200000,,0.54,0.0047,,,,0.276,0.06,64400000,82600000,1.08,2022-12-31,25.19,453400000,594500000.0,251500000,46300000,-1000000,208200000,208200000,None,23100000,None,292700000,None,None,360200000,None,None,-4600000,None,None,None,0.171,,187800000,63700000,17400000,43200000,None,70400000,None,,,,,2.354,5.25,3.356,,,,,,,,0.115,,179300000,2025-10-30,quarterly,1.14,USD,pre-market,19900000,782200000,0.112,0.191,0.17,33.83,228300000,388400000,8400000,None,105.84,114.04,5.5556,1524300000,531400000,180500000,663400000,992900000,482900000,1156900000,860900000,29.7,-178600000,132.72,66.21
2025-12-28,FSS,3.82,2055400000.0,29.7,None,1.344,21.74,,27900000,35500000,35500000,,,,,,,,,69200000,61000000,None,867500000,867500000,80900000,None,None,170000000,None,None,18200000,,0.54,0.0047,,,,0.276,0.06,64400000,82600000,1.08,2022-09-30,25.19,430800000,594500000.0,251500000,46300000,-1000000,197600000,197600000,None,23100000,None,287500000,None,None,329500000,None,None,-4600000,None,None,None,0.171,,187800000,63700000,17800000,41400000,None,32700000,None,,,,,2.354,5.25,3.356,,,,,,,,0.115,,170800000,2025-10-30,quarterly,1.14,USD,pre-market,19900000,753000000,0.112,0.191,0.17,33.83,228300000,357400000,7500000,None,105.84,114.04,5.5556,1465100000,510800000,181400000,637100000,954300000,455700000,1156900000,828000000,29.7,-171300000,132.72,66.21
2025-12-28,FSS,3.82,2055400000.0,29.7,None,1.344,21.74,,29700000,31200000,31200000,,,,,,,,,69200000,60900000,None,867500000,867500000,77900000,None,None,169900000,None,None,18200000,,0.54,0.0047,,,,0.276,0.06,64400000,82600000,1.08,2022-06-30,25.19,430700000,594500000.0,251500000,46300000,-1000000,203400000,203400000,None,23100000,None,259600000,None,None,324500000,None,None,-4600000,None,None,None,0.171,,187800000,63700000,19200000,41900000,None,71200000,None,,,,,2.354,5.25,3.356,,,,,,,,0.115,,172200000,2025-10-30,quarterly,1.14,USD,pre-market,19900000,726700000,0.112,0.191,0.17,33.83,228300000,354200000,7400000,None,105.84,114.04,5.5556,1443800000,479900000,179700000,634700000,963900000,455000000,1156900000,809100000,29.7,-170200000,132.72,66.21
2025-12-28,FSS,3.82,2055400000.0,29.7,None,1.344,21.74,,27900000,39200000,39200000,,,,,,,,,69100000,61400000,None,867500000,867500000,80700000,None,None,156400000,None,None,18200000,,0.54,0.0047,,,,0.276,0.06,64400000,82600000,1.08,2022-03-31,25.19,431300000,594500000.0,251500000,46300000,-1000000,203600000,203600000,None,23100000,None,249700000,None,None,327800000,None,None,-4600000,None,None,None,0.171,,187800000,63700000,18900000,41300000,None,72100000,None,,,,,2.354,5.25,3.356,,,,,,,,0.115,,170400000,2025-10-30,quarterly,1.14,USD,pre-market,19900000,698600000,0.112,0.191,0.17,33.83,228300000,355700000,6800000,None,105.84,114.04,5.5556,1425100000,464200000,181500000,637300000,960900000,455800000,1156900000,787800000,29.7,-166500000,132.72,66.21
2025-12-28,FSS,3.82,2055400000.0,29.7,None,1.344,21.74,,33000000,40500000,40500000,,,,,,,,,68900000,61700000,None,867500000,867500000,64800000,None,None,136000000,None,None,18200000,,0.54,0.0047,,,,0.276,0.06,64400000,82600000,1.08,2021-12-31,25.19,432200000,594500000.0,251500000,46300000,-1000000,205700000,205700000,None,23100000,None,229100000,None,None,282200000,None,None,-4600000,None,None,None,0.171,,187800000,63700000,25400000,44400000,None,76300000,None,,,,,2.354,5.25,3.356,,,,,,,,0.115,,280100000,2025-10-30,quarterly,1.14,USD,pre-market,19900000,683600000,0.112,0.191,0.17,33.83,228300000,313700000,9400000,-500000,105.84,114.04,5.5556,1366100000,431000000,170400000,582100000,935100000,411700000,1156900000,784000000,29.7,-151000000,132.72,66.21
2025-12-28,FSS,3.82,2055400000.0,29.7,None,1.344,21.74,,34900000,88000000,88000000,,,,,,,,,68700000,61700000,None,867500000,867500000,65600000,None,None,140800000,None,None,18200000,,0.54,0.0047,,,,0.276,0.06,64400000,82600000,1.08,2021-09-30,25.19,406900000,594500000.0,251500000,46300000,-1000000,173000000,173000000,None,23100000,None,217000000,None,None,250200000,None,None,-4600000,None,None,None,0.171,,187800000,63700000,18200000,47100000,None,93200000,None,,,,,2.354,5.25,3.356,,,,,,,,0.115,,111200000,2025-10-30,quarterly,1.14,USD,pre-market,19900000,669600000,0.112,0.191,0.17,33.83,228300000,285100000,10600000,None,105.84,114.04,5.5556,1313800000,464000000,157500000,548100000,849800000,390600000,1156900000,765700000,29.7,-133400000,132.72,66.21
2025-12-28,FSS,3.82,2055400000.0,29.7,None,1.344,21.74,,36100000,54500000,54500000,,,,,,,,,68700000,61800000,None,867500000,867500000,70500000,None,None,148000000,None,None,18200000,,0.54,0.0047,,,,0.276,0.06,64400000,82600000,1.08,2021-06-30,25.19,407600000,594500000.0,251500000,46300000,-1000000,176100000,176100000,None,23100000,None,203900000,None,None,223000000,None,None,-4600000,None,None,None,0.171,,187800000,63700000,21800000,46300000,None,20000000,None,,,,,2.354,5.25,3.356,,,,,,,,0.115,,263900000,2025-10-30,quarterly,1.14,USD,pre-market,19900000,645900000,0.112,0.191,0.17,33.83,228300000,257400000,10600000,None,105.84,114.04,5.5556,1289400000,428200000,170900000,543400000,861200000,372500000,1156900000,746000000,29.7,-129800000,132.72,66.21
2025-12-28,FSS,3.82,2055400000.0,29.7,None,1.344,21.74,,38200000,54800000,54800000,,,,,,,,,68400000,61700000,None,867500000,867500000,71200000,None,None,136300000,None,None,18200000,,0.54,0.0047,,,,0.276,0.06,64400000,82600000,1.08,2021-03-31,25.19,406700000,594500000.0,251500000,46300000,-1000000,178700000,178700000,None,23100000,None,204600000,None,None,220100000,None,None,-4600000,None,None,None,0.171,,187800000,63700000,9200000,46100000,None,103400000,None,,,,,2.354,5.25,3.356,,,,,,,,0.115,,112500000,2025-10-30,quarterly,1.14,USD,pre-market,19900000,621700000,0.112,0.191,0.17,33.83,228300000,258300000,10500000,None,105.84,114.04,5.5556,1266100000,404900000,166700000,546500000,861200000,379800000,1156900000,719600000,29.7,-124300000,132.72,66.21
2025-12-28,FSS,3.82,2055400000.0,29.7,None,1.344,21.74,,24300000,81700000,81700000,,,,,,,,,67800000,60300000,None,867500000,867500000,51600000,None,None,127000000,None,None,18200000,,0.54,0.0047,,,,0.276,0.06,64400000,82600000,1.08,2020-12-31,25.19,394200000,594500000.0,251500000,46300000,-1000000,153500000,153500000,None,23100000,None,185000000,None,None,209400000,None,None,-4600000,None,None,None,0.171,,187800000,63700000,11800000,44800000,None,94800000,None,,,,,2.354,5.25,3.356,,,,,,,,0.115,,106900000,2025-10-30,quarterly,1.14,USD,pre-market,19900000,605000000,0.112,0.191,0.17,33.83,228300000,233700000,8400000,None,105.84,114.04,5.5556,1208800000,405500000,148400000,506700000,803300000,358300000,1156900000,702100000,29.7,-119800000,132.72,66.21
2025-12-28,FSS,3.82,2055400000.0,29.7,None,1.344,21.74,,25000000,66200000,66200000,,,,,,,,,67800000,61300000,None,867500000,867500000,71100000,None,None,145000000,None,None,18200000,,0.54,0.0047,,,,0.276,0.06,64400000,82600000,1.08,2020-09-30,25.19,392000000,594500000.0,251500000,46300000,-1000000,155400000,155400000,None,23100000,None,196600000,None,None,238200000,None,None,-4600000,None,None,None,0.171,,187800000,63700000,9900000,39900000,None,89500000,None,,,,,2.354,5.25,3.356,,,,,,,,0.115,,105600000,2025-10-30,quarterly,1.14,USD,pre-market,19900000,583800000,0.112,0.191,0.17,33.83,228300000,263200000,8300000,None,105.84,114.04,5.5556,1224700000,417700000,158600000,544900000,807000000,386300000,1156900000,679800000,29.7,-119300000,132.72,66.21
2025-12-28,FSS,3.82,2055400000.0,29.7,None,1.344,21.74,,19000000,73600000,73600000,,,,,,,,,67500000,61300000,None,867500000,867500000,73100000,None,None,125300000,None,None,18200000,,0.54,0.0047,,,,0.276,0.06,64400000,82600000,1.08,2020-06-30,25.19,390600000,594500000.0,251500000,46300000,-1000000,157600000,157600000,None,23100000,None,197500000,None,None,243900000,None,None,-4600000,None,None,None,0.171,,187800000,63700000,10400000,52600000,None,93800000,None,,,,,2.354,5.25,3.356,,,,,,,,0.115,,101400000,2025-10-30,quarterly,1.14,USD,pre-market,19900000,563300000,0.112,0.191,0.17,33.83,228300000,262900000,200000,None,105.84,114.04,5.5556,1211200000,406800000,160700000,555800000,804400000,395100000,1156900000,655400000,29.7,-115400000,132.72,66.21
2025-12-28,FSS,3.82,2055400000.0,29.7,None,1.344,21.74,,20500000,69400000,69400000,,,,,,,,,67200000,61700000,None,867500000,867500000,78000000,None,None,141400000,None,None,18200000,,0.54,0.0047,,,,0.276,0.06,64400000,82600000,1.08,2020-03-31,25.19,387900000,594500000.0,251500000,46300000,-1000000,159800000,159800000,None,23100000,None,201400000,None,None,278200000,None,None,-4600000,None,None,None,0.171,,187800000,63700000,10700000,50300000,None,90800000,None,,,,,2.354,5.25,3.356,,,,,,,,0.115,,98100000,2025-10-30,quarterly,1.14,USD,pre-market,19900000,546800000,0.112,0.191,0.17,33.83,228300000,298700000,200000,None,105.84,114.04,5.5556,1227100000,422900000,167100000,590900000,804200000,423800000,1156900000,636200000,29.7,-111400000,132.72,66.21
2025-12-28,FSS,3.82,2055400000.0,29.7,None,1.344,21.74,,22200000,31600000,31600000,,,,,,,,,66900000,60200000,None,867500000,867500000,65000000,None,None,134200000,None,None,18200000,,0.54,0.0047,,,,0.276,0.06,64400000,82600000,1.08,2019-12-31,25.19,388800000,594500000.0,251500000,46300000,-1000000,162900000,162900000,None,23100000,None,182900000,None,None,219900000,None,900000,-4600000,None,None,None,0.171,,187800000,63700000,12000000,44200000,None,90700000,None,,,,,2.354,5.25,3.356,,,,,,,,0.115,,207300000,2025-10-30,quarterly,1.14,USD,pre-market,19900000,528200000,0.112,0.191,0.17,33.83,228300000,250300000,8400000,None,105.84,114.04,5.5556,1165500000,360700000,160200000,523900000,804800000,363700000,1156900000,641600000,29.7,-93000000,132.72,66.21
2025-12-28,FSS,3.82,2055400000.0,29.7,None,1.344,21.74,,22500000,35900000,35900000,,,,,,,,,66900000,61400000,None,867500000,867500000,70500000,None,None,142500000,None,None,18200000,,0.54,0.0047,,,,0.276,0.06,64400000,82600000,1.08,2019-09-30,25.19,392100000,594500000.0,251500000,46300000,-1000000,165100000,165100000,None,23100000,None,189100000,None,None,248700000,None,None,-4600000,None,None,None,0.171,,187800000,63700000,25400000,80600000,None,99700000,None,,,,,2.354,5.25,3.356,,,,,,,,0.115,,81100000,2025-10-30,quarterly,1.14,USD,pre-market,19900000,503200000,0.112,0.191,0.17,33.83,228300000,271200000,200000,None,105.84,114.04,5.5556,1173600000,380200000,164000000,569400000,793400000,405400000,1156900000,604200000,29.7,-92600000,132.72,66.21
2025-12-28,FSS,3.82,2055400000.0,29.7,None,1.344,21.74,,27800000,38600000,38600000,,,,,,,,,66700000,61300000,None,867500000,867500000,71300000,None,None,145900000,None,None,18200000,,0.54,0.0047,,,,0.276,0.06,64400000,82600000,1.08,2019-06-30,25.19,375000000,594500000.0,251500000,46300000,-1000000,139500000,139500000,None,23100000,None,173500000,None,None,208800000,None,None,-4600000,None,None,None,0.171,,187800000,63700000,18800000,76700000,None,89400000,None,,,,,2.354,5.25,3.356,,,,,,,,0.115,,67200000,2025-10-30,quarterly,1.14,USD,pre-market,19900000,479700000,0.112,0.191,0.17,33.83,228300000,236600000,8000000,400000,105.84,114.04,5.5556,1095700000,367600000,166000000,515600000,728100000,349600000,1156900000,580100000,29.7,-91400000,132.72,66.21
2025-12-28,FSS,3.82,2055400000.0,29.7,None,1.344,21.74,,21600000,22700000,22700000,,,,,,,,,66500000,61200000,None,867500000,867500000,72900000,None,6800000,139400000,None,None,18200000,,0.54,0.0047,,,,0.276,0.06,64400000,82600000,1.08,2019-03-31,25.19,374700000,594500000.0,251500000,46300000,-1000000,141300000,141300000,None,23100000,None,169000000,None,None,216200000,None,1400000,-4600000,None,None,None,0.171,,187800000,63700000,18200000,79000000,None,92400000,None,,,,,2.354,5.25,3.356,,,,,,,,0.115,,63400000,2025-10-30,quarterly,1.14,USD,pre-market,19900000,451700000,0.112,0.191,0.17,33.83,228300000,237800000,7000000,None,105.84,114.04,5.5556,1070200000,340200000,163500000,521800000,730000000,358300000,1156900000,548400000,29.7,-90600000,132.72,66.21
2025-12-28,FSS,3.82,2055400000.0,29.7,None,1.344,21.74,,None,37400000,37400000,,,,,,,,,66400000,60000000,None,867500000,867500000,36600000,None,200000,124400000,None,None,18200000,,0.54,0.0047,,,,0.276,0.06,64400000,82600000,1.08,2018-12-31,25.19,375100000,594500000.0,251500000,46300000,-1000000,143100000,143100000,None,23100000,None,157300000,None,None,209400000,None,2000000,-4600000,None,None,None,0.171,,187800000,63700000,18800000,111700000,None,71900000,None,,,,,2.354,5.25,3.356,,,,,,,,0.115,,158600000,2025-10-30,quarterly,1.14,USD,pre-market,19900000,432500000,0.112,0.191,0.17,33.83,228300000,210100000,400000,None,105.84,114.04,5.5556,1023800000,328500000,158800000,493700000,695300000,334900000,1156900000,530100000,29.7,-88500000,132.72,66.21
2025-12-28,FSS,3.82,2055400000.0,29.7,None,1.344,21.74,,None,35000000,35000000,,,,,,,,,66300000,61100000,None,867500000,867500000,66000000,None,None,117800000,None,None,18200000,,0.54,0.0047,,,,0.276,0.06,64400000,82600000,1.08,2018-09-30,25.19,375800000,594500000.0,251500000,46300000,-1000000,145600000,145600000,None,23100000,None,153600000,None,None,221400000,None,3000000,-4600000,None,None,None,0.171,,187800000,63700000,16000000,80000000,None,66300000,None,,,,,2.354,5.25,3.356,,,,,,,,0.115,,61100000,2025-10-30,quarterly,1.14,USD,pre-market,19900000,394300000,0.112,0.191,0.17,33.83,228300000,222200000,600000,0,105.84,114.04,5.5556,1009300000,314400000,155100000,497500000,694900000,342400000,1156900000,511800000,29.7,-87100000,132.72,66.21
2025-12-28,FSS,3.82,2055400000.0,29.7,None,1.344,21.74,,None,36000000,36000000,,,,,,,,,66300000,61000000,None,867500000,867500000,66300000,None,248100000,131200000,None,None,18200000,,0.54,0.0047,,,,0.276,0.06,64400000,82600000,1.08,2018-06-30,25.19,376000000,594500000.0,251500000,46300000,-1000000,147400000,147400000,None,23100000,None,147700000,None,None,247300000,None,2900000,-4600000,None,None,None,0.171,,187800000,63700000,20200000,75700000,None,70200000,None,,,,,2.354,5.25,3.356,,,,,,,,0.115,,61000000,2025-10-30,quarterly,1.14,USD,pre-market,19900000,377400000,0.112,0.191,0.17,33.83,228300000,248100000,600000,0,105.84,114.04,5.5556,1016200000,325000000,151200000,523800000,691200000,372600000,1156900000,492400000,29.7,-86700000,132.72,66.21
2025-12-28,FSS,3.82,2055400000.0,29.7,None,1.344,21.74,,None,35400000,35400000,,,,,,,,,66100000,60800000,None,867500000,867500000,64000000,None,267300000,124500000,None,None,18200000,,0.54,0.0047,,,,0.276,0.06,64400000,82600000,1.08,2018-03-31,25.19,378200000,594500000.0,251500000,46300000,-1000000,149600000,149600000,None,23100000,None,152900000,None,None,266500000,None,2600000,-4600000,None,None,None,0.171,,187800000,63700000,16800000,40300000,None,85600000,None,,,,,2.354,5.25,3.356,,,,,,,,0.115,,60200000,2025-10-30,quarterly,1.14,USD,pre-market,19900000,355300000,0.112,0.191,0.17,33.83,228300000,267300000,600000,0,105.84,114.04,5.5556,1008100000,321200000,131200000,538200000,686900000,407000000,1156900000,469900000,29.7,-86300000,132.72,66.21
2025-12-28,FSS,3.82,2055400000.0,29.7,None,1.344,21.74,,None,37500000,37500000,,,,,,,,,66100000,59800000,None,867500000,867500000,51500000,None,300000,118200000,None,None,18200000,,0.54,0.0047,,,,0.276,0.06,64400000,82600000,1.08,2017-12-31,25.19,377300000,594500000.0,251500000,46300000,-1000000,151800000,151800000,None,23100000,None,137200000,None,None,277400000,None,1600000,-4600000,None,None,None,0.171,,187800000,63700000,21800000,58500000,None,86300000,None,,,,,2.354,5.25,3.356,,,,,,,,0.115,,147300000,2025-10-30,quarterly,1.14,USD,pre-market,19900000,346600000,0.112,0.191,0.17,33.83,228300000,277700000,600000,0,105.84,114.04,5.5556,992300000,303800000,117100000,534900000,688500000,417800000,1156900000,457400000,29.7,-86100000,132.72,66.21
2025-12-28,FSS,3.82,2055400000.0,29.7,None,1.344,21.74,,None,28200000,28200000,,,,,,,,,66000000,60600000,None,867500000,867500000,63000000,None,283100000,118900000,None,None,18200000,,0.54,0.0047,,,,0.276,0.06,64400000,82600000,1.08,2017-09-30,25.19,371400000,594500000.0,251500000,46300000,-1000000,161100000,161100000,None,23100000,None,143900000,None,None,282900000,None,None,-4600000,None,None,None,0.171,,187800000,63700000,19200000,56300000,None,85200000,None,,,,,2.354,5.25,3.356,,,,,,,,0.115,,63200000,2025-10-30,quarterly,1.14,USD,pre-market,19900000,320400000,0.112,0.191,0.17,33.83,228300000,283100000,400000,0,105.84,114.04,5.5556,997200000,300600000,127000000,572000000,696600000,445000000,1156900000,425200000,29.7,-84800000,132.72,66.21
2025-12-28,FSS,3.82,2055400000.0,29.7,None,1.344,21.74,,None,37000000,37000000,,,,,,,,,65900000,60300000,None,867500000,867500000,66700000,None,289200000,117500000,None,None,18200000,,0.54,0.0047,,,,0.276,0.06,64400000,82600000,1.08,2017-06-30,25.19,372200000,594500000.0,251500000,46300000,-1000000,162800000,162800000,None,23100000,None,139700000,None,None,288900000,None,None,-4600000,None,None,None,0.171,,187800000,63700000,17400000,58900000,None,86500000,None,,,,,2.354,5.25,3.356,,,,,,,,0.115,,63900000,2025-10-30,quarterly,1.14,USD,pre-market,19900000,312100000,0.112,0.191,0.17,33.83,228300000,289200000,600000,0,105.84,114.04,5.5556,997600000,302900000,132700000,585200000,694700000,452500000,1156900000,412400000,29.7,-84500000,132.72,66.21
2025-12-28,FSS,3.82,2055400000.0,29.7,None,1.344,21.74,,None,56800000,56800000,,,,,,,,,65700000,60300000,None,867500000,867500000,41200000,None,400000,81800000,None,None,18200000,,0.54,0.0047,,,,0.276,0.06,64400000,82600000,1.08,2017-03-31,25.19,237000000,594500000.0,251500000,46300000,-1000000,10300000,10300000,None,23100000,None,127500000,None,None,64100000,None,None,-4600000,None,None,None,0.171,,187800000,63700000,14600000,43300000,None,89100000,None,,,,,2.354,5.25,3.356,,,,,,,,0.115,,41600000,2025-10-30,quarterly,1.14,USD,pre-market,19900000,304900000,0.112,0.191,0.17,33.83,228300000,64500000,800000,0,105.84,114.04,5.5556,652000000,273400000,90900000,254300000,378600000,163400000,1156900000,397700000,29.7,-83300000,132.72,66.21
2025-12-28,FSS,3.82,2055400000.0,29.7,None,1.344,21.74,,None,50700000,50700000,,,,,,,,,65400000,59800000,None,867500000,867500000,35300000,None,64000000,81300000,None,None,18200000,,0.54,0.0047,,,,0.276,0.06,64400000,82600000,1.08,2016-12-31,25.19,236500000,594500000.0,251500000,46300000,-1000000,10200000,10200000,None,23100000,None,120100000,None,None,63500000,None,None,-4600000,None,None,None,0.171,,187800000,63700000,7500000,44100000,None,90000000,None,,,,,2.354,5.25,3.356,,,,,,,,0.115,,123700000,2025-10-30,quarterly,1.14,USD,pre-market,19900000,301800000,0.112,0.191,0.17,33.83,228300000,64000000,1000000,0,105.84,114.04,5.5556,643200000,259600000,84900000,249100000,383600000,164200000,1156900000,394100000,29.7,-81400000,132.72,66.21
2025-12-28,FSS,3.82,2055400000.0,29.7,None,1.344,21.74,,None,50800000,50800000,,,,,,,,,65400000,60600000,None,867500000,867500000,37700000,None,500000,87600000,None,None,18200000,,0.54,0.0047,,,,0.276,0.06,64400000,82600000,1.08,2016-09-30,25.19,238300000,594500000.0,251500000,46300000,-1000000,10500000,10500000,None,23100000,None,115800000,None,None,65100000,None,None,-4600000,None,None,None,0.171,,187800000,63700000,13200000,47800000,None,78900000,None,,,,,2.354,5.25,3.356,,,,,,,,0.115,,129300000,2025-10-30,quarterly,1.14,USD,pre-market,19900000,293300000,0.112,0.191,0.17,33.83,228300000,65600000,1000000,0,105.84,114.04,5.5556,648600000,260800000,91900000,247100000,387800000,155200000,1156900000,401500000,29.7,-77300000,132.72,66.21
2025-12-28,FSS,3.82,2055400000.0,29.7,None,1.344,21.74,,None,38700000,38700000,,,,,,,,,65300000,60900000,None,867500000,867500000,40900000,None,600000,82500000,None,None,18200000,,0.54,0.0047,,,,0.276,0.06,64400000,82600000,1.08,2016-06-30,25.19,236200000,594500000.0,251500000,46300000,-1000000,12200000,12200000,None,23100000,None,119500000,None,None,66300000,None,None,-4600000,None,None,None,0.171,,187800000,63700000,13000000,47100000,None,82200000,None,,,,,2.354,5.25,3.356,,,,,,,,0.115,,136300000,2025-10-30,quarterly,1.14,USD,pre-market,19900000,289000000,0.112,0.191,0.17,33.83,228300000,66900000,1200000,0,105.84,114.04,5.5556,651300000,253700000,95100000,255300000,397600000,160200000,1156900000,396000000,29.7,-76600000,132.72,66.21
2025-12-28,FSS,3.82,2055400000.0,29.7,None,1.344,21.74,,None,77300000,77300000,,,,,,,,,65300000,63000000,None,867500000,867500000,37000000,None,None,87100000,None,None,18200000,,0.54,0.0047,,,,0.276,0.06,64400000,82600000,1.08,2016-03-31,25.19,236200000,594500000.0,251500000,46300000,-1000000,236200000,236200000,None,23100000,None,93600000,None,None,200000,None,None,-4600000,None,None,None,0.171,,187800000,63700000,18700000,47500000,None,73600000,None,,,,,2.354,5.25,3.356,,,,,,,,0.115,,55000000,2025-10-30,quarterly,1.14,USD,pre-market,19900000,284200000,0.112,0.191,0.17,33.83,228300000,600000,800000,0,105.84,114.04,5.5556,583200000,276700000,89900000,175800000,306500000,85900000,1156900000,407400000,29.7,-59600000,132.72,66.21
2025-12-28,FSS,3.82,2055400000.0,29.7,None,1.344,21.74,,None,76000000,76000000,,,,,,,,,64800000,62300000,None,867500000,867500000,38000000,None,44100000,73000000,None,None,18200000,,0.54,0.0047,,,,0.276,0.06,64400000,82600000,1.08,2015-12-31,25.19,231600000,594500000.0,251500000,46300000,-1000000,200000,200000,None,23100000,None,87200000,None,None,43700000,None,None,-4600000,None,None,None,0.171,,187800000,63700000,78900000,78800000,None,87400000,None,,,,,2.354,5.25,3.356,,,,,,,,0.115,,52900000,2025-10-30,quarterly,1.14,USD,pre-market,19900000,274900000,0.112,0.191,0.17,33.83,228300000,44100000,400000,0,105.84,114.04,5.5556,666500000,315100000,117200000,260900000,351400000,143700000,1156900000,405600000,29.7,-40900000,132.72,66.21
2025-12-28,FSS,3.82,2055400000.0,29.7,None,1.344,21.74,,None,66200000,66200000,,,,,,,,,64800000,63300000,None,867500000,867500000,49100000,None,None,100000000,None,None,18200000,,0.54,0.0047,,,,0.276,0.06,64400000,82600000,1.08,2015-09-30,25.19,261600000,594500000.0,251500000,46300000,-1000000,261600000,261600000,None,23100000,None,124700000,None,None,40500000,None,None,-4600000,None,None,None,0.171,,187800000,63700000,21900000,61900000,None,80600000,None,,,,,2.354,5.25,3.356,,,,,,,,0.115,,68100000,2025-10-30,quarterly,1.14,USD,pre-market,19900000,267700000,0.112,0.191,0.17,33.83,228300000,47000000,6500000,0,105.84,114.04,5.5556,662800000,312800000,129400000,263600000,350000000,134200000,1156900000,399200000,29.7,-40900000,132.72,66.21
2025-12-28,FSS,3.82,2055400000.0,29.7,None,1.344,21.74,,None,35900000,35900000,,,,,,,,,64700000,63600000,None,867500000,867500000,49400000,None,None,119800000,None,None,18200000,,0.54,0.0047,,,,0.276,0.06,64400000,82600000,1.08,2015-06-30,25.19,262400000,594500000.0,251500000,46300000,-1000000,262400000,262400000,None,23100000,None,120100000,None,None,42400000,None,None,-4600000,None,None,None,0.171,,187800000,63700000,30900000,76200000,None,84900000,None,,,,,2.354,5.25,3.356,,,,,,,,0.115,,68200000,2025-10-30,quarterly,1.14,USD,pre-market,19900000,252700000,0.112,0.191,0.17,33.83,228300000,48600000,6200000,0,105.84,114.04,5.5556,660700000,306700000,131800000,272700000,354000000,140900000,1156900000,388000000,29.7,-35000000,132.72,66.21
2025-12-28,FSS,3.82,2055400000.0,29.7,None,1.344,21.74,,None,23000000,23000000,,,,,,,,,64700000,63700000,None,867500000,867500000,55100000,None,None,112200000,None,None,18200000,,0.54,0.0047,,,,0.276,0.06,64400000,82600000,1.08,2015-03-31,25.19,260800000,594500000.0,251500000,46300000,-1000000,260800000,260800000,None,23100000,None,126500000,None,None,43900000,None,None,-4600000,None,None,None,0.171,,187800000,63700000,29900000,60200000,None,86900000,None,,,,,2.354,5.25,3.356,,,,,,,,0.115,,68600000,2025-10-30,quarterly,1.14,USD,pre-market,19900000,238100000,0.112,0.191,0.17,33.83,228300000,52900000,9000000,0,105.84,114.04,5.5556,649000000,291600000,136400000,281300000,357400000,144900000,1156900000,367700000,29.7,-33300000,132.72,66.21
2025-12-28,FSS,3.82,2055400000.0,29.7,None,1.344,21.74,,None,30400000,30400000,,,,,,,,,64200000,62700000,None,867500000,867500000,41700000,None,5800000,73600000,None,None,18200000,,0.54,0.0047,,,,0.276,0.06,64400000,82600000,1.08,2014-12-31,25.19,266300000,594500000.0,251500000,46300000,-1000000,266300000,266300000,None,23100000,None,121000000,None,None,44000000,None,None,-4600000,None,None,None,0.171,,187800000,63700000,85400000,79100000,None,89400000,None,,,,,2.354,5.25,3.356,,,,,,,,0.115,,72600000,2025-10-30,quarterly,1.14,USD,pre-market,19900000,227000000,0.112,0.191,0.17,33.83,228300000,50200000,6200000,0,105.84,114.04,5.5556,658700000,290500000,139100000,287100000,368200000,148000000,1156900000,371600000,29.7,-27100000,132.72,66.21
2025-12-28,FSS,3.82,2055400000.0,29.7,None,1.344,21.74,,None,29100000,29100000,,,,,,,,,64100000,63800000,None,867500000,867500000,53700000,None,None,98000000,None,None,18200000,,0.54,0.0047,,,,0.276,0.06,64400000,82600000,1.08,2014-09-30,25.19,269200000,594500000.0,251500000,46300000,-1000000,269200000,269200000,None,23100000,None,131400000,None,None,60700000,None,None,-4600000,None,None,None,0.171,,187800000,63700000,24800000,66200000,None,51300000,None,,,,,2.354,5.25,3.356,,,,,,,,0.115,,68100000,2025-10-30,quarterly,1.14,USD,pre-market,19900000,205000000,0.112,0.191,0.17,33.83,228300000,68600000,7900000,0,105.84,114.04,5.5556,651300000,283300000,145000000,272000000,368000000,127000000,1156900000,379300000,29.7,-23500000,132.72,66.21
2025-12-28,FSS,3.82,2055400000.0,29.7,None,1.344,21.74,,None,24200000,24200000,,,,,,,,,64000000,63800000,None,867500000,867500000,58700000,None,None,105000000,None,None,18200000,,0.54,0.0047,,,,0.276,0.06,64400000,82600000,1.08,2014-06-30,25.19,273600000,594500000.0,251500000,46300000,-1000000,273600000,273600000,None,23100000,None,124300000,None,None,62600000,None,None,-4600000,None,None,None,0.171,,187800000,63700000,28200000,59300000,None,55400000,None,,,,,2.354,5.25,3.356,,,,,,,,0.115,,68500000,2025-10-30,quarterly,1.14,USD,pre-market,19900000,191500000,0.112,0.191,0.17,33.83,228300000,75500000,12900000,0,105.84,114.04,5.5556,658500000,281700000,149500000,283000000,376800000,133500000,1156900000,375500000,29.7,-20100000,132.72,66.21
2025-12-28,FSS,3.82,2055400000.0,29.7,None,1.344,21.74,,None,16000000,16000000,,,,,,,,,63900000,63700000,None,867500000,867500000,54500000,None,None,107900000,None,None,18200000,,0.54,0.0047,,,,0.276,0.06,64400000,82600000,1.08,2014-03-31,25.19,273500000,594500000.0,251500000,46300000,-1000000,273500000,273500000,None,23100000,None,121400000,None,None,74600000,None,None,-4600000,None,None,None,0.171,,187800000,63700000,25800000,56000000,None,58500000,None,,,,,2.354,5.25,3.356,,,,,,,,0.115,,65900000,2025-10-30,quarterly,1.14,USD,pre-market,19900000,176300000,0.112,0.191,0.17,33.83,228300000,88100000,13500000,0,105.84,114.04,5.5556,651600000,271100000,141900000,291000000,380500000,149100000,1156900000,360600000,29.7,-16800000,132.72,66.21
2025-12-28,FSS,3.82,2055400000.0,29.7,None,1.344,21.74,,None,23800000,23800000,,,,,,,,,63800000,62600000,None,867500000,867500000,50500000,None,None,95600000,None,None,18200000,,0.54,0.0047,,,,0.276,0.06,64400000,82600000,1.08,2013-12-31,25.19,273800000,594500000.0,251500000,46300000,-1000000,273800000,273800000,None,23100000,None,109800000,None,None,84700000,None,None,-4600000,None,None,None,0.171,,187800000,63700000,36300000,63500000,None,60000000,None,,,,,2.354,5.25,3.356,,,,,,,,0.115,,63800000,2025-10-30,quarterly,1.14,USD,pre-market,19900000,168900000,0.112,0.191,0.17,33.83,228300000,92100000,7400000,0,105.84,114.04,5.5556,644800000,265500000,132600000,293800000,379300000,161200000,1156900000,351000000,29.7,-16800000,132.72,66.21
2025-12-28,FSS,3.82,2055400000.0,29.7,None,1.344,21.74,,None,20900000,20900000,,,,,,,,,63700000,63200000,None,867500000,867500000,48800000,None,None,108200000,None,None,18200000,,0.54,0.0047,,,,0.276,0.06,64400000,82600000,1.08,2013-09-30,25.19,273100000,594500000.0,251500000,46300000,-1000000,600000,600000,None,23100000,None,111300000,None,None,121000000,None,None,-4600000,None,None,None,0.171,,187800000,63700000,25600000,62100000,None,99600000,None,,,,,2.354,5.25,3.356,,,,,,,,0.115,,61100000,2025-10-30,quarterly,1.14,USD,pre-market,19900000,141800000,0.112,0.191,0.17,33.83,228300000,127500000,6500000,0,105.84,114.04,5.5556,656800000,266000000,127900000,366600000,390800000,238700000,1156900000,290200000,29.7,-16700000,132.72,66.21
2025-12-28,FSS,3.82,2055400000.0,29.7,None,1.344,21.74,,None,13100000,13100000,,,,,,,,,63600000,62900000,None,867500000,867500000,47200000,None,None,105100000,None,None,18200000,,0.54,0.0047,,,,0.276,0.06,64400000,82600000,1.08,2013-06-30,25.19,270500000,594500000.0,251500000,46300000,-1000000,600000,600000,None,23100000,None,112200000,None,None,137600000,None,None,-4600000,None,None,None,0.171,,187800000,63700000,28000000,58700000,None,100000000,None,,,,,2.354,5.25,3.356,,,,,,,,0.115,,60300000,2025-10-30,quarterly,1.14,USD,pre-market,19900000,125800000,0.112,0.191,0.17,33.83,228300000,145300000,6600000,0,105.84,114.04,5.5556,650000000,258400000,126100000,382300000,391600000,256200000,1156900000,267700000,29.7,-16600000,132.72,66.21
2025-12-28,FSS,3.82,2055400000.0,29.7,None,1.344,21.74,,None,12800000,12800000,,,,,,,,,63400000,62400000,None,867500000,867500000,53900000,None,None,104400000,None,None,18200000,,0.54,0.0047,,,,0.276,0.06,64400000,82600000,1.08,2013-03-31,25.19,270100000,594500000.0,251500000,46300000,-1000000,600000,600000,None,23100000,None,125800000,None,None,154500000,None,None,-4600000,None,None,None,0.171,,187800000,63700000,25900000,65100000,None,106700000,None,,,,,2.354,5.25,3.356,,,,,,,,0.115,,58600000,2025-10-30,quarterly,1.14,USD,pre-market,19900000,8300000,0.112,0.191,0.17,33.83,228300000,160600000,6100000,0,105.84,114.04,5.5556,601800000,268900000,141700000,457900000,332900000,316200000,1156900000,143900000,29.7,-16400000,132.72,66.21
2025-12-28,FSS,3.82,2055400000.0,29.7,None,1.344,21.74,,None,29700000,29700000,,,,,,,,,63400000,62400000,None,867500000,867500000,52500000,None,None,96900000,None,None,18200000,,0.54,0.0047,,,,0.276,0.06,64400000,82600000,1.08,2012-12-31,25.19,272300000,594500000.0,251500000,46300000,-1000000,700000,700000,None,23100000,None,119900000,None,None,152800000,None,None,-4600000,None,None,None,0.171,,187800000,63700000,20700000,79000000,None,128100000,None,,,,,2.354,5.25,3.356,,,,,,,,0.115,,59300000,2025-10-30,quarterly,1.14,USD,pre-market,19900000,8900000,0.112,0.191,0.17,33.83,228300000,157800000,5000000,1000000,105.84,114.04,5.5556,613200000,267200000,149600000,466300000,346000000,316700000,1156900000,146900000,29.7,-16400000,132.72,66.21
2025-12-28,FSS,3.82,2055400000.0,29.7,None,1.344,21.74,,None,9100000,9100000,,,,,,,,,63400000,63000000,None,867500000,867500000,50900000,None,None,99400000,None,None,18200000,,0.54,0.0047,,,,0.276,0.06,64400000,82600000,1.08,2012-09-30,25.19,271000000,594500000.0,251500000,46300000,-1000000,1000000,1000000,None,23100000,None,129500000,None,None,151800000,None,None,-4600000,None,None,None,0.171,,187800000,63700000,23500000,73500000,None,103800000,None,,,,,2.354,5.25,3.356,,,,,,,,0.115,,58800000,2025-10-30,quarterly,1.14,USD,pre-market,19900000,4200000,0.112,0.191,0.17,33.83,228300000,159900000,8100000,1500000,105.84,114.04,5.5556,607200000,261500000,151100000,448700000,345700000,297600000,1156900000,158500000,29.7,-16400000,132.72,66.21
2025-12-28,FSS,3.82,2055400000.0,29.7,None,1.344,21.74,,None,10300000,10300000,,,,,,,,,63300000,62600000,None,867500000,867500000,53100000,None,None,108300000,None,None,18200000,,0.54,0.0047,,,,0.276,0.06,64400000,82600000,1.08,2012-06-30,25.19,269700000,594500000.0,251500000,46300000,-1000000,1300000,1300000,None,23100000,None,117900000,None,None,221900000,None,None,-4600000,None,None,None,0.171,,187800000,63700000,145700000,98500000,None,110500000,None,,,,,2.354,5.25,3.356,,,,,,,,0.115,,58100000,2025-10-30,quarterly,1.14,USD,pre-market,19900000,18900000,0.112,0.191,0.17,33.83,228300000,236700000,14800000,1500000,105.84,114.04,5.5556,720300000,382200000,181900000,551600000,338100000,369700000,1156900000,168700000,29.7,-16300000,132.72,66.21
2025-12-28,FSS,3.82,2055400000.0,29.7,None,1.344,21.74,,None,13400000,13400000,,,,,,,,,63100000,62200000,None,867500000,867500000,62400000,None,None,127000000,None,None,18200000,,0.54,0.0047,,,,0.276,0.06,64400000,82600000,1.08,2012-03-31,25.19,296300000,594500000.0,251500000,46300000,-1000000,69200000,69200000,None,23100000,None,126500000,None,None,227200000,None,None,-4600000,None,None,None,0.171,,187800000,63700000,26500000,71500000,None,117500000,None,,,,,2.354,5.25,3.356,,,,,,,,0.115,,62600000,2025-10-30,quarterly,1.14,USD,pre-market,19900000,35900000,0.112,0.191,0.17,33.83,228300000,235600000,8400000,2100000,105.84,114.04,5.5556,731700000,293400000,159200000,551100000,438300000,391900000,1156900000,180600000,29.7,-16300000,132.72,66.21
2025-12-28,FSS,3.82,2055400000.0,29.7,None,1.344,21.74,,None,9500000,9500000,,,,,,,,,63100000,62200000,None,867500000,867500000,49500000,None,None,105000000,None,None,18200000,,0.54,0.0047,,,,0.276,0.06,64400000,82600000,1.08,2011-12-31,25.19,294100000,594500000.0,251500000,46300000,-1000000,70700000,70700000,None,23100000,None,116100000,None,None,213100000,None,None,-4600000,None,None,None,0.171,,187800000,63700000,56100000,83500000,None,124200000,None,,,,,2.354,5.25,3.356,,,,,,,,0.115,,62200000,2025-10-30,quarterly,1.14,USD,pre-market,19900000,36400000,0.112,0.191,0.17,33.83,228300000,222300000,9100000,0,105.84,114.04,5.5556,706700000,274300000,147500000,532000000,432400000,384500000,1156900000,174700000,29.7,-16100000,132.72,66.21
2025-12-28,FSS,3.82,2055400000.0,29.7,None,1.344,21.74,,None,13200000,13200000,,,,,,,,,63100000,62200000,None,867500000,867500000,52200000,None,None,102000000,None,None,18200000,,0.54,0.0047,,,,0.276,0.06,64400000,82600000,1.08,2011-09-30,25.19,310700000,594500000.0,251500000,46300000,-1000000,80400000,80400000,None,23100000,None,121500000,None,None,33700000,None,None,-4600000,None,None,None,0.171,,187800000,63700000,20200000,58900000,None,90200000,None,,,,,2.354,5.25,3.356,,,,,,,,0.115,,63400000,2025-10-30,quarterly,1.14,USD,pre-market,19900000,53000000,0.112,0.191,0.17,33.83,228300000,227900000,194200000,0,105.84,114.04,5.5556,716800000,256900000,315500000,489800000,459900000,174300000,1156900000,227000000,29.7,-16100000,132.72,66.21
2025-12-28,FSS,3.82,2055400000.0,29.7,None,1.344,21.74,,None,14300000,14300000,,,,,,,,,63100000,62200000,None,867500000,867500000,58000000,None,None,113100000,None,None,18200000,,0.54,0.0047,,,,0.276,0.06,64400000,82600000,1.08,2011-06-30,25.19,316300000,594500000.0,251500000,46300000,-1000000,83100000,83100000,None,23100000,None,123500000,None,None,34100000,None,None,-4600000,None,None,None,0.171,,187800000,63700000,19000000,68900000,None,92800000,None,,,,,2.354,5.25,3.356,,,,,,,,0.115,,63600000,2025-10-30,quarterly,1.14,USD,pre-market,19900000,51300000,0.112,0.191,0.17,33.83,228300000,233900000,199800000,0,105.84,114.04,5.5556,738800000,269900000,326700000,504500000,468900000,177800000,1156900000,234300000,29.7,-16100000,132.72,66.21
2025-12-28,FSS,3.82,2055400000.0,29.7,None,1.344,21.74,,None,12700000,12700000,,,,,,,,,63000000,62100000,None,867500000,867500000,51600000,None,None,117200000,None,None,18200000,,0.54,0.0047,,,,0.276,0.06,64400000,82600000,1.08,2011-03-31,25.19,315200000,594500000.0,251500000,46300000,-1000000,85000000,85000000,None,23100000,None,120900000,None,None,184500000,None,None,-4600000,None,None,None,0.171,,187800000,63700000,19600000,77200000,None,None,None,,,,,2.354,5.25,3.356,,,,,,,,0.115,,64400000,2025-10-30,quarterly,1.14,USD,pre-market,19900000,45300000,0.112,0.191,0.17,33.83,228300000,242200000,57700000,None,105.84,114.04,5.5556,741300000,270400000,186500000,516000000,470900000,329500000,1156900000,225300000,29.7,-16100000,132.72,66.21
2025-12-28,FSS,3.82,2055400000.0,29.7,None,1.344,21.74,,None,62100000,62100000,,,,,,,,,63000000,62200000,None,867500000,867500000,53500000,None,None,100400000,None,None,18200000,,0.54,0.0047,,,,0.276,0.06,64400000,82600000,1.08,2010-12-31,25.19,310400000,594500000.0,251500000,46300000,-1000000,84400000,84400000,None,23100000,None,119600000,None,None,184400000,None,None,-4600000,None,None,None,0.171,,187800000,63700000,17900000,83100000,None,None,None,,,,,2.354,5.25,3.356,,,,,,,,0.115,,63200000,2025-10-30,quarterly,1.14,USD,pre-market,19900000,50600000,0.112,0.191,0.17,33.83,228300000,262400000,78000000,None,105.84,114.04,5.5556,764500000,300000000,214600000,543600000,464500000,329000000,1156900000,220900000,29.7,-15800000,132.72,66.21
2025-12-28,FSS,3.82,2055400000.0,29.7,None,1.344,21.74,,None,16000000,16000000,,,,,,,,,63100000,62300000,None,867500000,867500000,53400000,None,None,115500000,None,None,18200000,,0.54,0.0047,,,,0.276,0.06,64400000,82600000,1.08,2010-09-30,25.19,380300000,594500000.0,251500000,46300000,-1000000,97600000,97600000,None,23100000,None,124000000,None,None,218100000,None,None,-4600000,None,None,None,0.171,,187800000,63700000,25600000,83000000,None,None,None,,,,,2.354,5.25,3.356,,,,,,,,0.115,,65800000,2025-10-30,quarterly,1.14,USD,pre-market,19900000,228400000,0.112,0.191,0.17,33.83,228300000,229300000,11200000,None,105.84,114.04,5.5556,855300000,281100000,147600000,452100000,574200000,304500000,1156900000,403200000,29.7,-15800000,132.72,66.21
2025-12-28,FSS,3.82,2055400000.0,29.7,None,1.344,21.74,,None,13200000,13200000,,,,,,,,,63100000,57200000,None,867500000,867500000,52200000,None,None,123900000,None,None,18200000,,0.54,0.0047,,,,0.276,0.06,64400000,82600000,1.08,2010-06-30,25.19,374500000,594500000.0,251500000,46300000,-1000000,97600000,97600000,None,23100000,None,113800000,None,None,213400000,None,None,-4600000,None,None,None,0.171,,187800000,63700000,24300000,79400000,None,None,None,,,,,2.354,5.25,3.356,,,,,,,,0.115,,64600000,2025-10-30,quarterly,1.14,USD,pre-market,19900000,229700000,0.112,0.191,0.17,33.83,228300000,234600000,21200000,None,105.84,114.04,5.5556,843200000,275200000,152800000,452400000,568000000,299600000,1156900000,390800000,29.7,-15800000,132.72,66.21
2025-12-28,FSS,3.82,2055400000.0,29.7,None,1.344,21.74,,None,12300000,12300000,,,,,,,,,50800000,49200000,None,867500000,867500000,48800000,None,None,120200000,None,None,18200000,,0.54,0.0047,,,,0.276,0.06,64400000,82600000,1.08,2010-03-31,25.19,376700000,594500000.0,251500000,46300000,-1000000,102200000,102200000,None,23100000,None,115800000,None,None,252500000,None,None,-4600000,None,None,None,0.171,,187800000,63700000,27100000,79200000,None,None,None,,,,,2.354,5.25,3.356,,,,,,,,0.115,,65800000,2025-10-30,quarterly,1.14,USD,pre-market,19900000,233800000,0.112,0.191,0.17,33.83,228300000,302500000,50000000,None,105.84,114.04,5.5556,846500000,275400000,178000000,518700000,571100000,340700000,1156900000,327800000,29.7,-15800000,132.72,66.21
2025-12-28,FSS,3.82,2055400000.0,29.7,None,1.344,21.74,,None,21100000,21100000,,,,,,,,,49600000,48000000,None,867500000,867500000,44800000,None,None,120200000,None,None,18200000,,0.54,0.0047,,,,0.276,0.06,64400000,82600000,1.08,2009-12-31,25.19,319600000,594500000.0,251500000,46300000,-1000000,52700000,52700000,None,23100000,None,112100000,None,None,159700000,None,None,-4600000,None,None,None,0.171,,187800000,63700000,26000000,37800000,None,None,None,,,,,2.354,5.25,3.356,,,,,,,,0.115,,65500000,2025-10-30,quarterly,1.14,USD,pre-market,19900000,240400000,0.112,0.191,0.17,33.83,228300000,201600000,83800000,None,105.84,114.04,5.5556,744900000,279400000,166400000,416200000,465500000,249800000,1156900000,328700000,29.7,-15800000,132.72,66.21
2025-12-28,FSS,3.82,2055400000.0,29.7,None,1.344,21.74,,None,21100000,21100000,,,,,,,,,49600000,48000000,None,867500000,867500000,41600000,None,None,114100000,None,None,18200000,,0.54,0.0047,,,,0.276,0.06,64400000,82600000,1.08,2009-09-30,25.19,330500000,594500000.0,251500000,46300000,-1000000,48000000,48000000,None,23100000,None,129200000,None,None,196800000,None,None,-4600000,None,None,None,0.171,,187800000,63700000,27100000,126500000,None,None,None,,,,,2.354,5.25,3.356,,,,,,,,0.115,,67700000,2025-10-30,quarterly,1.14,USD,pre-market,19900000,220600000,0.112,0.191,0.17,33.83,228300000,238500000,1300000,None,105.84,114.04,5.5556,776600000,291500000,169400000,471100000,485100000,301700000,1156900000,305500000,29.7,-15800000,132.72,66.21
2025-12-28,FSS,3.82,2055400000.0,29.7,None,1.344,21.74,,None,12100000,12100000,,,,,,,,,49600000,48000000,None,867500000,867500000,42600000,None,None,122300000,None,None,18200000,,0.54,0.0047,,,,0.276,0.06,64400000,82600000,1.08,2009-06-30,25.19,326400000,594500000.0,251500000,46300000,-1000000,49400000,49400000,None,23100000,None,127700000,None,None,213000000,None,None,-4600000,None,None,None,0.171,,187800000,63700000,23200000,121800000,None,None,None,,,,,2.354,5.25,3.356,,,,,,,,0.115,,66600000,2025-10-30,quarterly,1.14,USD,pre-market,19900000,216700000,0.112,0.191,0.17,33.83,228300000,255600000,2200000,None,105.84,114.04,5.5556,790700000,285300000,166600000,498200000,505400000,331600000,1156900000,292500000,29.7,-15800000,132.72,66.21
2025-12-28,FSS,3.82,2055400000.0,29.7,None,1.344,21.74,,None,9700000,9700000,,,,,,,,,49500000,48000000,None,867500000,867500000,58600000,None,None,145000000,None,None,18200000,,0.54,0.0047,,,,0.276,0.06,64400000,82600000,1.08,2009-03-31,25.19,326500000,594500000.0,251500000,46300000,-1000000,46700000,46700000,None,23100000,None,143500000,None,None,239800000,None,None,-4600000,None,None,None,0.171,,187800000,63700000,24400000,90600000,None,None,None,,,,,2.354,5.25,3.356,,,,,,,,0.115,,66300000,2025-10-30,quarterly,1.14,USD,pre-market,19900000,224500000,0.112,0.191,0.17,33.83,228300000,267100000,27300000,10000000,105.84,114.04,5.5556,815300000,332600000,176500000,529100000,482700000,352600000,1156900000,286200000,29.7,-15800000,132.72,66.21
2025-12-28,FSS,3.82,2055400000.0,29.7,None,1.344,21.74,,None,23400000,23400000,,,,,,,,,49300000,47600000,None,867500000,867500000,47500000,None,None,153200000,None,None,18200000,,0.54,0.0047,,,,0.276,0.06,64400000,82600000,1.08,2008-12-31,25.19,328100000,594500000.0,251500000,46300000,-1000000,47800000,47800000,None,23100000,None,137100000,None,None,241200000,None,None,-4600000,None,None,None,0.171,,187800000,63700000,31600000,126300000,None,None,None,,,,,2.354,5.25,3.356,,,,,,,,0.115,,65400000,2025-10-30,quarterly,1.14,USD,pre-market,19900000,226400000,0.112,0.191,0.17,33.83,228300000,336900000,12600000,10000000,105.84,114.04,5.5556,834000000,345300000,186400000,549500000,488700000,363100000,1156900000,284500000,29.7,-36100000,132.72,66.21
2025-12-28,FSS,3.82,2055400000.0,29.7,None,1.344,21.74,,None,15800000,15800000,,,,,,,,,49300000,47600000,None,867500000,867500000,60800000,None,None,141900000,None,None,18200000,,0.54,0.0047,,,,0.276,0.06,64400000,82600000,1.08,2008-09-30,25.19,341200000,594500000.0,251500000,46300000,-1000000,58000000,58000000,None,23100000,None,134800000,None,None,217100000,None,None,-4600000,None,None,None,0.171,,187800000,63700000,50300000,99000000,None,None,None,,,,,2.354,5.25,3.356,,,,,,,,0.115,,64000000,2025-10-30,quarterly,1.14,USD,pre-market,19900000,240800000,0.112,0.191,0.17,33.83,228300000,233800000,26800000,None,105.84,114.04,5.5556,835800000,342800000,186600000,487600000,493000000,301000000,1156900000,348200000,29.7,-36100000,132.72,66.21
2025-12-28,FSS,3.82,2055400000.0,29.7,None,1.344,21.74,,None,16600000,16600000,,,,,,,,,49400000,47600000,None,867500000,867500000,66800000,None,None,155800000,None,None,18200000,,0.54,0.0047,,,,0.276,0.06,64400000,82600000,1.08,2008-06-30,25.19,349000000,594500000.0,251500000,46300000,-1000000,62000000,62000000,None,23100000,None,134700000,None,None,285000000,None,None,-4600000,None,None,None,0.171,,187800000,63700000,46700000,96300000,None,None,None,,,,,2.354,5.25,3.356,,,,,,,,0.115,,70900000,2025-10-30,quarterly,1.14,USD,pre-market,19900000,229400000,0.112,0.191,0.17,33.83,228300000,254700000,36200000,None,105.84,114.04,5.5556,960600000,353800000,199300000,618600000,606800000,419300000,1156900000,342000000,29.7,-36100000,132.72,66.21
2025-12-28,FSS,3.82,2055400000.0,29.7,None,1.344,21.74,,None,9000000,9000000,,,,,,,,,49500000,47900000,None,867500000,867500000,65400000,None,None,152700000,None,None,18200000,,0.54,0.0047,,,,0.276,0.06,64400000,82600000,1.08,2008-03-31,25.19,349900000,594500000.0,251500000,46300000,-1000000,64300000,64300000,None,23100000,None,137500000,None,None,374400000,None,None,-4600000,None,None,None,0.171,,187800000,63700000,36700000,142100000,None,None,None,,,,,2.354,5.25,3.356,,,,,,,,0.115,,66300000,2025-10-30,quarterly,1.14,USD,pre-market,19900000,245700000,0.112,0.191,0.17,33.83,228300000,305800000,5100000,None,105.84,114.04,5.5556,1104900000,335900000,212600000,737000000,769000000,524400000,1156900000,367900000,29.7,-30100000,132.72,66.21
2025-12-28,FSS,3.82,2055400000.0,29.7,None,1.344,21.74,,None,16000000,16000000,,,,,,,,,49400000,47800000,None,867500000,867500000,66200000,None,None,176100000,None,None,18200000,,0.54,0.0047,,,,0.276,0.06,64400000,82600000,1.08,2007-12-31,25.19,406700000,594500000.0,251500000,46300000,-1000000,66000000,66000000,None,23100000,None,205500000,None,None,378100000,None,None,-4600000,None,None,None,0.171,,187800000,63700000,49100000,144800000,None,None,None,,,,,2.354,5.25,3.356,,,,,,,,0.115,,97600000,2025-10-30,quarterly,1.14,USD,pre-market,19900000,333800000,0.112,0.191,0.17,33.83,228300000,288700000,48000000,None,105.84,114.04,5.5556,1177100000,446700000,259000000,731800000,730400000,472800000,1156900000,445300000,29.7,-30100000,132.72,66.21
2025-12-28,FSS,3.82,2055400000.0,29.7,None,1.344,21.74,,None,23500000,23500000,,,,,,,,,49400000,47800000,None,867500000,867500000,87400000,None,None,173000000,None,None,18200000,,0.54,0.0047,,,,0.276,0.06,64400000,82600000,1.08,2007-09-30,25.19,387700000,594500000.0,251500000,46300000,-1000000,86200000,86200000,None,23100000,None,227700000,None,None,402600000,None,None,-4600000,None,None,None,0.171,,187800000,63700000,36600000,35100000,None,None,None,,,,,2.354,5.25,3.356,,,,,,,,0.115,,95100000,2025-10-30,quarterly,1.14,USD,pre-market,19900000,327700000,0.112,0.191,0.17,33.83,228300000,312600000,3700000,None,105.84,114.04,5.5556,1171700000,460800000,247400000,737200000,710900000,489800000,1156900000,434500000,29.7,-30100000,132.72,66.21
2025-12-28,FSS,3.82,2055400000.0,29.7,None,1.344,21.74,,None,16600000,16600000,,,,,,,,,49500000,47800000,None,867500000,867500000,93700000,None,None,182100000,None,None,18200000,,0.54,0.0047,,,,0.276,0.06,64400000,82600000,1.08,2007-06-30,25.19,324100000,594500000.0,251500000,46300000,-1000000,337900000,337900000,None,23100000,None,215400000,None,None,287100000,None,None,-4600000,None,None,None,0.171,,187800000,63700000,35700000,35500000,None,None,None,,,,,2.354,5.25,3.356,,,,,,,,0.115,,89600000,2025-10-30,quarterly,1.14,USD,pre-market,19900000,326100000,0.112,0.191,0.17,33.83,228300000,189600000,1500000,None,105.84,114.04,5.5556,1035900000,449800000,238700000,606100000,586100000,367400000,1156900000,429800000,29.7,-30100000,132.72,66.21
2025-12-28,FSS,3.82,2055400000.0,29.7,None,1.344,21.74,,None,29500000,29500000,,,,,,,,,49400000,47800000,None,867500000,867500000,94900000,None,None,174900000,None,None,18200000,,0.54,0.0047,,,,0.276,0.06,64400000,82600000,1.08,2007-03-31,25.19,322700000,594500000.0,251500000,46300000,-1000000,337400000,337400000,None,23100000,None,201500000,None,None,310900000,None,None,-4600000,None,None,None,0.171,,187800000,63700000,26400000,37400000,None,None,None,,,,,2.354,5.25,3.356,,,,,,,,0.115,,87400000,2025-10-30,quarterly,1.14,USD,pre-market,19900000,317900000,0.112,0.191,0.17,33.83,228300000,353200000,4900000,None,105.84,114.04,5.5556,1034100000,432300000,238000000,619400000,601800000,381400000,1156900000,414700000,29.7,-30100000,132.72,66.21
2025-12-28,FSS,3.82,2055400000.0,29.7,None,1.344,21.74,,None,19300000,19300000,,,,,,,,,49100000,47900000,None,867500000,867500000,90000000,None,None,192100000,None,None,18200000,,0.54,0.0047,,,,0.276,0.06,64400000,82600000,1.08,2006-12-31,25.19,310600000,594500000.0,251500000,46300000,-1000000,17600000,17600000,None,23100000,None,174200000,None,None,302100000,None,None,-4600000,None,None,None,0.171,,187800000,63700000,33200000,119200000,None,None,None,,,,,2.354,5.25,3.356,,,,,,,,0.115,,85700000,2025-10-30,quarterly,1.14,USD,pre-market,19900000,290700000,0.112,0.191,0.17,33.83,228300000,225000000,64700000,None,105.84,114.04,5.5556,1049400000,418800000,273900000,663000000,630600000,389100000,1156900000,386400000,29.7,-30100000,132.72,66.21
2025-12-28,FSS,3.82,2055400000.0,29.7,None,1.344,21.74,,None,20100000,20100000,,,,,,,,,49200000,47900000,None,867500000,867500000,87000000,None,None,175300000,None,None,18200000,,0.54,0.0047,,,,0.276,0.06,64400000,82600000,1.08,2006-09-30,25.19,336300000,594500000.0,251500000,46300000,-1000000,345700000,345700000,None,23100000,None,194400000,None,None,321900000,None,None,-4600000,None,None,None,0.171,,187800000,63700000,18000000,53200000,None,None,None,,,,,2.354,5.25,3.356,,,,,,,,0.115,,95000000,2025-10-30,quarterly,1.14,USD,pre-market,19900000,278300000,0.112,0.191,0.17,33.83,228300000,238800000,10500000,None,105.84,114.04,5.5556,1065700000,407800000,281200000,681200000,657900000,400000000,1156900000,384500000,29.7,-30100000,132.72,66.21
2025-12-28,FSS,3.82,2055400000.0,29.7,None,1.344,21.74,,None,16900000,16900000,,,,,,,,,49200000,48200000,None,867500000,867500000,89600000,None,None,189500000,None,None,18200000,,0.54,0.0047,,,,0.276,0.06,64400000,82600000,1.08,2006-06-30,25.19,335600000,594500000.0,251500000,46300000,-1000000,345500000,345500000,None,23100000,None,178800000,None,None,315300000,None,None,-4600000,None,None,None,0.171,,187800000,63700000,19600000,39700000,None,None,None,,,,,2.354,5.25,3.356,,,,,,,,0.115,,94500000,2025-10-30,quarterly,1.14,USD,pre-market,19900000,270200000,0.112,0.191,0.17,33.83,228300000,238100000,26200000,None,105.84,114.04,5.5556,1072400000,404800000,281900000,701700000,667600000,419800000,1156900000,370700000,29.7,-24200000,132.72,66.21
2025-12-28,FSS,3.82,2055400000.0,29.7,None,1.344,21.74,,None,27100000,27100000,,,,,,,,,49200000,48300000,None,867500000,867500000,84800000,None,None,171500000,None,None,18200000,,0.54,0.0047,,,,0.276,0.06,64400000,82600000,1.08,2006-03-31,25.19,334100000,594500000.0,251500000,46300000,-1000000,344500000,344500000,None,23100000,None,174500000,None,None,350300000,None,None,-4600000,None,None,None,0.171,,187800000,63700000,21000000,127400000,None,None,None,,,,,2.354,5.25,3.356,,,,,,,,0.115,,94100000,2025-10-30,quarterly,1.14,USD,pre-market,19900000,275800000,0.112,0.191,0.17,33.83,228300000,236300000,35500000,None,105.84,114.04,5.5556,1070900000,394100000,247700000,695900000,676800000,448200000,1156900000,375000000,29.7,-21100000,132.72,66.21
2025-12-28,FSS,3.82,2055400000.0,29.7,None,1.344,21.74,,None,91900000,91900000,,,,,,,,,48800000,48200000,None,867500000,867500000,73700000,None,None,170000000,None,None,18200000,,0.54,0.0047,,,,0.276,0.06,64400000,82600000,1.08,2005-12-31,25.19,307300000,594500000.0,251500000,46300000,-1000000,333400000,333400000,None,23100000,None,158000000,None,None,362600000,None,None,-4600000,None,None,None,0.171,,187800000,63700000,24800000,133500000,None,None,None,,,,,2.354,5.25,3.356,,,,,,,,0.115,,92800000,2025-10-30,quarterly,1.14,USD,pre-market,19900000,278900000,0.112,0.191,0.17,33.83,228300000,276300000,72600000,None,105.84,114.04,5.5556,1119500000,444700000,279800000,743200000,674800000,463400000,1156900000,376300000,29.7,-18100000,132.72,66.21
2025-12-28,FSS,3.82,2055400000.0,29.7,None,1.344,21.74,,None,39300000,39300000,,,,,,,,,48800000,48300000,None,867500000,867500000,85300000,None,None,183800000,None,None,18200000,,0.54,0.0047,,,,0.276,0.06,64400000,82600000,1.08,2005-09-30,25.19,348700000,594500000.0,251500000,46300000,-1000000,348700000,348700000,None,23100000,None,186500000,None,None,387800000,None,None,-4600000,None,None,None,0.171,,187800000,63700000,44800000,33800000,None,None,None,,,,,2.354,5.25,3.356,,,,,,,,0.115,,101500000,2025-10-30,quarterly,1.14,USD,pre-market,19900000,308400000,0.112,0.191,0.17,33.83,228300000,407700000,19900000,None,105.84,114.04,5.5556,1129100000,454400000,239700000,715400000,674700000,475700000,1156900000,413700000,29.7,-18100000,132.72,66.21
2025-12-28,FSS,3.82,2055400000.0,29.7,None,1.344,21.74,,41500000,91100000,91100000,,,,,,,,,70300000,61700000,None,867500000,867500000,79000000,None,7000000,196400000,None,None,18200000,,0.54,0.0047,,,,0.276,0.06,64400000,82600000,1.08,2024-12-31,25.19,477700000,594500000.0,251500000,46300000,-1000000,199700000,199700000,None,23100000,None,331000000,None,None,203900000,None,None,-4600000,None,None,None,0.171,,187800000,63700000,24000000,56000000,None,11400000,None,,,,,2.354,5.25,3.356,,,,,,,,0.115,,419900000,2025-10-30,annual,1.14,USD,pre-market,19900000,1102800000,0.112,0.191,0.17,33.83,228300000,252400000,26200000,None,105.84,114.04,5.5556,1765200000,642500000,241800000,579100000,1122700000,337300000,1156900000,1186100000,29.7,None,132.72,66.21
2025-12-28,FSS,3.82,2055400000.0,29.7,None,1.344,21.74,,23300000,61000000,61000000,,,,,,,,,70000000,61500000,None,867500000,867500000,66700000,None,3900000,186200000,None,None,18200000,,0.54,0.0047,,,,0.276,0.06,64400000,82600000,1.08,2023-12-31,25.19,472700000,594500000.0,251500000,46300000,-1000000,207500000,207500000,None,23100000,None,303400000,None,None,293500000,None,None,-4600000,None,None,None,0.171,,187800000,63700000,19600000,48200000,None,16200000,None,,,,,2.354,5.25,3.356,,,,,,,,0.115,,346600000,2025-10-30,annual,1.14,USD,pre-market,19900000,915800000,0.112,0.191,0.17,33.83,228300000,320700000,11500000,None,105.84,114.04,5.5556,1620500000,570200000,195800000,618600000,1050300000,422800000,1156900000,1001900000,29.7,None,132.72,66.21
2025-12-28,FSS,3.82,2055400000.0,29.7,None,1.344,21.74,,27400000,47500000,47500000,,,,,,,,,69500000,61200000,None,867500000,867500000,72400000,None,800000,173800000,None,None,18200000,,0.54,0.0047,,,,0.276,0.06,64400000,82600000,1.08,2022-12-31,25.19,453400000,594500000.0,251500000,46300000,-1000000,208200000,208200000,None,23100000,None,292700000,None,None,360200000,None,None,-4600000,None,None,None,0.171,,187800000,63700000,17400000,43200000,None,70400000,None,,,,,2.354,5.25,3.356,,,,,,,,0.115,,179300000,2025-10-30,annual,1.14,USD,pre-market,19900000,782200000,0.112,0.191,0.17,33.83,228300000,388400000,8400000,None,105.84,114.04,5.5556,1524300000,531400000,180500000,663400000,992900000,482900000,1156900000,860900000,29.7,-178600000,132.72,66.21
2025-12-28,FSS,3.82,2055400000.0,29.7,None,1.344,21.74,,33000000,40500000,40500000,,,,,,,,,68900000,61900000,None,867500000,867500000,64800000,None,None,136000000,None,None,18200000,,0.54,0.0047,,,,0.276,0.06,64400000,82600000,1.08,2021-12-31,25.19,432200000,594500000.0,251500000,46300000,-1000000,205700000,205700000,None,23100000,None,229100000,None,None,282200000,None,None,-4600000,None,None,None,0.171,,187800000,63700000,25400000,44400000,None,76300000,None,,,,,2.354,5.25,3.356,,,,,,,,0.115,,280100000,2025-10-30,annual,1.14,USD,pre-market,19900000,683600000,0.112,0.191,0.17,33.83,228300000,313700000,9400000,None,105.84,114.04,5.5556,1366100000,431000000,170400000,582100000,935100000,411700000,1156900000,784000000,29.7,-151000000,132.72,66.21
2025-12-28,FSS,3.82,2055400000.0,29.7,None,1.344,21.74,,24300000,81700000,81700000,,,,,,,,,67800000,61700000,None,867500000,867500000,51600000,None,None,127000000,None,None,18200000,,0.54,0.0047,,,,0.276,0.06,64400000,82600000,1.08,2020-12-31,25.19,394200000,594500000.0,251500000,46300000,-1000000,153500000,153500000,None,23100000,None,185000000,None,None,209400000,None,None,-4600000,None,None,None,0.171,,187800000,63700000,11800000,44800000,None,94800000,None,,,,,2.354,5.25,3.356,,,,,,,,0.115,,106900000,2025-10-30,annual,1.14,USD,pre-market,19900000,605000000,0.112,0.191,0.17,33.83,228300000,233700000,8400000,None,105.84,114.04,5.5556,1208800000,405500000,148400000,506700000,803300000,358300000,1156900000,702100000,29.7,-119800000,132.72,66.21
2025-12-28,FSS,3.82,2055400000.0,29.7,None,1.344,21.74,,22200000,31600000,31600000,,,,,,,,,66900000,61600000,None,867500000,867500000,65000000,None,200000,134200000,None,None,18200000,,0.54,0.0047,,,,0.276,0.06,64400000,82600000,1.08,2019-12-31,25.19,388800000,594500000.0,251500000,46300000,-1000000,162900000,162900000,None,23100000,None,182900000,None,None,219900000,None,900000,-4600000,None,None,None,0.171,,187800000,63700000,12000000,44200000,None,90700000,None,,,,,2.354,5.25,3.356,,,,,,,,0.115,,207300000,2025-10-30,annual,1.14,USD,pre-market,19900000,528200000,0.112,0.191,0.17,33.83,228300000,250300000,8400000,None,105.84,114.04,5.5556,1165500000,360700000,160200000,523900000,804800000,363700000,1156900000,641600000,29.7,-93000000,132.72,66.21
2025-12-28,FSS,3.82,2055400000.0,29.7,None,1.344,21.74,,700000,37400000,37400000,,,,,,,,,66400000,61200000,None,867500000,867500000,36600000,None,200000,124400000,None,None,18200000,,0.54,0.0047,,,,0.276,0.06,64400000,82600000,1.08,2018-12-31,25.19,375100000,594500000.0,251500000,46300000,-1000000,143100000,143100000,None,23100000,None,157300000,None,None,209400000,None,2000000,-4600000,None,None,None,0.171,,187800000,63700000,18800000,111700000,None,71900000,None,,,,,2.354,5.25,3.356,,,,,,,,0.115,,158600000,2025-10-30,annual,1.14,USD,pre-market,19900000,432500000,0.112,0.191,0.17,33.83,228300000,210100000,400000,None,105.84,114.04,5.5556,1023800000,328500000,158800000,493700000,695300000,334900000,1156900000,530100000,29.7,-88500000,132.72,66.21
2025-12-28,FSS,3.82,2055400000.0,29.7,None,1.344,21.74,,700000,37500000,37500000,,,,,,,,,66100000,60400000,None,867500000,867500000,51500000,None,300000,118200000,None,None,18200000,,0.54,0.0047,,,,0.276,0.06,64400000,82600000,1.08,2017-12-31,25.19,377300000,594500000.0,251500000,46300000,-1000000,151800000,151800000,None,23100000,None,137200000,None,None,277000000,None,1600000,-4600000,None,None,None,0.171,,187800000,63700000,21800000,58500000,None,86300000,None,,,,,2.354,5.25,3.356,,,,,,,,0.115,,147300000,2025-10-30,annual,1.14,USD,pre-market,19900000,346600000,0.112,0.191,0.17,33.83,228300000,277700000,600000,0,105.84,114.04,5.5556,992300000,303800000,117100000,534900000,688500000,417800000,1156900000,457400000,29.7,-86100000,132.72,66.21
2025-12-28,FSS,3.82,2055400000.0,29.7,None,1.344,21.74,,800000,50700000,50700000,,,,,,,,,65400000,61200000,None,867500000,867500000,35300000,None,64000000,81300000,None,None,18200000,,0.54,0.0047,,,,0.276,0.06,64400000,82600000,1.08,2016-12-31,25.19,236500000,594500000.0,251500000,46300000,-1000000,10200000,10200000,None,23100000,None,120100000,None,None,63200000,None,None,-4600000,None,None,None,0.171,,187800000,63700000,7500000,44100000,None,90000000,None,,,,,2.354,5.25,3.356,,,,,,,,0.115,,123700000,2025-10-30,annual,1.14,USD,pre-market,19900000,301800000,0.112,0.191,0.17,33.83,228300000,64000000,1000000,0,105.84,114.04,5.5556,643200000,259600000,84900000,249100000,383600000,164200000,1156900000,394100000,29.7,-81400000,132.72,66.21
2025-12-28,FSS,3.82,2055400000.0,29.7,None,1.344,21.74,,None,76000000,76000000,,,,,,,,,64800000,63400000,None,867500000,867500000,38000000,None,44100000,73000000,None,None,18200000,,0.54,0.0047,,,,0.276,0.06,64400000,82600000,1.08,2015-12-31,25.19,231600000,594500000.0,251500000,46300000,-1000000,200000,200000,None,23100000,None,87200000,None,None,43700000,None,None,-4600000,None,None,None,0.171,,187800000,63700000,78900000,78400000,None,87400000,None,,,,,2.354,5.25,3.356,,,,,,,,0.115,,52900000,2025-10-30,annual,1.14,USD,pre-market,19900000,274900000,0.112,0.191,0.17,33.83,228300000,44100000,800000,0,105.84,114.04,5.5556,666500000,315100000,117200000,260900000,351400000,143700000,1156900000,405600000,29.7,-40900000,132.72,66.21
2025-12-28,FSS,3.82,2055400000.0,29.7,None,1.344,21.74,,None,30400000,30400000,,,,,,,,,64200000,63600000,None,867500000,867500000,19100000,None,5800000,107600000,None,None,18200000,,0.54,0.0047,,,,0.276,0.06,64400000,82600000,1.08,2014-12-31,25.19,266300000,594500000.0,251500000,46300000,-1000000,266300000,266300000,None,23100000,None,121000000,None,None,44000000,None,None,-4600000,None,None,None,0.171,,187800000,63700000,31500000,101300000,None,89400000,None,,,,,2.354,5.25,3.356,,,,,,,,0.115,,72600000,2025-10-30,annual,1.14,USD,pre-market,19900000,227000000,0.112,0.191,0.17,33.83,228300000,50200000,6600000,0,105.84,114.04,5.5556,658700000,290500000,139100000,287100000,368200000,148000000,1156900000,371600000,29.7,-27100000,132.72,66.21
2025-12-28,FSS,3.82,2055400000.0,29.7,None,1.344,21.74,,None,23800000,23800000,,,,,,,,,63800000,63200000,None,867500000,867500000,50500000,None,None,95600000,None,None,18200000,,0.54,0.0047,,,,0.276,0.06,64400000,82600000,1.08,2013-12-31,25.19,273800000,594500000.0,251500000,46300000,-1000000,273800000,273800000,None,23100000,None,109800000,None,None,84700000,None,None,-4600000,None,None,None,0.171,,187800000,63700000,36300000,63100000,None,60000000,None,,,,,2.354,5.25,3.356,,,,,,,,0.115,,63800000,2025-10-30,annual,1.14,USD,pre-market,19900000,168900000,0.112,0.191,0.17,33.83,228300000,92100000,7800000,0,105.84,114.04,5.5556,644800000,265500000,132600000,293800000,379300000,161200000,1156900000,351000000,29.7,-16800000,132.72,66.21
2025-12-28,FSS,3.82,2055400000.0,29.7,None,1.344,21.74,,None,29700000,29700000,,,,,,,,,63400000,62700000,None,867500000,867500000,52500000,None,None,96900000,None,None,18200000,,0.54,0.0047,,,,0.276,0.06,64400000,82600000,1.08,2012-12-31,25.19,272300000,594500000.0,251500000,46300000,-1000000,700000,700000,None,23100000,None,119900000,None,None,152800000,None,None,-4600000,None,None,None,0.171,,187800000,63700000,20700000,88500000,None,128100000,None,,,,,2.354,5.25,3.356,,,,,,,,0.115,,59300000,2025-10-30,annual,1.14,USD,pre-market,19900000,8900000,0.112,0.191,0.17,33.83,228300000,157800000,5500000,1000000,105.84,114.04,5.5556,613200000,267200000,149600000,466300000,346000000,316700000,1156900000,146900000,29.7,-16400000,132.72,66.21
2025-12-28,FSS,3.82,2055400000.0,29.7,None,1.344,21.74,,None,9500000,9500000,,,,,,,,,63100000,62200000,None,867500000,867500000,55600000,None,None,126900000,None,None,18200000,,0.54,0.0047,,,,0.276,0.06,64400000,82600000,1.08,2011-12-31,25.19,294100000,594500000.0,251500000,46300000,-1000000,70700000,70700000,None,23100000,None,116100000,None,None,213100000,None,None,-4600000,None,None,None,0.171,,187800000,63700000,36400000,72700000,None,124200000,None,,,,,2.354,5.25,3.356,,,,,,,,0.115,,62200000,2025-10-30,annual,1.14,USD,pre-market,19900000,36400000,0.112,0.191,0.17,33.83,228300000,222300000,9300000,0,105.84,114.04,5.5556,706700000,274300000,147500000,532000000,432400000,384500000,1156900000,174700000,29.7,-16100000,132.72,66.21
2025-12-28,FSS,3.82,2055400000.0,29.7,None,1.344,21.74,,None,62100000,62100000,,,,,,,,,63000000,57600000,None,867500000,867500000,53500000,None,None,100400000,None,None,18200000,,0.54,0.0047,,,,0.276,0.06,64400000,82600000,1.08,2010-12-31,25.19,310400000,594500000.0,251500000,46300000,-1000000,84400000,84400000,None,23100000,None,119600000,None,None,184400000,None,None,-4600000,None,None,None,0.171,,187800000,63700000,17900000,6900000,None,None,None,,,,,2.354,5.25,3.356,,,,,,,,0.115,,63200000,2025-10-30,annual,1.14,USD,pre-market,19900000,50600000,0.112,0.191,0.17,33.83,228300000,262400000,154200000,None,105.84,114.04,5.5556,764500000,300000000,214600000,543600000,464500000,329000000,1156900000,220900000,29.7,-15800000,132.72,66.21
2025-12-28,FSS,3.82,2055400000.0,29.7,None,1.344,21.74,,None,21100000,21100000,,,,,,,,,49600000,48600000,None,867500000,867500000,44800000,None,None,120200000,None,None,18200000,,0.54,0.0047,,,,0.276,0.06,64400000,82600000,1.08,2009-12-31,25.19,319600000,594500000.0,251500000,46300000,-1000000,52700000,52700000,None,23100000,None,112100000,None,None,159700000,None,None,-4600000,None,None,None,0.171,,187800000,63700000,26000000,37800000,None,None,None,,,,,2.354,5.25,3.356,,,,,,,,0.115,,65500000,2025-10-30,annual,1.14,USD,pre-market,19900000,240400000,0.112,0.191,0.17,33.83,228300000,201600000,83800000,None,105.84,114.04,5.5556,744900000,279400000,166400000,416200000,465500000,249800000,1156900000,328700000,29.7,-15800000,132.72,66.21
2025-12-28,FSS,3.82,2055400000.0,29.7,None,1.344,21.74,,None,23400000,23400000,,,,,,,,,49300000,47700000,None,867500000,867500000,47500000,None,None,153200000,None,None,18200000,,0.54,0.0047,,,,0.276,0.06,64400000,82600000,1.08,2008-12-31,25.19,328100000,594500000.0,251500000,46300000,-1000000,47800000,47800000,None,23100000,None,137100000,None,None,241200000,None,None,-4600000,None,None,None,0.171,,187800000,63700000,21600000,101200000,None,None,None,,,,,2.354,5.25,3.356,,,,,,,,0.115,,65400000,2025-10-30,annual,1.14,USD,pre-market,19900000,226400000,0.112,0.191,0.17,33.83,228300000,336900000,37700000,10000000,105.84,114.04,5.5556,834000000,345300000,186400000,549500000,488700000,363100000,1156900000,284500000,29.7,-36100000,132.72,66.21
2025-12-28,FSS,3.82,2055400000.0,29.7,None,1.344,21.74,,None,16000000,16000000,,,,,,,,,49400000,47739130,None,867500000,867500000,82700000,None,None,176100000,None,None,18200000,,0.54,0.0047,,,,0.276,0.06,64400000,82600000,1.08,2007-12-31,25.19,406700000,594500000.0,251500000,46300000,-1000000,66000000,66000000,None,23100000,None,205500000,None,None,378100000,None,None,-4600000,None,None,None,0.171,,187800000,63700000,49100000,128300000,None,None,None,,,,,2.354,5.25,3.356,,,,,,,,0.115,,97600000,2025-10-30,annual,1.14,USD,pre-market,19900000,333800000,0.112,0.191,0.17,33.83,228300000,288700000,48000000,None,105.84,114.04,5.5556,1177100000,446700000,259000000,731800000,730400000,472800000,1156900000,445300000,29.7,-30100000,132.72,66.21
2025-12-28,FSS,3.82,2055400000.0,29.7,None,1.344,21.74,,None,19300000,19300000,,,,,,,,,49100000,48297872,None,867500000,867500000,90000000,None,None,192100000,None,None,18200000,,0.54,0.0047,,,,0.276,0.06,64400000,82600000,1.08,2006-12-31,25.19,310600000,594500000.0,251500000,46300000,-1000000,318800000,318800000,None,23100000,None,174200000,None,None,302100000,None,None,-4600000,None,None,None,0.171,,187800000,63700000,33200000,119200000,None,None,None,,,,,2.354,5.25,3.356,,,,,,,,0.115,,85700000,2025-10-30,annual,1.14,USD,pre-market,19900000,290700000,0.112,0.191,0.17,33.83,228300000,225000000,64700000,None,105.84,114.04,5.5556,1049400000,418800000,273900000,663000000,630600000,389100000,1156900000,386400000,29.7,-30100000,132.72,66.21
2025-12-28,FSS,3.82,2055400000.0,29.7,None,1.344,21.74,,None,91900000,91900000,,,,,,,,,48800000,46000000,None,867500000,867500000,73700000,None,None,170000000,None,None,18200000,,0.54,0.0047,,,,0.276,0.06,64400000,82600000,1.08,2005-12-31,25.19,333400000,594500000.0,251500000,46300000,-1000000,333400000,333400000,None,23100000,None,158000000,None,None,362600000,None,None,-4600000,None,None,None,0.171,,187800000,63700000,24800000,133500000,None,None,None,,,,,2.354,5.25,3.356,,,,,,,,0.115,,92800000,2025-10-30,annual,1.14,USD,pre-market,19900000,278900000,0.112,0.191,0.17,33.83,228300000,276300000,72600000,None,105.84,114.04,5.5556,1119500000,444700000,279800000,743200000,674800000,463400000,1156900000,376300000,29.7,-18100000,132.72,66.21
2025-12-28,FSS,3.82,2055400000.0,29.7,None,1.344,21.74,7000000,None,91900000,91900000,-64600000,-7000000,None,None,None,None,None,None,48800000,46000000,None,867500000,867500000,73700000,None,None,170000000,None,None,18200000,20300000,0.54,0.0047,8500000,8500000,None,0.276,0.06,64400000,82600000,1.08,2025-09-30,25.19,333400000,594500000.0,251500000,46300000,-1000000,333400000,333400000,None,23100000,None,158000000,None,None,362600000,None,None,68100000,None,None,None,0.171,61100000,187800000,63700000,24800000,133500000,None,None,None,None,None,None,None,2.354,5.25,3.356,None,None,None,None,None,-800000,None,0.115,None,92800000,2025-10-30,quarterly,1.14,USD,pre-market,19900000,278900000,0.112,0.191,0.17,33.83,228300000,276300000,72600000,None,105.84,114.04,5.5556,1119500000,444700000,279800000,743200000,674800000,463400000,1156900000,376300000,29.7,-18100000,132.72,66.21
2025-12-28,FSS,3.82,2055400000.0,29.7,None,1.344,21.74,7300000,None,91900000,91900000,-46700000,-6600000,None,None,None,None,None,None,48800000,46000000,None,867500000,867500000,73700000,None,None,170000000,None,None,18200000,19900000,0.54,0.0047,8500000,8500000,None,0.276,0.06,64400000,82600000,1.08,2025-06-30,25.19,333400000,594500000.0,251500000,46300000,-1000000,333400000,333400000,None,23100000,None,158000000,None,None,362600000,None,None,71400000,None,None,None,0.171,59700000,187800000,63700000,24800000,133500000,None,None,None,None,None,None,None,2.354,5.25,3.356,None,None,None,None,None,-21200000,None,0.115,None,92800000,2025-10-30,quarterly,1.14,USD,pre-market,19900000,278900000,0.112,0.191,0.17,33.83,228300000,276300000,72600000,None,105.84,114.04,5.5556,1119500000,444700000,279800000,743200000,674800000,463400000,1156900000,376300000,29.7,-18100000,132.72,66.21
2025-12-28,FSS,3.82,2055400000.0,29.7,None,1.344,21.74,5600000,None,91900000,91900000,16900000,-87700000,None,None,None,None,None,None,48800000,46000000,None,867500000,867500000,73700000,None,None,170000000,None,None,18200000,18700000,0.54,0.0047,8600000,8600000,None,0.276,0.06,64400000,82600000,1.08,2025-03-31,25.19,333400000,594500000.0,251500000,46300000,-1000000,333400000,333400000,None,23100000,None,158000000,None,None,362600000,None,None,46300000,None,None,None,0.171,36700000,187800000,63700000,24800000,133500000,None,None,None,None,None,None,None,2.354,5.25,3.356,None,None,None,None,None,-18500000,None,0.115,None,92800000,2025-10-30,quarterly,1.14,USD,pre-market,19900000,278900000,0.112,0.191,0.17,33.83,228300000,276300000,72600000,None,105.84,114.04,5.5556,1119500000,444700000,279800000,743200000,674800000,463400000,1156900000,376300000,29.7,-18100000,132.72,66.21
2025-12-28,FSS,3.82,2055400000.0,29.7,None,1.344,21.74,8500000,None,91900000,91900000,-23800000,-48100000,None,None,None,None,None,None,48800000,46000000,None,867500000,867500000,73700000,None,None,170000000,None,None,18200000,17600000,0.54,0.0047,7300000,7300000,None,0.276,0.06,64400000,82600000,1.08,2024-12-31,25.19,333400000,594500000.0,251500000,46300000,-1000000,333400000,333400000,None,23100000,None,158000000,None,None,362600000,None,None,50000000,None,None,None,0.171,90600000,187800000,63700000,24800000,133500000,None,None,None,None,None,None,None,2.354,5.25,3.356,None,None,None,None,None,-2300000,None,0.115,None,92800000,2025-10-30,quarterly,1.14,USD,pre-market,19900000,278900000,0.112,0.191,0.17,33.83,228300000,276300000,72600000,None,105.84,114.04,5.5556,1119500000,444700000,279800000,743200000,674800000,463400000,1156900000,376300000,29.7,-18100000,132.72,66.21
2025-12-28,FSS,3.82,2055400000.0,29.7,None,1.344,21.74,7900000,None,91900000,91900000,-36700000,-7800000,None,None,None,None,None,None,48800000,46000000,None,867500000,867500000,73700000,None,None,170000000,None,None,18200000,16500000,0.54,0.0047,7300000,7300000,None,0.276,0.06,64400000,82600000,1.08,2024-09-30,25.19,333400000,594500000.0,251500000,46300000,-1000000,333400000,333400000,None,23100000,None,158000000,None,None,362600000,None,None,53900000,None,None,None,0.171,68800000,187800000,63700000,24800000,133500000,None,None,None,None,None,None,None,2.354,5.25,3.356,None,None,None,None,None,-4500000,None,0.115,None,92800000,2025-10-30,quarterly,1.14,USD,pre-market,19900000,278900000,0.112,0.191,0.17,33.83,228300000,276300000,72600000,None,105.84,114.04,5.5556,1119500000,444700000,279800000,743200000,674800000,463400000,1156900000,376300000,29.7,-18100000,132.72,66.21
2025-12-28,FSS,3.82,2055400000.0,29.7,None,1.344,21.74,15800000,None,91900000,91900000,-25200000,-15400000,None,None,None,None,None,None,48800000,46000000,None,867500000,867500000,73700000,None,None,170000000,None,None,18200000,15800000,0.54,0.0047,7400000,7400000,None,0.276,0.06,64400000,82600000,1.08,2024-06-30,25.19,333400000,594500000.0,251500000,46300000,-1000000,333400000,333400000,None,23100000,None,158000000,None,None,362600000,None,None,60800000,None,None,None,0.171,40600000,187800000,63700000,24800000,133500000,None,None,None,None,None,None,None,2.354,5.25,3.356,None,None,None,None,None,-1800000,None,0.115,None,92800000,2025-10-30,quarterly,1.14,USD,pre-market,19900000,278900000,0.112,0.191,0.17,33.83,228300000,276300000,72600000,None,105.84,114.04,5.5556,1119500000,444700000,279800000,743200000,674800000,463400000,1156900000,376300000,29.7,-18100000,132.72,66.21
2025-12-28,FSS,3.82,2055400000.0,29.7,None,1.344,21.74,8400000,None,91900000,91900000,-35300000,-7600000,None,None,None,None,None,None,48800000,46000000,None,867500000,867500000,73700000,None,None,170000000,None,None,18200000,15400000,0.54,0.0047,7300000,7300000,None,0.276,0.06,64400000,82600000,1.08,2024-03-31,25.19,333400000,594500000.0,251500000,46300000,-1000000,333400000,333400000,None,23100000,None,158000000,None,None,362600000,None,None,51600000,None,None,None,0.171,31300000,187800000,63700000,24800000,133500000,None,None,None,None,None,None,None,2.354,5.25,3.356,None,None,None,None,None,-4200000,None,0.115,None,92800000,2025-10-30,quarterly,1.14,USD,pre-market,19900000,278900000,0.112,0.191,0.17,33.83,228300000,276300000,72600000,None,105.84,114.04,5.5556,1119500000,444700000,279800000,743200000,674800000,463400000,1156900000,376300000,29.7,-18100000,132.72,66.21
2025-12-28,FSS,3.82,2055400000.0,29.7,None,1.344,21.74,8900000,None,91900000,91900000,-76700000,-8000000,None,None,9800000,None,None,None,48800000,46000000,None,867500000,867500000,73700000,None,None,170000000,None,None,18200000,15300000,0.54,0.0047,6100000,6100000,None,0.276,0.06,64400000,82600000,1.08,2023-12-31,25.19,333400000,594500000.0,251500000,46300000,-1000000,333400000,333400000,None,23100000,None,158000000,None,None,362600000,None,None,46400000,None,None,None,0.171,103400000,187800000,63700000,24800000,133500000,None,None,None,None,None,None,None,2.354,5.25,3.356,None,None,None,None,None,-2600000,None,0.115,None,92800000,2025-10-30,quarterly,1.14,USD,pre-market,19900000,278900000,0.112,0.191,0.17,33.83,228300000,276300000,72600000,None,105.84,114.04,5.5556,1119500000,444700000,279800000,743200000,674800000,463400000,1156900000,376300000,29.7,-18100000,132.72,66.21
2025-12-28,FSS,3.82,2055400000.0,29.7,None,1.344,21.74,5700000,None,91900000,91900000,-50400000,-75700000,None,None,None,None,None,None,48800000,46000000,None,867500000,867500000,73700000,None,None,170000000,None,None,18200000,15300000,0.54,0.0047,6100000,6100000,None,0.276,0.06,64400000,82600000,1.08,2023-09-30,25.19,333400000,594500000.0,251500000,46300000,-1000000,333400000,333400000,None,23100000,None,158000000,None,None,362600000,None,None,43300000,None,None,None,0.171,48000000,187800000,63700000,24800000,133500000,None,None,None,None,None,None,None,2.354,5.25,3.356,None,None,None,None,None,-4500000,None,0.115,None,92800000,2025-10-30,quarterly,1.14,USD,pre-market,19900000,278900000,0.112,0.191,0.17,33.83,228300000,276300000,72600000,None,105.84,114.04,5.5556,1119500000,444700000,279800000,743200000,674800000,463400000,1156900000,376300000,29.7,-18100000,132.72,66.21
2025-12-28,FSS,3.82,2055400000.0,29.7,None,1.344,21.74,9700000,None,91900000,91900000,26100000,-52000000,10000000,None,None,None,None,None,48800000,46000000,None,867500000,867500000,73700000,None,None,170000000,None,None,18200000,15500000,0.54,0.0047,6100000,6100000,None,0.276,0.06,64400000,82600000,1.08,2023-06-30,25.19,333400000,594500000.0,251500000,46300000,-1000000,333400000,333400000,None,23100000,None,158000000,None,None,362600000,None,None,40300000,None,None,None,0.171,35900000,187800000,63700000,24800000,133500000,None,None,None,None,None,None,None,2.354,5.25,3.356,None,None,None,None,None,-1600000,None,0.115,None,92800000,2025-10-30,quarterly,1.14,USD,pre-market,19900000,278900000,0.112,0.191,0.17,33.83,228300000,276300000,72600000,None,105.84,114.04,5.5556,1119500000,444700000,279800000,743200000,674800000,463400000,1156900000,376300000,29.7,-18100000,132.72,66.21
2025-12-28,FSS,3.82,2055400000.0,29.7,None,1.344,21.74,6000000,None,91900000,91900000,3100000,-19400000,-9200000,None,None,None,None,None,48800000,46000000,None,867500000,867500000,73700000,None,None,170000000,None,None,18200000,14300000,0.54,0.0047,5500000,5500000,None,0.276,0.06,64400000,82600000,1.08,2023-03-31,25.19,333400000,594500000.0,251500000,46300000,-1000000,333400000,333400000,None,23100000,None,158000000,None,None,362600000,None,None,27400000,None,None,None,0.171,7100000,187800000,63700000,24800000,133500000,None,None,None,None,None,None,None,2.354,5.25,3.356,None,None,None,None,None,-3800000,None,0.115,None,92800000,2025-10-30,quarterly,1.14,USD,pre-market,19900000,278900000,0.112,0.191,0.17,33.83,228300000,276300000,72600000,None,105.84,114.04,5.5556,1119500000,444700000,279800000,743200000,674800000,463400000,1156900000,376300000,29.7,-18100000,132.72,66.21
2025-12-28,FSS,3.82,2055400000.0,29.7,None,1.344,21.74,7400000,None,91900000,91900000,21100000,-99700000,None,None,-61000000,None,None,None,48800000,46000000,None,867500000,867500000,73700000,None,None,170000000,None,None,18200000,14000000,0.54,0.0047,5400000,5400000,None,0.276,0.06,64400000,82600000,1.08,2022-12-31,25.19,333400000,594500000.0,251500000,46300000,-1000000,333400000,333400000,None,23100000,None,158000000,None,None,362600000,None,None,34600000,None,None,None,0.171,39400000,187800000,63700000,24800000,133500000,None,None,None,None,None,None,None,2.354,5.25,3.356,None,None,None,None,None,-3200000,None,0.115,None,92800000,2025-10-30,quarterly,1.14,USD,pre-market,19900000,278900000,0.112,0.191,0.17,33.83,228300000,276300000,72600000,None,105.84,114.04,5.5556,1119500000,444700000,279800000,743200000,674800000,463400000,1156900000,376300000,29.7,-18100000,132.72,66.21
2025-12-28,FSS,3.82,2055400000.0,29.7,None,1.344,21.74,4100000,None,91900000,91900000,-500000,-4100000,None,None,-61000000,None,None,None,48800000,46000000,None,867500000,867500000,73700000,None,None,170000000,None,None,18200000,13600000,0.54,0.0047,5500000,5500000,None,0.276,0.06,64400000,82600000,1.08,2022-09-30,25.19,333400000,594500000.0,251500000,46300000,-1000000,333400000,333400000,None,23100000,None,158000000,None,None,362600000,None,None,31800000,None,None,None,0.171,10000000,187800000,63700000,24800000,133500000,None,None,None,None,None,None,None,2.354,5.25,3.356,None,None,None,None,None,-500000,None,0.115,None,92800000,2025-10-30,quarterly,1.14,USD,pre-market,19900000,278900000,0.112,0.191,0.17,33.83,228300000,276300000,72600000,None,105.84,114.04,5.5556,1119500000,444700000,279800000,743200000,674800000,463400000,1156900000,376300000,29.7,-18100000,132.72,66.21
2025-12-28,FSS,3.82,2055400000.0,29.7,None,1.344,21.74,7800000,None,91900000,91900000,-11200000,-11700000,-8000000,-500000,None,None,None,None,48800000,46000000,None,867500000,867500000,73700000,None,None,170000000,None,None,18200000,13700000,0.54,0.0047,5400000,5400000,None,0.276,0.06,64400000,82600000,1.08,2022-06-30,25.19,333400000,594500000.0,251500000,46300000,-1000000,333400000,333400000,None,23100000,None,158000000,None,None,362600000,None,None,33500000,None,None,None,0.171,15400000,187800000,63700000,24800000,133500000,None,None,None,None,None,None,None,2.354,5.25,3.356,None,None,None,None,None,-2500000,None,0.115,None,92800000,2025-10-30,quarterly,1.14,USD,pre-market,19900000,278900000,0.112,0.191,0.17,33.83,228300000,276300000,72600000,None,105.84,114.04,5.5556,1119500000,444700000,279800000,743200000,674800000,463400000,1156900000,376300000,29.7,-18100000,132.72,66.21
2025-12-28,FSS,3.82,2055400000.0,29.7,None,1.344,21.74,33700000,None,91900000,91900000,26100000,-34300000,-1300000,-100000,None,None,None,None,48800000,46000000,None,867500000,867500000,73700000,None,None,170000000,None,None,18200000,13400000,0.54,0.0047,5500000,5500000,None,0.276,0.06,64400000,82600000,1.08,2022-03-31,25.19,333400000,594500000.0,251500000,46300000,-1000000,333400000,333400000,None,23100000,None,158000000,None,None,362600000,None,None,20500000,None,None,None,0.171,7000000,187800000,63700000,24800000,133500000,None,None,None,None,None,None,None,2.354,5.25,3.356,None,None,None,None,None,-15100000,None,0.115,None,92800000,2025-10-30,quarterly,1.14,USD,pre-market,19900000,278900000,0.112,0.191,0.17,33.83,228300000,276300000,72600000,None,105.84,114.04,5.5556,1119500000,444700000,279800000,743200000,674800000,463400000,1156900000,376300000,29.7,-18100000,132.72,66.21
2025-12-28,FSS,3.82,2055400000.0,29.7,None,1.344,21.74,24900000,None,91900000,91900000,10000000,-104200000,-46800000,None,-24200000,None,None,2500000,48800000,46000000,None,867500000,867500000,73700000,None,None,170000000,None,None,18200000,13200000,0.54,0.0047,5500000,5500000,None,0.276,0.06,64400000,82600000,1.08,2021-12-31,25.19,333400000,594500000.0,251500000,46300000,-1000000,333400000,333400000,None,23100000,None,158000000,None,None,362600000,None,None,19500000,None,None,None,0.171,46700000,187800000,63700000,24800000,133500000,None,None,None,None,None,None,None,2.354,5.25,3.356,None,None,None,None,None,-14900000,None,0.115,None,92800000,2025-10-30,quarterly,1.14,USD,pre-market,19900000,278900000,0.112,0.191,0.17,33.83,228300000,276300000,72600000,None,105.84,114.04,5.5556,1119500000,444700000,279800000,743200000,674800000,463400000,1156900000,376300000,29.7,-18100000,132.72,66.21
2025-12-28,FSS,3.82,2055400000.0,29.7,None,1.344,21.74,3200000,None,91900000,91900000,21400000,-3200000,33500000,-500000,-24200000,None,None,None,48800000,46000000,None,867500000,867500000,73700000,None,None,170000000,None,None,18200000,12700000,0.54,0.0047,5500000,5500000,None,0.276,0.06,64400000,82600000,1.08,2021-09-30,25.19,333400000,594500000.0,251500000,46300000,-1000000,333400000,333400000,None,23100000,None,158000000,None,None,362600000,None,None,29200000,None,None,None,0.171,15800000,187800000,63700000,24800000,133500000,None,None,None,None,None,None,None,2.354,5.25,3.356,None,None,None,None,None,-3200000,None,0.115,None,92800000,2025-10-30,quarterly,1.14,USD,pre-market,19900000,278900000,0.112,0.191,0.17,33.83,228300000,276300000,72600000,None,105.84,114.04,5.5556,1119500000,444700000,279800000,743200000,674800000,463400000,1156900000,376300000,29.7,-18100000,132.72,66.21
2025-12-28,FSS,3.82,2055400000.0,29.7,None,1.344,21.74,4999999,None,91900000,91900000,-9000000,-4900000,-300000,300000,-24200000,None,None,None,48800000,46000000,None,867500000,867500000,73700000,None,None,170000000,None,None,18200000,12600000,0.54,0.0047,5500000,5500000,None,0.276,0.06,64400000,82600000,1.08,2021-06-30,25.19,333400000,594500000.0,251500000,46300000,-1000000,333400000,333400000,None,23100000,None,158000000,None,None,362600000,None,None,29700000,None,None,None,0.171,13300000,187800000,63700000,24800000,133500000,None,None,None,None,None,None,None,2.354,5.25,3.356,None,None,None,None,None,-200000,None,0.115,None,92800000,2025-10-30,quarterly,1.14,USD,pre-market,19900000,278900000,0.112,0.191,0.17,33.83,228300000,276300000,72600000,None,105.84,114.04,5.5556,1119500000,444700000,279800000,743200000,674800000,463400000,1156900000,376300000,29.7,-18100000,132.72,66.21
2025-12-28,FSS,3.82,2055400000.0,29.7,None,1.344,21.74,4300000,None,91900000,91900000,4000000,-56400000,-26900000,-500000,-24200000,None,None,None,48800000,46000000,None,867500000,867500000,73700000,None,None,170000000,None,None,18200000,12200000,0.54,0.0047,5500000,5500000,None,0.276,0.06,64400000,82600000,1.08,2021-03-31,25.19,333400000,594500000.0,251500000,46300000,-1000000,333400000,333400000,None,23100000,None,158000000,None,None,362600000,None,None,22200000,None,None,None,0.171,26000000,187800000,63700000,24800000,133500000,None,None,None,None,None,None,None,2.354,5.25,3.356,None,None,None,None,None,-4000000,None,0.115,None,92800000,2025-10-30,quarterly,1.14,USD,pre-market,19900000,278900000,0.112,0.191,0.17,33.83,228300000,276300000,72600000,None,105.84,114.04,5.5556,1119500000,444700000,279800000,743200000,674800000,463400000,1156900000,376300000,29.7,-18100000,132.72,66.21
2025-12-28,FSS,3.82,2055400000.0,29.7,None,1.344,21.74,5400000,None,91900000,91900000,-37400000,-5200000,13800000,None,-10400000,None,None,8600000,48800000,46000000,None,867500000,867500000,73700000,None,None,170000000,None,None,18200000,11700000,0.54,0.0047,4900000,4900000,None,0.276,0.06,64400000,82600000,1.08,2020-12-31,25.19,333400000,594500000.0,251500000,46300000,-1000000,333400000,333400000,None,23100000,None,158000000,None,None,362600000,None,None,26100000,None,None,None,0.171,56600000,187800000,63700000,24800000,133500000,None,None,None,None,None,None,None,2.354,5.25,3.356,None,None,None,None,None,-100000,None,0.115,None,92800000,2025-10-30,quarterly,1.14,USD,pre-market,19900000,278900000,0.112,0.191,0.17,33.83,228300000,276300000,72600000,None,105.84,114.04,5.5556,1119500000,444700000,279800000,743200000,674800000,463400000,1156900000,376300000,29.7,-18100000,132.72,66.21
2025-12-28,FSS,3.82,2055400000.0,29.7,None,1.344,21.74,8000000,None,91900000,91900000,-14500000,-8000000,-7400000,500000,None,None,None,None,48800000,46000000,None,867500000,867500000,73700000,None,None,170000000,None,None,18200000,11200000,0.54,0.0047,4800000,4800000,None,0.276,0.06,64400000,82600000,1.08,2020-09-30,25.19,333400000,594500000.0,251500000,46300000,-1000000,333400000,333400000,None,23100000,None,158000000,None,None,362600000,None,None,25300000,None,None,None,0.171,14600000,187800000,63700000,24800000,133500000,None,None,None,None,None,None,None,2.354,5.25,3.356,None,None,None,None,None,-200000,None,0.115,None,92800000,2025-10-30,quarterly,1.14,USD,pre-market,19900000,278900000,0.112,0.191,0.17,33.83,228300000,276300000,72600000,None,105.84,114.04,5.5556,1119500000,444700000,279800000,743200000,674800000,463400000,1156900000,376300000,29.7,-18100000,132.72,66.21
2025-12-28,FSS,3.82,2055400000.0,29.7,None,1.344,21.74,6800000,None,91900000,91900000,-42900000,-12800000,4200000,100000,None,None,None,None,48800000,46000000,None,867500000,867500000,73700000,None,None,170000000,None,None,18200000,11100000,0.54,0.0047,4900000,4900000,None,0.276,0.06,64400000,82600000,1.08,2020-06-30,25.19,333400000,594500000.0,251500000,46300000,-1000000,333400000,333400000,None,23100000,None,158000000,None,None,362600000,None,None,21400000,None,None,None,0.171,59800000,187800000,63700000,24800000,133500000,None,None,None,None,None,None,None,2.354,5.25,3.356,None,None,None,None,None,-2600000,None,0.115,None,92800000,2025-10-30,quarterly,1.14,USD,pre-market,19900000,278900000,0.112,0.191,0.17,33.83,228300000,276300000,72600000,None,105.84,114.04,5.5556,1119500000,444700000,279800000,743200000,674800000,463400000,1156900000,376300000,29.7,-18100000,132.72,66.21
2025-12-28,FSS,3.82,2055400000.0,29.7,None,1.344,21.74,9500000,None,91900000,91900000,41400000,-8400000,37800000,-400000,None,None,None,None,48800000,46000000,None,867500000,867500000,73700000,None,None,170000000,None,None,18200000,10800000,0.54,0.0047,4800000,4800000,None,0.276,0.06,64400000,82600000,1.08,2020-03-31,25.19,333400000,594500000.0,251500000,46300000,-1000000,333400000,333400000,None,23100000,None,158000000,None,None,362600000,None,None,23400000,None,None,None,0.171,5200000,187800000,63700000,24800000,133500000,None,None,None,None,None,None,None,2.354,5.25,3.356,None,None,None,None,None,-17500000,None,0.115,None,92800000,2025-10-30,quarterly,1.14,USD,pre-market,19900000,278900000,0.112,0.191,0.17,33.83,228300000,276300000,72600000,None,105.84,114.04,5.5556,1119500000,444700000,279800000,743200000,674800000,463400000,1156900000,376300000,29.7,-18100000,132.72,66.21
2025-12-28,FSS,3.82,2055400000.0,29.7,None,1.344,21.74,14200000,None,91900000,91900000,-35100000,-14100000,-4300000,400000,-10400000,None,None,-4700000,48800000,46000000,None,867500000,867500000,73700000,None,None,170000000,None,None,18200000,11400000,0.54,0.0047,4800000,4800000,None,0.276,0.06,64400000,82600000,1.08,2019-12-31,25.19,333400000,594500000.0,251500000,46300000,-1000000,333400000,333400000,None,23100000,None,158000000,None,None,362600000,None,None,29800000,None,None,None,0.171,44500000,187800000,63700000,24800000,133500000,None,None,None,None,None,None,None,2.354,5.25,3.356,None,None,None,None,None,-200000,None,0.115,None,92800000,2025-10-30,quarterly,1.14,USD,pre-market,19900000,278900000,0.112,0.191,0.17,33.83,228300000,276300000,72600000,None,105.84,114.04,5.5556,1119500000,444700000,279800000,743200000,674800000,463400000,1156900000,376300000,29.7,-18100000,132.72,66.21
2025-12-28,FSS,3.82,2055400000.0,29.7,None,1.344,21.74,11800000,None,91900000,91900000,25900000,-60900000,-2700000,-500000,None,None,None,None,48800000,46000000,None,867500000,867500000,73700000,None,None,170000000,None,None,18200000,10800000,0.54,0.0047,4900000,4900000,None,0.276,0.06,64400000,82600000,1.08,2019-09-30,25.19,333400000,594500000.0,251500000,46300000,-1000000,333400000,333400000,None,23100000,None,158000000,None,None,362600000,None,None,28400000,None,None,None,0.171,32800000,187800000,63700000,24800000,133500000,None,None,None,None,None,None,None,2.354,5.25,3.356,None,None,None,None,None,-300000,None,0.115,None,92800000,2025-10-30,quarterly,1.14,USD,pre-market,19900000,278900000,0.112,0.191,0.17,33.83,228300000,276300000,72600000,None,105.84,114.04,5.5556,1119500000,444700000,279800000,743200000,674800000,463400000,1156900000,376300000,29.7,-18100000,132.72,66.21
2025-12-28,FSS,3.82,2055400000.0,29.7,None,1.344,21.74,4900000,None,91900000,91900000,-14000000,-4900000,15900000,200000,None,None,None,None,48800000,46000000,None,867500000,867500000,73700000,None,None,170000000,None,None,18200000,9800000,0.54,0.0047,4800000,4800000,None,0.276,0.06,64400000,82600000,1.08,2019-06-30,25.19,333400000,594500000.0,251500000,46300000,-1000000,333400000,333400000,None,23100000,None,158000000,None,None,362600000,None,None,32800000,None,None,None,0.171,34600000,187800000,63700000,24800000,133500000,None,None,None,None,None,None,None,2.354,5.25,3.356,None,None,None,None,None,-500000,None,0.115,None,92800000,2025-10-30,quarterly,1.14,USD,pre-market,19900000,278900000,0.112,0.191,0.17,33.83,228300000,276300000,72600000,None,105.84,114.04,5.5556,1119500000,444700000,279800000,743200000,674800000,463400000,1156900000,376300000,29.7,-18100000,132.72,66.21
2025-12-28,FSS,3.82,2055400000.0,29.7,None,1.344,21.74,4500000,None,91900000,91900000,-1400000,-4500000,-14700000,None,None,None,None,None,48800000,46000000,None,867500000,867500000,73700000,None,None,170000000,None,None,18200000,9500000,0.54,0.0047,4800000,4800000,None,0.276,0.06,64400000,82600000,1.08,2019-03-31,25.19,333400000,594500000.0,251500000,46300000,-1000000,333400000,333400000,None,23100000,None,158000000,None,None,362600000,None,None,17500000,None,None,None,0.171,-8800000,187800000,63700000,24800000,133500000,None,None,None,None,None,None,None,2.354,5.25,3.356,None,None,None,None,None,-2100000,None,0.115,None,92800000,2025-10-30,quarterly,1.14,USD,pre-market,19900000,278900000,0.112,0.191,0.17,33.83,228300000,276300000,72600000,None,105.84,114.04,5.5556,1119500000,444700000,279800000,743200000,674800000,463400000,1156900000,376300000,29.7,-18100000,132.72,66.21
2025-12-28,FSS,3.82,2055400000.0,29.7,None,1.344,21.74,4000000,None,91900000,91900000,-14600000,-3900000,2400000,-100000,-22600000,None,None,-7900000,48800000,46000000,None,867500000,867500000,73700000,None,None,170000000,None,None,18200000,9400000,0.54,0.0047,4900000,4900000,None,0.276,0.06,64400000,82600000,1.08,2018-12-31,25.19,333400000,594500000.0,251500000,46300000,-1000000,333400000,333400000,None,23100000,None,158000000,None,None,362600000,None,None,32500000,None,None,None,0.171,21000000,187800000,63700000,24800000,133500000,None,None,None,None,None,None,None,2.354,5.25,3.356,None,None,None,None,None,-1300000,None,0.115,None,92800000,2025-10-30,quarterly,1.14,USD,pre-market,19900000,278900000,0.112,0.191,0.17,33.83,228300000,276300000,72600000,None,105.84,114.04,5.5556,1119500000,444700000,279800000,743200000,674800000,463400000,1156900000,376300000,29.7,-18100000,132.72,66.21
2025-12-28,FSS,3.82,2055400000.0,29.7,None,1.344,21.74,3100000,None,91900000,91900000,-31700000,-3200000,-1000000,-100000,-22600000,None,None,None,48800000,46000000,None,867500000,867500000,73700000,None,None,170000000,None,None,18200000,9400000,0.54,0.0047,4800000,4800000,None,0.276,0.06,64400000,82600000,1.08,2018-09-30,25.19,333400000,594500000.0,251500000,46300000,-1000000,333400000,333400000,None,23100000,None,158000000,None,None,362600000,None,None,21700000,None,None,None,0.171,34000000,187800000,63700000,24800000,133500000,None,None,None,None,None,None,None,2.354,5.25,3.356,None,None,None,None,None,-100000,None,0.115,None,92800000,2025-10-30,quarterly,1.14,USD,pre-market,19900000,278900000,0.112,0.191,0.17,33.83,228300000,276300000,72600000,None,105.84,114.04,5.5556,1119500000,444700000,279800000,743200000,674800000,463400000,1156900000,376300000,29.7,-18100000,132.72,66.21
2025-12-28,FSS,3.82,2055400000.0,29.7,None,1.344,21.74,4000000,None,91900000,91900000,-22200000,-4000000,600000,-700000,-22600000,None,None,None,48800000,46000000,None,867500000,867500000,73700000,None,None,170000000,None,None,18200000,9000000,0.54,0.0047,4800000,4800000,None,0.276,0.06,64400000,82600000,1.08,2018-06-30,25.19,333400000,594500000.0,251500000,46300000,-1000000,333400000,333400000,None,23100000,None,158000000,None,None,362600000,None,None,26900000,None,None,None,0.171,27500000,187800000,63700000,24800000,133500000,None,None,None,None,None,None,None,2.354,5.25,3.356,None,None,None,None,None,-200000,None,0.115,None,92800000,2025-10-30,quarterly,1.14,USD,pre-market,19900000,278900000,0.112,0.191,0.17,33.83,228300000,276300000,72600000,None,105.84,114.04,5.5556,1119500000,444700000,279800000,743200000,674800000,463400000,1156900000,376300000,29.7,-18100000,132.72,66.21
2025-12-28,FSS,3.82,2055400000.0,29.7,None,1.344,21.74,3000000,None,91900000,91900000,-12700000,100000,-2100000,200000,-22600000,None,None,None,48800000,46000000,None,867500000,867500000,73700000,None,None,170000000,None,None,18200000,8600000,0.54,0.0047,4200000,4200000,None,0.276,0.06,64400000,82600000,1.08,2018-03-31,25.19,333400000,594500000.0,251500000,46300000,-1000000,333400000,333400000,None,23100000,None,158000000,None,None,362600000,None,None,12900000,None,None,None,0.171,10300000,187800000,63700000,24800000,133500000,None,None,None,None,None,None,None,2.354,5.25,3.356,None,None,None,None,None,-100000,None,0.115,None,92800000,2025-10-30,quarterly,1.14,USD,pre-market,19900000,278900000,0.112,0.191,0.17,33.83,228300000,276300000,72600000,None,105.84,114.04,5.5556,1119500000,444700000,279800000,743200000,674800000,463400000,1156900000,376300000,29.7,-18100000,132.72,66.21
2025-12-28,FSS,3.82,2055400000.0,29.7,None,1.344,21.74,2700000,None,91900000,91900000,-9300000,-2800000,9300000,200000,-2300000,None,None,-11100000,48800000,46000000,None,867500000,867500000,73700000,None,None,170000000,None,None,18200000,8700000,0.54,0.0047,4200000,4200000,None,0.276,0.06,64400000,82600000,1.08,2017-12-31,25.19,333400000,594500000.0,251500000,46300000,-1000000,333400000,333400000,None,23100000,None,158000000,None,None,362600000,None,None,30400000,None,None,None,0.171,21200000,187800000,63700000,24800000,133500000,None,None,None,None,None,None,None,2.354,5.25,3.356,None,None,None,None,None,-400000,None,0.115,None,92800000,2025-10-30,quarterly,1.14,USD,pre-market,19900000,278900000,0.112,0.191,0.17,33.83,228300000,276300000,72600000,None,105.84,114.04,5.5556,1119500000,444700000,279800000,743200000,674800000,463400000,1156900000,376300000,29.7,-18100000,132.72,66.21
2025-12-28,FSS,3.82,2055400000.0,29.7,None,1.344,21.74,2600000,None,91900000,91900000,-13000000,-2500000,-8800000,600000,0,None,None,None,48800000,46000000,None,867500000,867500000,73700000,None,None,170000000,None,None,18200000,9000000,0.54,0.0047,4200000,4200000,None,0.276,0.06,64400000,82600000,1.08,2017-09-30,25.19,333400000,594500000.0,251500000,46300000,-1000000,333400000,333400000,None,23100000,None,158000000,None,None,362600000,None,None,12500000,None,None,None,0.171,6100000,187800000,63700000,24800000,133500000,None,None,None,None,None,None,None,2.354,5.25,3.356,None,None,None,None,None,-100000,None,0.115,None,92800000,2025-10-30,quarterly,1.14,USD,pre-market,19900000,278900000,0.112,0.191,0.17,33.83,228300000,276300000,72600000,None,105.84,114.04,5.5556,1119500000,444700000,279800000,743200000,674800000,463400000,1156900000,376300000,29.7,-18100000,132.72,66.21
2025-12-28,FSS,3.82,2055400000.0,29.7,None,1.344,21.74,1600000,None,91900000,91900000,218600000,-270700000,-19800000,500000,0,None,None,None,48800000,46000000,None,867500000,867500000,73700000,None,None,170000000,None,None,18200000,6600000,0.54,0.0047,4200000,4200000,None,0.276,0.06,64400000,82600000,1.08,2017-06-30,25.19,333400000,594500000.0,251500000,46300000,-1000000,333400000,333400000,None,23100000,None,158000000,None,None,362600000,None,None,11400000,None,None,None,0.171,31800000,187800000,63700000,24800000,133500000,None,None,None,None,None,None,None,2.354,5.25,3.356,None,None,None,None,None,-500000,None,0.115,None,92800000,2025-10-30,quarterly,1.14,USD,pre-market,19900000,278900000,0.112,0.191,0.17,33.83,228300000,276300000,72600000,None,105.84,114.04,5.5556,1119500000,444700000,279800000,743200000,674800000,463400000,1156900000,376300000,29.7,-18100000,132.72,66.21
2025-12-28,FSS,3.82,2055400000.0,29.7,None,1.344,21.74,1100000,None,91900000,91900000,-5600000,-2200000,6100000,200000,0,None,None,None,48800000,46000000,None,867500000,867500000,73700000,None,None,170000000,None,None,18200000,5700000,0.54,0.0047,4200000,4200000,None,0.276,0.06,64400000,82600000,1.08,2017-03-31,25.19,333400000,594500000.0,251500000,46300000,-1000000,333400000,333400000,None,23100000,None,158000000,None,None,362600000,None,None,7300000,None,None,None,0.171,13700000,187800000,63700000,24800000,133500000,None,None,None,None,None,None,None,2.354,5.25,3.356,None,None,None,None,None,-1900000,None,0.115,None,92800000,2025-10-30,quarterly,1.14,USD,pre-market,19900000,278900000,0.112,0.191,0.17,33.83,228300000,276300000,72600000,None,105.84,114.04,5.5556,1119500000,444700000,279800000,743200000,674800000,463400000,1156900000,376300000,29.7,-18100000,132.72,66.21
2025-12-28,FSS,3.82,2055400000.0,29.7,None,1.344,21.74,1300000,None,91900000,91900000,-8200000,-2900000,-5100000,-800000,-2300000,None,None,-8000000,48800000,46000000,None,867500000,867500000,73700000,None,None,170000000,None,None,18200000,6100000,0.54,0.0047,4100000,4100000,None,0.276,0.06,64400000,82600000,1.08,2016-12-31,25.19,333400000,594500000.0,251500000,46300000,-1000000,333400000,333400000,None,23100000,None,158000000,None,None,362600000,None,None,12600000,None,None,None,0.171,6800000,187800000,63700000,24800000,133500000,None,None,None,None,None,None,None,2.354,5.25,3.356,None,None,None,None,None,-4100000,None,0.115,None,92800000,2025-10-30,quarterly,1.14,USD,pre-market,19900000,278900000,0.112,0.191,0.17,33.83,228300000,276300000,72600000,None,105.84,114.04,5.5556,1119500000,444700000,279800000,743200000,674800000,463400000,1156900000,376300000,29.7,-18100000,132.72,66.21
2025-12-28,FSS,3.82,2055400000.0,29.7,None,1.344,21.74,1200000,None,91900000,91900000,-4700000,4800000,12100000,-700000,0,None,None,None,48800000,46000000,None,867500000,867500000,73700000,None,None,170000000,None,None,18200000,5800000,0.54,0.0047,4200000,4200000,None,0.276,0.06,64400000,82600000,1.08,2016-09-30,25.19,333400000,594500000.0,251500000,46300000,-1000000,333400000,333400000,None,23100000,None,158000000,None,None,362600000,None,None,8500000,None,None,None,0.171,12700000,187800000,63700000,24800000,133500000,None,None,None,None,None,None,None,2.354,5.25,3.356,None,None,None,None,None,-700000,None,0.115,None,92800000,2025-10-30,quarterly,1.14,USD,pre-market,19900000,278900000,0.112,0.191,0.17,33.83,228300000,276300000,72600000,None,105.84,114.04,5.5556,1119500000,444700000,279800000,743200000,674800000,463400000,1156900000,376300000,29.7,-18100000,132.72,66.21
2025-12-28,FSS,3.82,2055400000.0,29.7,None,1.344,21.74,1600000,None,91900000,91900000,43500000,-92300000,-38600000,-400000,0,None,None,None,48800000,46000000,None,867500000,867500000,73700000,None,None,170000000,None,None,18200000,4200000,0.54,0.0047,4300000,4300000,None,0.276,0.06,64400000,82600000,1.08,2016-06-30,25.19,333400000,594500000.0,251500000,46300000,-1000000,333400000,333400000,None,23100000,None,158000000,None,None,362600000,None,None,9100000,None,None,None,0.171,10600000,187800000,63700000,24800000,133500000,None,None,None,None,None,None,None,2.354,5.25,3.356,None,None,None,None,None,-17000000,None,0.115,None,92800000,2025-10-30,quarterly,1.14,USD,pre-market,19900000,278900000,0.112,0.191,0.17,33.83,228300000,276300000,72600000,None,105.84,114.04,5.5556,1119500000,444700000,279800000,743200000,674800000,463400000,1156900000,376300000,29.7,-18100000,132.72,66.21
2025-12-28,FSS,3.82,2055400000.0,29.7,None,1.344,21.74,2000000,None,91900000,91900000,-67000000,73600000,1300000,100000,0,None,None,None,48800000,46000000,None,867500000,867500000,73700000,None,None,170000000,None,None,18200000,3000000,0.54,0.0047,4300000,4300000,None,0.276,0.06,64400000,82600000,1.08,2016-03-31,25.19,333400000,594500000.0,251500000,46300000,-1000000,333400000,333400000,None,23100000,None,158000000,None,None,362600000,None,None,13600000,None,None,None,0.171,-5400000,187800000,63700000,24800000,133500000,None,None,None,None,None,None,None,2.354,5.25,3.356,None,None,None,None,None,-18700000,None,0.115,None,92800000,2025-10-30,quarterly,1.14,USD,pre-market,19900000,278900000,0.112,0.191,0.17,33.83,228300000,276300000,72600000,None,105.84,114.04,5.5556,1119500000,444700000,279800000,743200000,674800000,463400000,1156900000,376300000,29.7,-18100000,132.72,66.21
2025-12-28,FSS,3.82,2055400000.0,29.7,None,1.344,21.74,900000,None,91900000,91900000,-6000000,-8200000,14800000,-300000,-3300000,None,None,-300000,48800000,46000000,None,867500000,867500000,73700000,None,None,170000000,None,None,18200000,900000,0.54,0.0047,4300000,4300000,None,0.276,0.06,64400000,82600000,1.08,2015-12-31,25.19,333400000,594500000.0,251500000,46300000,-1000000,333400000,333400000,None,23100000,None,158000000,None,None,362600000,None,None,11500000,None,None,None,0.171,29300000,187800000,63700000,24800000,133500000,None,None,None,None,None,None,None,2.354,5.25,3.356,None,None,None,None,None,3200000,None,0.115,None,92800000,2025-10-30,quarterly,1.14,USD,pre-market,19900000,278900000,0.112,0.191,0.17,33.83,228300000,276300000,72600000,None,105.84,114.04,5.5556,1119500000,444700000,279800000,743200000,674800000,463400000,1156900000,376300000,29.7,-18100000,132.72,66.21
2025-12-28,FSS,3.82,2055400000.0,29.7,None,1.344,21.74,3100000,None,91900000,91900000,-10600000,900000,30300000,400000,0,None,None,None,48800000,46000000,None,867500000,867500000,73700000,None,None,170000000,None,None,18200000,3700000,0.54,0.0047,3800000,3800000,None,0.276,0.06,64400000,82600000,1.08,2015-09-30,25.19,333400000,594500000.0,251500000,46300000,-1000000,333400000,333400000,None,23100000,None,158000000,None,None,362600000,None,None,18800000,None,None,None,0.171,40500000,187800000,63700000,24800000,133500000,None,None,None,None,None,None,None,2.354,5.25,3.356,None,None,None,None,None,-5900000,None,0.115,None,92800000,2025-10-30,quarterly,1.14,USD,pre-market,19900000,278900000,0.112,0.191,0.17,33.83,228300000,276300000,72600000,None,105.84,114.04,5.5556,1119500000,444700000,279800000,743200000,674800000,463400000,1156900000,376300000,29.7,-18100000,132.72,66.21
2025-12-28,FSS,3.82,2055400000.0,29.7,None,1.344,21.74,2800000,None,91900000,91900000,-9400000,-2700000,12900000,None,0,None,None,None,48800000,46000000,None,867500000,867500000,73700000,None,None,170000000,None,None,18200000,3900000,0.54,0.0047,3700000,3700000,None,0.276,0.06,64400000,82600000,1.08,2015-06-30,25.19,333400000,594500000.0,251500000,46300000,-1000000,333400000,333400000,None,23100000,None,158000000,None,None,362600000,None,None,18300000,None,None,None,0.171,24100000,187800000,63700000,24800000,133500000,None,None,None,None,None,None,None,2.354,5.25,3.356,None,None,None,None,None,-1700000,None,0.115,None,92800000,2025-10-30,quarterly,1.14,USD,pre-market,19900000,278900000,0.112,0.191,0.17,33.83,228300000,276300000,72600000,None,105.84,114.04,5.5556,1119500000,444700000,279800000,743200000,674800000,463400000,1156900000,376300000,29.7,-18100000,132.72,66.21
2025-12-28,FSS,3.82,2055400000.0,29.7,None,1.344,21.74,2800000,None,91900000,91900000,-7000000,-2800000,-7400000,-900000,0,None,None,None,48800000,46000000,None,867500000,867500000,73700000,None,None,170000000,None,None,18200000,3800000,0.54,0.0047,3800000,3800000,None,0.276,0.06,64400000,82600000,1.08,2015-03-31,25.19,333400000,594500000.0,251500000,46300000,-1000000,333400000,333400000,None,23100000,None,158000000,None,None,362600000,None,None,14900000,None,None,None,0.171,3300000,187800000,63700000,24800000,133500000,None,None,None,None,None,None,None,2.354,5.25,3.356,None,None,None,None,None,-6200000,None,0.115,None,92800000,2025-10-30,quarterly,1.14,USD,pre-market,19900000,278900000,0.112,0.191,0.17,33.83,228300000,276300000,72600000,None,105.84,114.04,5.5556,1119500000,444700000,279800000,743200000,674800000,463400000,1156900000,376300000,29.7,-18100000,132.72,66.21
2025-12-28,FSS,3.82,2055400000.0,29.7,None,1.344,21.74,6200000,None,91900000,91900000,-21100000,-5600000,1300000,None,10500000,None,None,-16600000,48800000,46000000,None,867500000,867500000,73700000,None,None,170000000,None,None,18200000,3900000,0.54,0.0047,1800000,1800000,None,0.276,0.06,64400000,82600000,1.08,2014-12-31,25.19,333400000,594500000.0,251500000,46300000,-1000000,333400000,333400000,None,23100000,None,158000000,None,None,362600000,None,None,23800000,None,None,None,0.171,28000000,187800000,63700000,24800000,133500000,None,None,None,None,None,None,None,2.354,5.25,3.356,None,None,None,None,None,-3600000,None,0.115,None,92800000,2025-10-30,quarterly,1.14,USD,pre-market,19900000,278900000,0.112,0.191,0.17,33.83,228300000,276300000,72600000,None,105.84,114.04,5.5556,1119500000,444700000,279800000,743200000,674800000,463400000,1156900000,376300000,29.7,-18100000,132.72,66.21
2025-12-28,FSS,3.82,2055400000.0,29.7,None,1.344,21.74,3900000,None,91900000,91900000,-11700000,-3700000,4900000,-600000,0,None,None,None,48800000,46000000,None,867500000,867500000,73700000,None,None,170000000,None,None,18200000,3800000,0.54,0.0047,1900000,1900000,None,0.276,0.06,64400000,82600000,1.08,2014-09-30,25.19,333400000,594500000.0,251500000,46300000,-1000000,333400000,333400000,None,23100000,None,158000000,None,None,362600000,None,None,15400000,None,None,None,0.171,20900000,187800000,63700000,24800000,133500000,None,None,None,None,None,None,None,2.354,5.25,3.356,None,None,None,None,None,-3400000,None,0.115,None,92800000,2025-10-30,quarterly,1.14,USD,pre-market,19900000,278900000,0.112,0.191,0.17,33.83,228300000,276300000,72600000,None,105.84,114.04,5.5556,1119500000,444700000,279800000,743200000,674800000,463400000,1156900000,376300000,29.7,-18100000,132.72,66.21
2025-12-28,FSS,3.82,2055400000.0,29.7,None,1.344,21.74,5200000,None,91900000,91900000,-17400000,-5100000,8200000,100000,0,None,None,None,48800000,46000000,None,867500000,867500000,73700000,None,None,170000000,None,None,18200000,3700000,0.54,0.0047,1900000,1900000,None,0.276,0.06,64400000,82600000,1.08,2014-06-30,25.19,333400000,594500000.0,251500000,46300000,-1000000,333400000,333400000,None,23100000,None,158000000,None,None,362600000,None,None,17100000,None,None,None,0.171,30600000,187800000,63700000,24800000,133500000,None,None,None,None,None,None,None,2.354,5.25,3.356,None,None,None,None,None,-3300000,None,0.115,None,92800000,2025-10-30,quarterly,1.14,USD,pre-market,19900000,278900000,0.112,0.191,0.17,33.83,228300000,276300000,72600000,None,105.84,114.04,5.5556,1119500000,444700000,279800000,743200000,674800000,463400000,1156900000,376300000,29.7,-18100000,132.72,66.21
2025-12-28,FSS,3.82,2055400000.0,29.7,None,1.344,21.74,4200000,None,91900000,91900000,-3500000,2800000,-7800000,100000,0,None,None,None,48800000,46000000,None,867500000,867500000,73700000,None,None,170000000,None,None,18200000,3600000,0.54,0.0047,0,0,None,0.276,0.06,64400000,82600000,1.08,2014-03-31,25.19,333400000,594500000.0,251500000,46300000,-1000000,333400000,333400000,None,23100000,None,158000000,None,None,362600000,None,None,7400000,None,None,None,0.171,-7200000,187800000,63700000,24800000,133500000,None,None,None,None,None,None,None,2.354,5.25,3.356,None,None,None,None,None,600000,None,0.115,None,92800000,2025-10-30,quarterly,1.14,USD,pre-market,19900000,278900000,0.112,0.191,0.17,33.83,228300000,276300000,72600000,None,105.84,114.04,5.5556,1119500000,444700000,279800000,743200000,674800000,463400000,1156900000,376300000,29.7,-18100000,132.72,66.21
2025-12-28,FSS,3.82,2055400000.0,29.7,None,1.344,21.74,3300000,None,91900000,91900000,-35200000,-5200000,2900000,700000,10500000,None,None,2600000,48800000,46000000,None,867500000,867500000,73700000,None,None,170000000,None,None,18200000,3800000,0.54,0.0047,0,0,None,0.276,0.06,64400000,82600000,1.08,2013-12-31,25.19,333400000,594500000.0,251500000,46300000,-1000000,333400000,333400000,None,23100000,None,158000000,None,None,362600000,None,None,27100000,None,None,None,0.171,42600000,187800000,63700000,24800000,133500000,None,None,None,None,None,None,None,2.354,5.25,3.356,None,None,None,None,None,2600000,None,0.115,None,92800000,2025-10-30,quarterly,1.14,USD,pre-market,19900000,278900000,0.112,0.191,0.17,33.83,228300000,276300000,72600000,None,105.84,114.04,5.5556,1119500000,444700000,279800000,743200000,674800000,463400000,1156900000,376300000,29.7,-18100000,132.72,66.21
2025-12-28,FSS,3.82,2055400000.0,29.7,None,1.344,21.74,4200000,None,91900000,91900000,-15600000,-3700000,7800000,800000,0,None,None,None,48800000,46000000,None,867500000,867500000,73700000,None,None,170000000,None,None,18200000,3500000,0.54,0.0047,0,0,None,0.276,0.06,64400000,82600000,1.08,2013-09-30,25.19,333400000,594500000.0,251500000,46300000,-1000000,333400000,333400000,None,23100000,None,158000000,None,None,362600000,None,None,16000000,None,None,None,0.171,26300000,187800000,63700000,24800000,133500000,None,None,None,None,None,None,None,2.354,5.25,3.356,None,None,None,None,None,0,None,0.115,None,92800000,2025-10-30,quarterly,1.14,USD,pre-market,19900000,278900000,0.112,0.191,0.17,33.83,228300000,276300000,72600000,None,105.84,114.04,5.5556,1119500000,444700000,279800000,743200000,674800000,463400000,1156900000,376300000,29.7,-18100000,132.72,66.21
2025-12-28,FSS,3.82,2055400000.0,29.7,None,1.344,21.74,5100000,None,91900000,91900000,-15800000,-4800000,300000,100000,0,None,None,None,48800000,46000000,None,867500000,867500000,73700000,None,None,170000000,None,None,18200000,3500000,0.54,0.0047,0,0,None,0.276,0.06,64400000,82600000,1.08,2013-06-30,25.19,333400000,594500000.0,251500000,46300000,-1000000,333400000,333400000,None,23100000,None,158000000,None,None,362600000,None,None,117500000,None,None,None,0.171,20800000,187800000,63700000,24800000,133500000,None,None,None,None,None,None,None,2.354,5.25,3.356,None,None,None,None,None,0,None,0.115,None,92800000,2025-10-30,quarterly,1.14,USD,pre-market,19900000,278900000,0.112,0.191,0.17,33.83,228300000,276300000,72600000,None,105.84,114.04,5.5556,1119500000,444700000,279800000,743200000,674800000,463400000,1156900000,376300000,29.7,-18100000,132.72,66.21
2025-12-28,FSS,3.82,2055400000.0,29.7,None,1.344,21.74,4400000,None,91900000,91900000,1000000,-2200000,-16900000,-800000,0,None,None,None,48800000,46000000,None,867500000,867500000,73700000,None,None,170000000,None,None,18200000,3400000,0.54,0.0047,0,0,None,0.276,0.06,64400000,82600000,1.08,2013-03-31,25.19,333400000,594500000.0,251500000,46300000,-1000000,333400000,333400000,None,23100000,None,158000000,None,None,362600000,None,None,-600000,None,None,None,0.171,-14900000,187800000,63700000,24800000,133500000,None,None,None,None,None,None,None,2.354,5.25,3.356,None,None,None,None,None,0,None,0.115,None,92800000,2025-10-30,quarterly,1.14,USD,pre-market,19900000,278900000,0.112,0.191,0.17,33.83,228300000,276300000,72600000,None,105.84,114.04,5.5556,1119500000,444700000,279800000,743200000,674800000,463400000,1156900000,376300000,29.7,-18100000,132.72,66.21
2025-12-28,FSS,3.82,2055400000.0,29.7,None,1.344,21.74,3800000,None,91900000,91900000,-2100000,-2800000,20600000,None,-14500000,None,None,8700000,48800000,46000000,None,867500000,867500000,73700000,None,None,170000000,None,None,18200000,3600000,0.54,0.0047,0,0,None,0.276,0.06,64400000,82600000,1.08,2012-12-31,25.19,333400000,594500000.0,251500000,46300000,-1000000,333400000,333400000,None,23100000,None,158000000,None,None,362600000,None,None,4700000,None,None,None,0.171,25500000,187800000,63700000,24800000,133500000,None,None,None,None,None,None,None,2.354,5.25,3.356,None,None,None,None,None,0,None,0.115,None,92800000,2025-10-30,quarterly,1.14,USD,pre-market,19900000,278900000,0.112,0.191,0.17,33.83,228300000,276300000,72600000,None,105.84,114.04,5.5556,1119500000,444700000,279800000,743200000,674800000,463400000,1156900000,376300000,29.7,-18100000,132.72,66.21
2025-12-28,FSS,3.82,2055400000.0,29.7,None,1.344,21.74,3700000,None,91900000,91900000,-77900000,78700000,-1200000,100000,0,None,None,None,48800000,46000000,None,867500000,867500000,73700000,None,None,170000000,None,None,18200000,3000000,0.54,0.0047,0,0,None,0.276,0.06,64400000,82600000,1.08,2012-09-30,25.19,333400000,594500000.0,251500000,46300000,-1000000,333400000,333400000,None,23100000,None,158000000,None,None,362600000,None,None,-14700000,None,None,None,0.171,-1800000,187800000,63700000,24800000,133500000,None,None,None,None,None,None,None,2.354,5.25,3.356,None,None,None,None,None,0,None,0.115,None,92800000,2025-10-30,quarterly,1.14,USD,pre-market,19900000,278900000,0.112,0.191,0.17,33.83,228300000,276300000,72600000,None,105.84,114.04,5.5556,1119500000,444700000,279800000,743200000,674800000,463400000,1156900000,376300000,29.7,-18100000,132.72,66.21
2025-12-28,FSS,3.82,2055400000.0,29.7,None,1.344,21.74,2000000,None,91900000,91900000,1300000,-900000,-3100000,None,0,None,None,None,48800000,46000000,None,867500000,867500000,73700000,None,None,170000000,None,None,18200000,1100000,0.54,0.0047,0,0,None,0.276,0.06,64400000,82600000,1.08,2012-06-30,25.19,333400000,594500000.0,251500000,46300000,-1000000,333400000,333400000,None,23100000,None,158000000,None,None,362600000,None,None,30700000,None,None,None,0.171,-3800000,187800000,63700000,24800000,133500000,None,None,None,None,None,None,None,2.354,5.25,3.356,None,None,None,None,None,0,None,0.115,None,92800000,2025-10-30,quarterly,1.14,USD,pre-market,19900000,278900000,0.112,0.191,0.17,33.83,228300000,276300000,72600000,None,105.84,114.04,5.5556,1119500000,444700000,279800000,743200000,674800000,463400000,1156900000,376300000,29.7,-18100000,132.72,66.21
2025-12-28,FSS,3.82,2055400000.0,29.7,None,1.344,21.74,3500000,None,91900000,91900000,6000000,-5100000,3900000,-300000,0,None,None,None,48800000,46000000,None,867500000,867500000,73700000,None,None,170000000,None,None,18200000,5500000,0.54,0.0047,0,0,None,0.276,0.06,64400000,82600000,1.08,2012-03-31,25.19,333400000,594500000.0,251500000,46300000,-1000000,333400000,333400000,None,23100000,None,158000000,None,None,362600000,None,None,-500000,None,None,None,0.171,3300000,187800000,63700000,24800000,133500000,None,None,None,None,None,None,None,2.354,5.25,3.356,None,None,None,None,None,0,None,0.115,None,92800000,2025-10-30,quarterly,1.14,USD,pre-market,19900000,278900000,0.112,0.191,0.17,33.83,228300000,276300000,72600000,None,105.84,114.04,5.5556,1119500000,444700000,279800000,743200000,674800000,463400000,1156900000,376300000,29.7,-18100000,132.72,66.21
2025-12-28,FSS,3.82,2055400000.0,29.7,None,1.344,21.74,3400000,None,91900000,91900000,-5100000,-2700000,None,None,1900000,None,None,None,48800000,46000000,None,867500000,867500000,73700000,None,None,170000000,None,None,18200000,5500000,0.54,0.0047,3700000,3700000,None,0.276,0.06,64400000,82600000,1.08,2011-12-31,25.19,333400000,594500000.0,251500000,46300000,-1000000,333400000,333400000,None,23100000,None,158000000,None,None,362600000,None,None,-16600000,None,None,None,0.171,3500000,187800000,63700000,24800000,133500000,None,None,None,None,None,None,None,2.354,5.25,3.356,None,None,None,None,None,0,None,0.115,None,92800000,2025-10-30,quarterly,1.14,USD,pre-market,19900000,278900000,0.112,0.191,0.17,33.83,228300000,276300000,72600000,None,105.84,114.04,5.5556,1119500000,444700000,279800000,743200000,674800000,463400000,1156900000,376300000,29.7,-18100000,132.72,66.21
2025-12-28,FSS,3.82,2055400000.0,29.7,None,1.344,21.74,5000000,None,91900000,91900000,-6300000,-4700000,None,None,0,None,None,None,48800000,46000000,None,867500000,867500000,73700000,None,None,170000000,None,None,18200000,5600000,0.54,0.0047,3700000,3700000,None,0.276,0.06,64400000,82600000,1.08,2011-09-30,25.19,333400000,594500000.0,251500000,46300000,-1000000,333400000,333400000,None,23100000,None,158000000,None,None,362600000,None,None,1700000,None,None,None,0.171,8300000,187800000,63700000,24800000,133500000,None,None,None,None,None,None,None,2.354,5.25,3.356,None,None,None,None,None,0,None,0.115,None,92800000,2025-10-30,quarterly,1.14,USD,pre-market,19900000,278900000,0.112,0.191,0.17,33.83,228300000,276300000,72600000,None,105.84,114.04,5.5556,1119500000,444700000,279800000,743200000,674800000,463400000,1156900000,376300000,29.7,-18100000,132.72,66.21
2025-12-28,FSS,3.82,2055400000.0,29.7,None,1.344,21.74,3000000,None,91900000,91900000,-8200000,-2500000,None,None,0,None,None,None,48800000,46000000,None,867500000,867500000,73700000,None,None,170000000,None,None,18200000,5600000,0.54,0.0047,100000,100000,None,0.276,0.06,64400000,82600000,1.08,2011-06-30,25.19,333400000,594500000.0,251500000,46300000,-1000000,333400000,333400000,None,23100000,None,158000000,None,None,362600000,None,None,6000000,None,None,None,0.171,12700000,187800000,63700000,24800000,133500000,None,None,None,None,None,None,None,2.354,5.25,3.356,None,None,None,None,None,0,None,0.115,None,92800000,2025-10-30,quarterly,1.14,USD,pre-market,19900000,278900000,0.112,0.191,0.17,33.83,228300000,276300000,72600000,None,105.84,114.04,5.5556,1119500000,444700000,279800000,743200000,674800000,463400000,1156900000,376300000,29.7,-18100000,132.72,66.21
2025-12-28,FSS,3.82,2055400000.0,29.7,None,1.344,21.74,4300000,None,91900000,91900000,-26200000,-3900000,None,None,None,None,None,None,48800000,46000000,None,867500000,867500000,73700000,None,None,170000000,None,None,18200000,5800000,0.54,0.0047,3800000,3800000,None,0.276,0.06,64400000,82600000,1.08,2011-03-31,25.19,333400000,594500000.0,251500000,46300000,-1000000,333400000,333400000,None,23100000,None,158000000,None,None,362600000,None,None,-5300000,None,None,None,0.171,-18200000,187800000,63700000,24800000,133500000,None,None,None,None,None,None,None,2.354,5.25,3.356,None,None,None,None,None,None,None,0.115,None,92800000,2025-10-30,quarterly,1.14,USD,pre-market,19900000,278900000,0.112,0.191,0.17,33.83,228300000,276300000,72600000,None,105.84,114.04,5.5556,1119500000,444700000,279800000,743200000,674800000,463400000,1156900000,376300000,29.7,-18100000,132.72,66.21
2025-12-28,FSS,3.82,2055400000.0,29.7,None,1.344,21.74,2400000,None,91900000,91900000,29600000,-2300000,None,None,-7900000,None,None,None,48800000,46000000,None,867500000,867500000,73700000,None,None,170000000,None,None,18200000,4400000,0.54,0.0047,2900000,2900000,None,0.276,0.06,64400000,82600000,1.08,2010-12-31,25.19,333400000,594500000.0,251500000,46300000,-1000000,333400000,333400000,None,23100000,None,158000000,None,None,362600000,None,None,-162200000,None,None,None,0.171,18600000,187800000,63700000,24800000,133500000,None,None,None,None,None,None,None,2.354,5.25,3.356,None,None,None,None,None,30100000,None,0.115,None,92800000,2025-10-30,quarterly,1.14,USD,pre-market,19900000,278900000,0.112,0.191,0.17,33.83,228300000,276300000,72600000,None,105.84,114.04,5.5556,1119500000,444700000,279800000,743200000,674800000,463400000,1156900000,376300000,29.7,-18100000,132.72,66.21
2025-12-28,FSS,3.82,2055400000.0,29.7,None,1.344,21.74,3900000,None,91900000,91900000,-9900000,-3100000,None,None,None,None,None,None,48800000,46000000,None,867500000,867500000,73700000,None,None,170000000,None,None,18200000,5600000,0.54,0.0047,3700000,3700000,None,0.276,0.06,64400000,82600000,1.08,2010-09-30,25.19,333400000,594500000.0,251500000,46300000,-1000000,333400000,333400000,None,23100000,None,158000000,None,None,362600000,None,None,2900000,None,None,None,0.171,20500000,187800000,63700000,24800000,133500000,None,None,None,None,None,None,None,2.354,5.25,3.356,None,None,None,None,None,31700000,None,0.115,None,92800000,2025-10-30,quarterly,1.14,USD,pre-market,19900000,278900000,0.112,0.191,0.17,33.83,228300000,276300000,72600000,None,105.84,114.04,5.5556,1119500000,444700000,279800000,743200000,674800000,463400000,1156900000,376300000,29.7,-18100000,132.72,66.21
2025-12-28,FSS,3.82,2055400000.0,29.7,None,1.344,21.74,3300000,None,91900000,91900000,100000,-2800000,None,None,None,None,None,None,48800000,46000000,None,867500000,867500000,73700000,None,None,170000000,None,None,18200000,5000000,0.54,0.0047,3700000,3700000,None,0.276,0.06,64400000,82600000,1.08,2010-06-30,25.19,333400000,594500000.0,251500000,46300000,-1000000,333400000,333400000,None,23100000,None,158000000,None,None,362600000,None,None,1800000,None,None,None,0.171,1700000,187800000,63700000,24800000,133500000,None,None,None,None,None,None,None,2.354,5.25,3.356,None,None,None,None,None,None,None,0.115,None,92800000,2025-10-30,quarterly,1.14,USD,pre-market,19900000,278900000,0.112,0.191,0.17,33.83,228300000,276300000,72600000,None,105.84,114.04,5.5556,1119500000,444700000,279800000,743200000,674800000,463400000,1156900000,376300000,29.7,-18100000,132.72,66.21
2025-12-28,FSS,3.82,2055400000.0,29.7,None,1.344,21.74,3200000,None,91900000,91900000,97800000,-99800000,None,None,None,None,None,None,48800000,46000000,None,867500000,867500000,73700000,None,None,170000000,None,None,18200000,4200000,0.54,0.0047,3000000,3000000,None,0.276,0.06,64400000,82600000,1.08,2010-03-31,25.19,333400000,594500000.0,251500000,46300000,-1000000,333400000,333400000,None,23100000,None,158000000,None,None,362600000,None,None,-3200000,None,None,None,0.171,-9600000,187800000,63700000,24800000,133500000,None,None,None,None,None,None,None,2.354,5.25,3.356,None,None,None,None,None,None,None,0.115,None,92800000,2025-10-30,quarterly,1.14,USD,pre-market,19900000,278900000,0.112,0.191,0.17,33.83,228300000,276300000,72600000,None,105.84,114.04,5.5556,1119500000,444700000,279800000,743200000,674800000,463400000,1156900000,376300000,29.7,-18100000,132.72,66.21
2025-12-28,FSS,3.82,2055400000.0,29.7,None,1.344,21.74,2700000,None,91900000,91900000,-39800000,17500000,None,None,20900000,None,None,None,48800000,46000000,None,867500000,867500000,73700000,None,None,170000000,None,None,18200000,3600000,0.54,0.0047,3000000,3000000,None,0.276,0.06,64400000,82600000,1.08,2009-12-31,25.19,333400000,594500000.0,251500000,46300000,-1000000,333400000,333400000,None,23100000,None,158000000,None,None,362600000,None,None,12400000,None,None,None,0.171,22400000,187800000,63700000,24800000,133500000,None,None,None,None,None,None,None,2.354,5.25,3.356,None,None,None,None,None,None,None,0.115,None,92800000,2025-10-30,quarterly,1.14,USD,pre-market,19900000,278900000,0.112,0.191,0.17,33.83,228300000,276300000,72600000,None,105.84,114.04,5.5556,1119500000,444700000,279800000,743200000,674800000,463400000,1156900000,376300000,29.7,-18100000,132.72,66.21
2025-12-28,FSS,3.82,2055400000.0,29.7,None,1.344,21.74,3900000,None,91900000,91900000,-19400000,8700000,None,None,None,None,None,None,48800000,46000000,None,867500000,867500000,73700000,None,None,170000000,None,None,18200000,3900000,0.54,0.0047,2900000,2900000,None,0.276,0.06,64400000,82600000,1.08,2009-09-30,25.19,333400000,594500000.0,251500000,46300000,-1000000,333400000,333400000,None,23100000,None,158000000,None,None,362600000,None,None,4600000,None,None,None,0.171,19400000,187800000,63700000,24800000,133500000,None,None,None,None,None,None,None,2.354,5.25,3.356,None,None,None,None,None,None,None,0.115,None,92800000,2025-10-30,quarterly,1.14,USD,pre-market,19900000,278900000,0.112,0.191,0.17,33.83,228300000,276300000,72600000,None,105.84,114.04,5.5556,1119500000,444700000,279800000,743200000,674800000,463400000,1156900000,376300000,29.7,-18100000,132.72,66.21
2025-12-28,FSS,3.82,2055400000.0,29.7,None,1.344,21.74,4200000,None,91900000,91900000,-16700000,5700000,None,None,None,None,None,None,48800000,46000000,None,867500000,867500000,73700000,None,None,170000000,None,None,18200000,3900000,0.54,0.0047,2900000,2900000,None,0.276,0.06,64400000,82600000,1.08,2009-06-30,25.19,333400000,594500000.0,251500000,46300000,-1000000,333400000,333400000,None,23100000,None,158000000,None,None,362600000,None,None,5000000,None,None,None,0.171,12800000,187800000,63700000,24800000,133500000,None,None,None,None,None,None,None,2.354,5.25,3.356,None,None,None,None,None,None,None,0.115,None,92800000,2025-10-30,quarterly,1.14,USD,pre-market,19900000,278900000,0.112,0.191,0.17,33.83,228300000,276300000,72600000,None,105.84,114.04,5.5556,1119500000,444700000,279800000,743200000,674800000,463400000,1156900000,376300000,29.7,-18100000,132.72,66.21
2025-12-28,FSS,3.82,2055400000.0,29.7,None,1.344,21.74,3800000,None,91900000,91900000,-20600000,-900000,None,None,None,None,None,None,48800000,46000000,None,867500000,867500000,73700000,None,None,170000000,None,None,18200000,3900000,0.54,0.0047,2900000,2900000,None,0.276,0.06,64400000,82600000,1.08,2009-03-31,25.19,333400000,594500000.0,251500000,46300000,-1000000,333400000,333400000,None,23100000,None,158000000,None,None,362600000,None,None,1100000,None,None,None,0.171,7800000,187800000,63700000,24800000,133500000,None,None,None,None,None,None,None,2.354,5.25,3.356,None,None,None,None,None,None,None,0.115,None,92800000,2025-10-30,quarterly,1.14,USD,pre-market,19900000,278900000,0.112,0.191,0.17,33.83,228300000,276300000,72600000,None,105.84,114.04,5.5556,1119500000,444700000,279800000,743200000,674800000,463400000,1156900000,376300000,29.7,-18100000,132.72,66.21
2025-12-28,FSS,3.82,2055400000.0,29.7,None,1.344,21.74,9600000,None,91900000,91900000,31500000,-17600000,None,None,-17600000,None,None,None,48800000,46000000,None,867500000,867500000,73700000,None,None,170000000,None,None,18200000,3400000,0.54,0.0047,2900000,2900000,None,0.276,0.06,64400000,82600000,1.08,2008-12-31,25.19,333400000,594500000.0,251500000,46300000,-1000000,333400000,333400000,None,23100000,None,158000000,None,None,362600000,None,None,-11500000,None,None,None,0.171,-5600000,187800000,63700000,24800000,133500000,None,None,None,None,None,None,None,2.354,5.25,3.356,None,None,None,None,None,None,None,0.115,None,92800000,2025-10-30,quarterly,1.14,USD,pre-market,19900000,278900000,0.112,0.191,0.17,33.83,228300000,276300000,72600000,None,105.84,114.04,5.5556,1119500000,444700000,279800000,743200000,674800000,463400000,1156900000,376300000,29.7,-18100000,132.72,66.21
2025-12-28,FSS,3.82,2055400000.0,29.7,None,1.344,21.74,3300000,None,91900000,91900000,-78700000,35100000,None,None,None,None,None,None,48800000,46000000,None,867500000,867500000,73700000,None,None,170000000,None,None,18200000,3700000,0.54,0.0047,2800000,2800000,None,0.276,0.06,64400000,82600000,1.08,2008-09-30,25.19,333400000,594500000.0,251500000,46300000,-1000000,333400000,333400000,None,23100000,None,158000000,None,None,362600000,None,None,14200000,None,None,None,0.171,43400000,187800000,63700000,24800000,133500000,None,None,None,None,None,None,None,2.354,5.25,3.356,None,None,None,None,None,None,None,0.115,None,92800000,2025-10-30,quarterly,1.14,USD,pre-market,19900000,278900000,0.112,0.191,0.17,33.83,228300000,276300000,72600000,None,105.84,114.04,5.5556,1119500000,444700000,279800000,743200000,674800000,463400000,1156900000,376300000,29.7,-18100000,132.72,66.21
2025-12-28,FSS,3.82,2055400000.0,29.7,None,1.344,21.74,7900000,None,91900000,91900000,-112400000,45700000,None,None,None,None,None,None,48800000,46000000,None,867500000,867500000,73700000,None,None,170000000,None,None,18200000,4100000,0.54,0.0047,2900000,2900000,None,0.276,0.06,64400000,82600000,1.08,2008-06-30,25.19,333400000,594500000.0,251500000,46300000,-1000000,333400000,333400000,None,23100000,None,158000000,None,None,362600000,None,None,-13400000,None,None,None,0.171,74600000,187800000,63700000,24800000,133500000,None,None,None,None,None,None,None,2.354,5.25,3.356,None,None,None,None,None,None,None,0.115,None,92800000,2025-10-30,quarterly,1.14,USD,pre-market,19900000,278900000,0.112,0.191,0.17,33.83,228300000,276300000,72600000,None,105.84,114.04,5.5556,1119500000,444700000,279800000,743200000,674800000,463400000,1156900000,376300000,29.7,-18100000,132.72,66.21
2025-12-28,FSS,3.82,2055400000.0,29.7,None,1.344,21.74,7700000,None,91900000,91900000,-7100000,-8600000,None,None,None,None,None,None,48800000,46000000,None,867500000,867500000,73700000,None,None,170000000,None,None,18200000,4300000,0.54,0.0047,2900000,2900000,None,0.276,0.06,64400000,82600000,1.08,2008-03-31,25.19,333400000,594500000.0,251500000,46300000,-1000000,333400000,333400000,None,23100000,None,158000000,None,None,362600000,None,None,-84900000,None,None,None,0.171,11300000,187800000,63700000,24800000,133500000,None,None,None,None,None,None,None,2.354,5.25,3.356,None,None,None,None,None,None,None,0.115,None,92800000,2025-10-30,quarterly,1.14,USD,pre-market,19900000,278900000,0.112,0.191,0.17,33.83,228300000,276300000,72600000,None,105.84,114.04,5.5556,1119500000,444700000,279800000,743200000,674800000,463400000,1156900000,376300000,29.7,-18100000,132.72,66.21
2025-12-28,FSS,3.82,2055400000.0,29.7,None,1.344,21.74,4500000,None,91900000,91900000,-20600000,-12100000,None,None,-25300000,None,None,None,48800000,46000000,None,867500000,867500000,73700000,None,None,170000000,None,None,18200000,6300000,0.54,0.0047,2900000,2900000,None,0.276,0.06,64400000,82600000,1.08,2007-12-31,25.19,333400000,594500000.0,251500000,46300000,-1000000,333400000,333400000,None,23100000,None,158000000,None,None,362600000,None,None,8700000,None,None,None,0.171,24900000,187800000,63700000,24800000,133500000,None,None,None,None,None,None,None,2.354,5.25,3.356,None,None,None,None,None,None,None,0.115,None,92800000,2025-10-30,quarterly,1.14,USD,pre-market,19900000,278900000,0.112,0.191,0.17,33.83,228300000,276300000,72600000,None,105.84,114.04,5.5556,1119500000,444700000,279800000,743200000,674800000,463400000,1156900000,376300000,29.7,-18100000,132.72,66.21
2025-12-28,FSS,3.82,2055400000.0,29.7,None,1.344,21.74,8200000,None,91900000,91900000,112800000,-132600000,None,None,None,None,None,None,48800000,46000000,None,867500000,867500000,73700000,None,None,170000000,None,None,18200000,5400000,0.54,0.0047,2900000,2900000,None,0.276,0.06,64400000,82600000,1.08,2007-09-30,25.19,333400000,594500000.0,251500000,46300000,-1000000,333400000,333400000,None,23100000,None,158000000,None,None,362600000,None,None,4500000,None,None,None,0.171,25900000,187800000,63700000,24800000,133500000,None,None,None,None,None,None,None,2.354,5.25,3.356,None,None,None,None,None,None,None,0.115,None,92800000,2025-10-30,quarterly,1.14,USD,pre-market,19900000,278900000,0.112,0.191,0.17,33.83,228300000,276300000,72600000,None,105.84,114.04,5.5556,1119500000,444700000,279800000,743200000,674800000,463400000,1156900000,376300000,29.7,-18100000,132.72,66.21
2025-12-28,FSS,3.82,2055400000.0,29.7,None,1.344,21.74,6000000,None,91900000,91900000,-30500000,-5400000,None,None,None,None,None,None,48800000,46000000,None,867500000,867500000,73700000,None,None,170000000,None,None,18200000,4700000,0.54,0.0047,2800000,2800000,None,0.276,0.06,64400000,82600000,1.08,2007-06-30,25.19,333400000,594500000.0,251500000,46300000,-1000000,333400000,333400000,None,23100000,None,158000000,None,None,362600000,None,None,11000000,None,None,None,0.171,23000000,187800000,63700000,24800000,133500000,None,None,None,None,None,None,None,2.354,5.25,3.356,None,None,None,None,None,None,None,0.115,None,92800000,2025-10-30,quarterly,1.14,USD,pre-market,19900000,278900000,0.112,0.191,0.17,33.83,228300000,276300000,72600000,None,105.84,114.04,5.5556,1119500000,444700000,279800000,743200000,674800000,463400000,1156900000,376300000,29.7,-18100000,132.72,66.21
2025-12-28,FSS,3.82,2055400000.0,29.7,None,1.344,21.74,4800000,None,91900000,91900000,-24900000,43500000,None,None,None,None,None,None,48800000,46000000,None,867500000,867500000,73700000,None,None,170000000,None,None,18200000,4800000,0.54,0.0047,2900000,2900000,None,0.276,0.06,64400000,82600000,1.08,2007-03-31,25.19,333400000,594500000.0,251500000,46300000,-1000000,333400000,333400000,None,23100000,None,158000000,None,None,362600000,None,None,30700000,None,None,None,0.171,-8400000,187800000,63700000,24800000,133500000,None,None,None,None,None,None,None,2.354,5.25,3.356,None,None,None,None,None,None,None,0.115,None,92800000,2025-10-30,quarterly,1.14,USD,pre-market,19900000,278900000,0.112,0.191,0.17,33.83,228300000,276300000,72600000,None,105.84,114.04,5.5556,1119500000,444700000,279800000,743200000,674800000,463400000,1156900000,376300000,29.7,-18100000,132.72,66.21
2025-12-28,FSS,3.82,2055400000.0,29.7,None,1.344,21.74,2800000,None,91900000,91900000,-13100000,-2700000,None,None,-15800000,None,None,None,48800000,46000000,None,867500000,867500000,73700000,None,None,170000000,None,None,18200000,1900000,0.54,0.0047,2800000,2800000,None,0.276,0.06,64400000,82600000,1.08,2006-12-31,25.19,333400000,594500000.0,251500000,46300000,-1000000,333400000,333400000,None,23100000,None,158000000,None,None,362600000,None,None,15300000,None,None,None,0.171,15000000,187800000,63700000,24800000,133500000,None,None,None,None,None,None,None,2.354,5.25,3.356,None,None,None,None,None,-100000,None,0.115,None,92800000,2025-10-30,quarterly,1.14,USD,pre-market,19900000,278900000,0.112,0.191,0.17,33.83,228300000,276300000,72600000,None,105.84,114.04,5.5556,1119500000,444700000,279800000,743200000,674800000,463400000,1156900000,376300000,29.7,-18100000,132.72,66.21
2025-12-28,FSS,3.82,2055400000.0,29.7,None,1.344,21.74,4800000,None,91900000,91900000,-6300000,-4400000,None,None,None,None,None,None,48800000,46000000,None,867500000,867500000,73700000,None,None,170000000,None,None,18200000,5300000,0.54,0.0047,2900000,2900000,None,0.276,0.06,64400000,82600000,1.08,2006-09-30,25.19,333400000,594500000.0,251500000,46300000,-1000000,333400000,333400000,None,23100000,None,158000000,None,None,362600000,None,None,9200000,None,None,None,0.171,13900000,187800000,63700000,24800000,133500000,None,None,None,None,None,None,None,2.354,5.25,3.356,None,None,None,None,None,-5900000,None,0.115,None,92800000,2025-10-30,quarterly,1.14,USD,pre-market,19900000,278900000,0.112,0.191,0.17,33.83,228300000,276300000,72600000,None,105.84,114.04,5.5556,1119500000,444700000,279800000,743200000,674800000,463400000,1156900000,376300000,29.7,-18100000,132.72,66.21
2025-12-28,FSS,3.82,2055400000.0,29.7,None,1.344,21.74,5000000,None,91900000,91900000,-9300000,-5800000,None,None,None,None,None,None,48800000,46000000,None,867500000,867500000,73700000,None,None,170000000,None,None,18200000,5600000,0.54,0.0047,2900000,2900000,None,0.276,0.06,64400000,82600000,1.08,2006-06-30,25.19,333400000,594500000.0,251500000,46300000,-1000000,333400000,333400000,None,23100000,None,158000000,None,None,362600000,None,None,-1900000,None,None,None,0.171,4900000,187800000,63700000,24800000,133500000,None,None,None,None,None,None,None,2.354,5.25,3.356,None,None,None,None,None,-3100000,None,0.115,None,92800000,2025-10-30,quarterly,1.14,USD,pre-market,19900000,278900000,0.112,0.191,0.17,33.83,228300000,276300000,72600000,None,105.84,114.04,5.5556,1119500000,444700000,279800000,743200000,674800000,463400000,1156900000,376300000,29.7,-18100000,132.72,66.21
2025-12-28,FSS,3.82,2055400000.0,29.7,None,1.344,21.74,5600000,None,91900000,91900000,-54300000,-6400000,None,None,None,None,None,None,48800000,46000000,None,867500000,867500000,73700000,None,None,170000000,None,None,18200000,5100000,0.54,0.0047,2900000,2900000,None,0.276,0.06,64400000,82600000,1.08,2006-03-31,25.19,333400000,594500000.0,251500000,46300000,-1000000,333400000,333400000,None,23100000,None,158000000,None,None,362600000,None,None,100000,None,None,None,0.171,-4100000,187800000,63700000,24800000,133500000,None,None,None,None,None,None,None,2.354,5.25,3.356,None,None,None,None,None,-3000000,None,0.115,None,92800000,2025-10-30,quarterly,1.14,USD,pre-market,19900000,278900000,0.112,0.191,0.17,33.83,228300000,276300000,72600000,None,105.84,114.04,5.5556,1119500000,444700000,279800000,743200000,674800000,463400000,1156900000,376300000,29.7,-18100000,132.72,66.21
2025-12-28,FSS,3.82,2055400000.0,29.7,None,1.344,21.74,5400000,None,91900000,91900000,26500000,-7500000,None,None,-700000,None,None,None,48800000,46000000,None,867500000,867500000,73700000,None,None,170000000,None,None,18200000,4000000,0.54,0.0047,2900000,2900000,None,0.276,0.06,64400000,82600000,1.08,2005-12-31,25.19,333400000,594500000.0,251500000,46300000,-1000000,333400000,333400000,None,23100000,None,158000000,None,None,362600000,None,None,-25900000,None,None,None,0.171,33600000,187800000,63700000,24800000,133500000,None,None,None,None,None,None,None,2.354,5.25,3.356,None,None,None,None,None,3400000,None,0.115,None,92800000,2025-10-30,quarterly,1.14,USD,pre-market,19900000,278900000,0.112,0.191,0.17,33.83,228300000,276300000,72600000,None,105.84,114.04,5.5556,1119500000,444700000,279800000,743200000,674800000,463400000,1156900000,376300000,29.7,-18100000,132.72,66.21
2025-12-28,FSS,3.82,2055400000.0,29.7,None,1.344,21.74,4000000,None,91900000,91900000,-12500000,6700000,None,None,None,None,None,None,48800000,46000000,None,867500000,867500000,73700000,None,None,170000000,None,None,18200000,5500000,0.54,0.0047,2900000,2900000,None,0.276,0.06,64400000,82600000,1.08,2005-09-30,25.19,333400000,594500000.0,251500000,46300000,-1000000,333400000,333400000,None,23100000,None,158000000,None,None,362600000,None,None,10300000,None,None,None,0.171,6500000,187800000,63700000,24800000,133500000,None,None,None,None,None,None,None,2.354,5.25,3.356,None,None,None,None,None,-3400000,None,0.115,None,92800000,2025-10-30,quarterly,1.14,USD,pre-market,19900000,278900000,0.112,0.191,0.17,33.83,228300000,276300000,72600000,None,105.84,114.04,5.5556,1119500000,444700000,279800000,743200000,674800000,463400000,1156900000,376300000,29.7,-18100000,132.72,66.21
2025-12-28,FSS,3.82,2055400000.0,29.7,None,1.344,21.74,40600000,None,91900000,91900000,-121000000,-78900000,None,None,-24100000,None,None,None,48800000,46000000,None,867500000,867500000,73700000,None,None,170000000,None,None,18200000,65300000,0.54,0.0047,29300000,29300000,None,0.276,0.06,64400000,82600000,1.08,2024-12-31,25.19,333400000,594500000.0,251500000,46300000,-1000000,333400000,333400000,None,23100000,None,158000000,None,None,362600000,None,None,216300000,None,None,None,0.171,231300000,187800000,63700000,24800000,133500000,None,None,None,None,None,None,None,2.354,5.25,3.356,None,None,None,None,None,-12800000,None,0.115,None,92800000,2025-10-30,annual,1.14,USD,pre-market,19900000,278900000,0.112,0.191,0.17,33.83,228300000,276300000,72600000,None,105.84,114.04,5.5556,1119500000,444700000,279800000,743200000,674800000,463400000,1156900000,376300000,29.7,-18100000,132.72,66.21
2025-12-28,FSS,3.82,2055400000.0,29.7,None,1.344,21.74,30300000,None,91900000,91900000,-97900000,-83700000,None,None,9800000,None,None,None,48800000,46000000,None,867500000,867500000,73700000,None,None,170000000,None,None,18200000,60400000,0.54,0.0047,23800000,23800000,None,0.276,0.06,64400000,82600000,1.08,2023-12-31,25.19,333400000,594500000.0,251500000,46300000,-1000000,333400000,333400000,None,23100000,None,158000000,None,None,362600000,None,None,157400000,None,None,None,0.171,194400000,187800000,63700000,24800000,133500000,None,None,None,None,None,None,None,2.354,5.25,3.356,None,None,None,None,None,-12500000,None,0.115,None,92800000,2025-10-30,annual,1.14,USD,pre-market,19900000,278900000,0.112,0.191,0.17,33.83,228300000,276300000,72600000,None,105.84,114.04,5.5556,1119500000,444700000,279800000,743200000,674800000,463400000,1156900000,376300000,29.7,-18100000,132.72,66.21
2025-12-28,FSS,3.82,2055400000.0,29.7,None,1.344,21.74,53000000,None,91900000,91900000,35500000,-99700000,7600000,None,-61000000,None,None,-38000000,48800000,46000000,None,867500000,867500000,73700000,None,None,170000000,None,None,18200000,54700000,0.54,0.0047,21800000,21800000,None,0.276,0.06,64400000,82600000,1.08,2022-12-31,25.19,333400000,594500000.0,251500000,46300000,-1000000,333400000,333400000,None,23100000,None,158000000,None,None,362600000,None,None,120400000,None,None,None,0.171,71800000,187800000,63700000,24800000,133500000,None,None,None,None,None,None,None,2.354,5.25,3.356,None,None,None,None,None,-22300000,None,0.115,None,92800000,2025-10-30,annual,1.14,USD,pre-market,19900000,278900000,0.112,0.191,0.17,33.83,228300000,276300000,72600000,None,105.84,114.04,5.5556,1119500000,444700000,279800000,743200000,674800000,463400000,1156900000,376300000,29.7,-18100000,132.72,66.21
2025-12-28,FSS,3.82,2055400000.0,29.7,None,1.344,21.74,37400000,None,91900000,91900000,26400000,-168700000,-40500000,None,-24200000,None,None,2500000,48800000,46000000,None,867500000,867500000,73700000,None,None,170000000,None,None,18200000,50400000,0.54,0.0047,22000000,22000000,None,0.276,0.06,64400000,82600000,1.08,2021-12-31,25.19,333400000,594500000.0,251500000,46300000,-1000000,333400000,333400000,None,23100000,None,158000000,None,None,362600000,None,None,100600000,None,None,None,0.171,101800000,187800000,63700000,24800000,133500000,None,None,None,None,None,None,None,2.354,5.25,3.356,None,None,None,None,None,-26100000,None,0.115,None,92800000,2025-10-30,annual,1.14,USD,pre-market,19900000,278900000,0.112,0.191,0.17,33.83,228300000,276300000,72600000,None,105.84,114.04,5.5556,1119500000,444700000,279800000,743200000,674800000,463400000,1156900000,376300000,29.7,-18100000,132.72,66.21
2025-12-28,FSS,3.82,2055400000.0,29.7,None,1.344,21.74,29700000,None,91900000,91900000,-53400000,-34400000,48400000,None,2500000,None,None,8600000,48800000,46000000,None,867500000,867500000,73700000,None,None,170000000,None,None,18200000,44800000,0.54,0.0047,19400000,19400000,None,0.276,0.06,64400000,82600000,1.08,2020-12-31,25.19,333400000,594500000.0,251500000,46300000,-1000000,333400000,333400000,None,23100000,None,158000000,None,None,362600000,None,None,96200000,None,None,None,0.171,136200000,187800000,63700000,24800000,133500000,None,None,None,None,None,None,None,2.354,5.25,3.356,None,None,None,None,None,-22800000,None,0.115,None,92800000,2025-10-30,annual,1.14,USD,pre-market,19900000,278900000,0.112,0.191,0.17,33.83,228300000,276300000,72600000,None,105.84,114.04,5.5556,1119500000,444700000,279800000,743200000,674800000,463400000,1156900000,376300000,29.7,-18100000,132.72,66.21
2025-12-28,FSS,3.82,2055400000.0,29.7,None,1.344,21.74,35400000,None,91900000,91900000,-24600000,-84400000,-5800000,100000,-10400000,None,None,-4700000,48800000,46000000,None,867500000,867500000,73700000,None,None,170000000,None,None,18200000,41500000,0.54,0.0047,19300000,19300000,None,0.276,0.06,64400000,82600000,1.08,2019-12-31,25.19,333400000,594500000.0,251500000,46300000,-1000000,333400000,333400000,None,23100000,None,158000000,None,None,362600000,None,None,108500000,None,None,None,0.171,103100000,187800000,63700000,24800000,133500000,None,None,None,None,None,None,None,2.354,5.25,3.356,None,None,None,None,None,-3100000,None,0.115,None,92800000,2025-10-30,annual,1.14,USD,pre-market,19900000,278900000,0.112,0.191,0.17,33.83,228300000,276300000,72600000,None,105.84,114.04,5.5556,1119500000,444700000,279800000,743200000,674800000,463400000,1156900000,376300000,29.7,-18100000,132.72,66.21
2025-12-28,FSS,3.82,2055400000.0,29.7,None,1.344,21.74,14100000,None,91900000,91900000,-81200000,-11000000,-100000,-700000,-22600000,None,None,-7900000,48800000,46000000,None,867500000,867500000,73700000,None,None,170000000,None,None,18200000,36400000,0.54,0.0047,18700000,18700000,None,0.276,0.06,64400000,82600000,1.08,2018-12-31,25.19,333400000,594500000.0,251500000,46300000,-1000000,333400000,333400000,None,23100000,None,158000000,None,None,362600000,None,None,94000000,None,None,None,0.171,92800000,187800000,63700000,24800000,133500000,None,None,None,None,None,None,None,2.354,5.25,3.356,None,None,None,None,None,-1700000,None,0.115,None,92800000,2025-10-30,annual,1.14,USD,pre-market,19900000,278900000,0.112,0.191,0.17,33.83,228300000,276300000,72600000,None,105.84,114.04,5.5556,1119500000,444700000,279800000,743200000,674800000,463400000,1156900000,376300000,29.7,-18100000,132.72,66.21
2025-12-28,FSS,3.82,2055400000.0,29.7,None,1.344,21.74,8000000,None,91900000,91900000,190700000,-278200000,-13200000,1500000,9400000,None,None,-11100000,48800000,46000000,None,867500000,867500000,73700000,None,None,170000000,None,None,18200000,30000000,0.54,0.0047,16800000,16800000,None,0.276,0.06,64400000,82600000,1.08,2017-12-31,25.19,333400000,594500000.0,251500000,46300000,-1000000,333400000,333400000,None,23100000,None,158000000,None,None,362600000,None,None,61600000,None,None,None,0.171,72800000,187800000,63700000,24800000,133500000,None,None,None,None,None,None,None,2.354,5.25,3.356,None,None,None,None,None,-2900000,None,0.115,None,92800000,2025-10-30,annual,1.14,USD,pre-market,19900000,278900000,0.112,0.191,0.17,33.83,228300000,276300000,72600000,None,105.84,114.04,5.5556,1119500000,444700000,279800000,743200000,674800000,463400000,1156900000,376300000,29.7,-18100000,132.72,66.21
2025-12-28,FSS,3.82,2055400000.0,29.7,None,1.344,21.74,6100000,None,91900000,91900000,-36400000,-16800000,-30300000,-1800000,-2300000,None,None,-8000000,48800000,46000000,None,867500000,867500000,73700000,None,None,170000000,None,None,18200000,19100000,0.54,0.0047,16900000,16900000,None,0.276,0.06,64400000,82600000,1.08,2016-12-31,25.19,333400000,594500000.0,251500000,46300000,-1000000,333400000,333400000,None,23100000,None,158000000,None,None,362600000,None,None,43800000,None,None,None,0.171,24700000,187800000,63700000,24800000,133500000,None,None,None,None,None,None,None,2.354,5.25,3.356,None,None,None,None,None,-40500000,None,0.115,None,92800000,2025-10-30,annual,1.14,USD,pre-market,19900000,278900000,0.112,0.191,0.17,33.83,228300000,276300000,72600000,None,105.84,114.04,5.5556,1119500000,444700000,279800000,743200000,674800000,463400000,1156900000,376300000,29.7,-18100000,132.72,66.21
2025-12-28,FSS,3.82,2055400000.0,29.7,None,1.344,21.74,9600000,None,91900000,91900000,-33000000,-12800000,50600000,-800000,-3300000,None,None,-300000,48800000,46000000,None,867500000,867500000,73700000,None,None,170000000,None,None,18200000,12300000,0.54,0.0047,15600000,15600000,None,0.276,0.06,64400000,82600000,1.08,2015-12-31,25.19,333400000,594500000.0,251500000,46300000,-1000000,333400000,333400000,None,23100000,None,158000000,None,None,362600000,None,None,63500000,None,None,None,0.171,97200000,187800000,63700000,24800000,133500000,None,None,None,None,None,None,None,2.354,5.25,3.356,None,None,None,None,None,-13800000,None,0.115,None,92800000,2025-10-30,annual,1.14,USD,pre-market,19900000,278900000,0.112,0.191,0.17,33.83,228300000,276300000,72600000,None,105.84,114.04,5.5556,1119500000,444700000,279800000,743200000,674800000,463400000,1156900000,376300000,29.7,-18100000,132.72,66.21
2025-12-28,FSS,3.82,2055400000.0,29.7,None,1.344,21.74,19500000,None,91900000,91900000,-53700000,-11600000,6600000,-400000,-20000000,None,None,-16600000,48800000,46000000,None,867500000,867500000,73700000,None,None,170000000,None,None,18200000,15000000,0.54,0.0047,5600000,5600000,None,0.276,0.06,64400000,82600000,1.08,2014-12-31,25.19,333400000,594500000.0,251500000,46300000,-1000000,333400000,333400000,None,23100000,None,158000000,None,None,362600000,None,None,63700000,None,None,None,0.171,72300000,187800000,63700000,24800000,133500000,None,None,None,None,None,None,None,2.354,5.25,3.356,None,None,None,None,None,-10300000,None,0.115,None,92800000,2025-10-30,annual,1.14,USD,pre-market,19900000,278900000,0.112,0.191,0.17,33.83,228300000,276300000,72600000,None,105.84,114.04,5.5556,1119500000,444700000,279800000,743200000,674800000,463400000,1156900000,376300000,29.7,-18100000,132.72,66.21
2025-12-28,FSS,3.82,2055400000.0,29.7,None,1.344,21.74,17000000,None,91900000,91900000,-65600000,-15900000,-5900000,800000,10500000,None,None,2600000,48800000,46000000,None,867500000,867500000,73700000,None,None,170000000,None,None,18200000,14200000,0.54,0.0047,0,0,None,0.276,0.06,64400000,82600000,1.08,2013-12-31,25.19,333400000,594500000.0,251500000,46300000,-1000000,333400000,333400000,None,23100000,None,158000000,None,None,362600000,None,None,160000000,None,None,None,0.171,74800000,187800000,63700000,24800000,133500000,None,None,None,None,None,None,None,2.354,5.25,3.356,None,None,None,None,None,2600000,None,0.115,None,92800000,2025-10-30,annual,1.14,USD,pre-market,19900000,278900000,0.112,0.191,0.17,33.83,228300000,276300000,72600000,None,105.84,114.04,5.5556,1119500000,444700000,279800000,743200000,674800000,463400000,1156900000,376300000,29.7,-18100000,132.72,66.21
2025-12-28,FSS,3.82,2055400000.0,29.7,None,1.344,21.74,13000000,None,91900000,91900000,-72700000,69900000,20200000,-200000,-14500000,None,None,8700000,48800000,46000000,None,867500000,867500000,73700000,None,None,170000000,None,None,18200000,13200000,0.54,0.0047,0,0,None,0.276,0.06,64400000,82600000,1.08,2012-12-31,25.19,333400000,594500000.0,251500000,46300000,-1000000,333400000,333400000,None,23100000,None,158000000,None,None,362600000,None,None,-27500000,None,None,None,0.171,23200000,187800000,63700000,24800000,133500000,None,None,None,None,None,None,None,2.354,5.25,3.356,None,None,None,None,None,0,None,0.115,None,92800000,2025-10-30,annual,1.14,USD,pre-market,19900000,278900000,0.112,0.191,0.17,33.83,228300000,276300000,72600000,None,105.84,114.04,5.5556,1119500000,444700000,279800000,743200000,674800000,463400000,1156900000,376300000,29.7,-18100000,132.72,66.21
2025-12-28,FSS,3.82,2055400000.0,29.7,None,1.344,21.74,15700000,None,91900000,91900000,-45800000,-13800000,-52600000,700000,1900000,None,None,-28300000,48800000,46000000,None,867500000,867500000,73700000,None,None,170000000,None,None,18200000,22500000,0.54,0.0047,3700000,3700000,None,0.276,0.06,64400000,82600000,1.08,2011-12-31,25.19,333400000,594500000.0,251500000,46300000,-1000000,333400000,333400000,None,23100000,None,158000000,None,None,362600000,None,None,-14200000,None,None,None,0.171,6300000,187800000,63700000,24800000,133500000,None,None,None,None,None,None,None,2.354,5.25,3.356,None,None,None,None,None,0,None,0.115,None,92800000,2025-10-30,annual,1.14,USD,pre-market,19900000,278900000,0.112,0.191,0.17,33.83,228300000,276300000,72600000,None,105.84,114.04,5.5556,1119500000,444700000,279800000,743200000,674800000,463400000,1156900000,376300000,29.7,-18100000,132.72,66.21
2025-12-28,FSS,3.82,2055400000.0,29.7,None,1.344,21.74,12800000,None,91900000,91900000,117600000,-108000000,None,None,-7900000,None,None,None,48800000,46000000,None,867500000,867500000,73700000,None,None,170000000,None,None,18200000,19200000,0.54,0.0047,13300000,13300000,None,0.276,0.06,64400000,82600000,1.08,2010-12-31,25.19,333400000,594500000.0,251500000,46300000,-1000000,333400000,333400000,None,23100000,None,158000000,None,None,362600000,None,None,-160700000,None,None,None,0.171,31200000,187800000,63700000,24800000,133500000,None,None,None,None,None,None,None,2.354,5.25,3.356,None,None,None,None,None,129900000,None,0.115,None,92800000,2025-10-30,annual,1.14,USD,pre-market,19900000,278900000,0.112,0.191,0.17,33.83,228300000,276300000,72600000,None,105.84,114.04,5.5556,1119500000,444700000,279800000,743200000,674800000,463400000,1156900000,376300000,29.7,-18100000,132.72,66.21
2025-12-28,FSS,3.82,2055400000.0,29.7,None,1.344,21.74,14600000,None,91900000,91900000,-96500000,31000000,None,None,20900000,None,None,None,48800000,46000000,None,867500000,867500000,73700000,None,None,170000000,None,None,18200000,15300000,0.54,0.0047,11700000,11700000,None,0.276,0.06,64400000,82600000,1.08,2009-12-31,25.19,333400000,594500000.0,251500000,46300000,-1000000,333400000,333400000,None,23100000,None,158000000,None,None,362600000,None,None,23100000,None,None,None,0.171,62400000,187800000,63700000,24800000,133500000,None,None,None,None,None,None,None,2.354,5.25,3.356,None,None,None,None,None,None,None,0.115,None,92800000,2025-10-30,annual,1.14,USD,pre-market,19900000,278900000,0.112,0.191,0.17,33.83,228300000,276300000,72600000,None,105.84,114.04,5.5556,1119500000,444700000,279800000,743200000,674800000,463400000,1156900000,376300000,29.7,-18100000,132.72,66.21
2025-12-28,FSS,3.82,2055400000.0,29.7,None,1.344,21.74,28500000,None,91900000,91900000,-166700000,54600000,None,None,-17600000,None,None,None,48800000,46000000,None,867500000,867500000,73700000,None,None,170000000,None,None,18200000,15500000,0.54,0.0047,11500000,11500000,None,0.276,0.06,64400000,82600000,1.08,2008-12-31,25.19,333400000,594500000.0,251500000,46300000,-1000000,333400000,333400000,None,23100000,None,158000000,None,None,362600000,None,None,-95600000,None,None,None,0.171,123700000,187800000,63700000,24800000,133500000,None,None,None,None,None,None,None,2.354,5.25,3.356,None,None,None,None,None,-6000000,None,0.115,None,92800000,2025-10-30,annual,1.14,USD,pre-market,19900000,278900000,0.112,0.191,0.17,33.83,228300000,276300000,72600000,None,105.84,114.04,5.5556,1119500000,444700000,279800000,743200000,674800000,463400000,1156900000,376300000,29.7,-18100000,132.72,66.21
2025-12-28,FSS,3.82,2055400000.0,29.7,None,1.344,21.74,23500000,None,91900000,91900000,36800000,-106600000,None,None,-25300000,None,None,None,48800000,46000000,None,867500000,867500000,73700000,None,None,170000000,None,None,18200000,21200000,0.54,0.0047,11500000,11500000,None,0.276,0.06,64400000,82600000,1.08,2007-12-31,25.19,333400000,594500000.0,251500000,46300000,-1000000,333400000,333400000,None,23100000,None,158000000,None,None,362600000,None,None,54900000,None,None,None,0.171,65400000,187800000,63700000,24800000,133500000,None,None,None,None,None,None,None,2.354,5.25,3.356,None,None,None,None,None,-12100000,None,0.115,None,92800000,2025-10-30,annual,1.14,USD,pre-market,19900000,278900000,0.112,0.191,0.17,33.83,228300000,276300000,72600000,None,105.84,114.04,5.5556,1119500000,444700000,279800000,743200000,674800000,463400000,1156900000,376300000,29.7,-18100000,132.72,66.21
2025-12-28,FSS,3.82,2055400000.0,29.7,None,1.344,21.74,18200000,None,91900000,91900000,-83000000,-19300000,None,None,-15800000,None,None,None,48800000,46000000,None,867500000,867500000,73700000,None,None,170000000,None,None,18200000,17900000,0.54,0.0047,11500000,11500000,None,0.276,0.06,64400000,82600000,1.08,2006-12-31,25.19,333400000,594500000.0,251500000,46300000,-1000000,333400000,333400000,None,23100000,None,158000000,None,None,362600000,None,None,22700000,None,None,None,0.171,29700000,187800000,63700000,24800000,133500000,None,None,None,None,None,None,None,2.354,5.25,3.356,None,None,None,None,None,-12100000,None,0.115,None,92800000,2025-10-30,annual,1.14,USD,pre-market,19900000,278900000,0.112,0.191,0.17,33.83,228300000,276300000,72600000,None,105.84,114.04,5.5556,1119500000,444700000,279800000,743200000,674800000,463400000,1156900000,376300000,29.7,-18100000,132.72,66.21
2025-12-28,FSS,3.82,2055400000.0,29.7,None,1.344,21.74,19500000,None,91900000,91900000,7100000,-3000000,None,None,-700000,None,None,None,48800000,46000000,None,867500000,867500000,73700000,None,None,170000000,None,None,18200000,21500000,0.54,0.0047,13500000,13500000,None,0.276,0.06,64400000,82600000,1.08,2005-12-31,25.19,333400000,594500000.0,251500000,46300000,-1000000,333400000,333400000,None,23100000,None,158000000,None,None,362600000,None,None,-4600000,None,None,None,0.171,72900000,187800000,63700000,24800000,133500000,None,None,None,None,None,None,None,2.354,5.25,3.356,None,None,None,None,None,-5000000,None,0.115,None,92800000,2025-10-30,annual,1.14,USD,pre-market,19900000,278900000,0.112,0.191,0.17,33.83,228300000,276300000,72600000,None,105.84,114.04,5.5556,1119500000,444700000,279800000,743200000,674800000,463400000,1156900000,376300000,29.7,-18100000,132.72,66.21
