date,symbol,eps,revenue_ttm,accumulateddepreciationamortizationppe,beta,book_value,capitalexpenditures,capitalleaseobligations,cashandcashequivalentsatcarryingvalue,cashandshortterminvestments,cashflowfromfinancing,cashflowfrominvestment,changeincashandcashequivalents,changeinexchangerate,changeininventory,changeinoperatingassets,changeinoperatingliabilities,changeinreceivables,commonstock,commonstocksharesoutstanding,comprehensiveincomenetoftax,costofgoodsandservicessold,costofrevenue,currentaccountspayable,currentdebt,currentlongtermdebt,currentnetreceivables,deferredrevenue,depreciation,depreciationandamortization,depreciationdepletionandamortization,dividendpayout,dividendpayoutcommonstock,dividendpayoutpreferredstock,earnings_growth_yoy,earnings_surprise,ebit,ebitda,estimated_eps,fiscaldateending,forward_pe,goodwill,gross_profit_ttm,grossprofit,incomebeforetax,incometaxexpense,intangibleassets,intangibleassetsexcludinggoodwill,interestanddebtexpense,interestexpense,interestincome,inventory,investmentincomenet,investments,longtermdebt,longtermdebtnoncurrent,longterminvestments,netincome,netincomefromcontinuingoperations,netinterestincome,noninterestincome,operating_margin_ttm,operatingcashflow,operatingexpenses,operatingincome,othercurrentassets,othercurrentliabilities,othernoncurrentassets,othernoncurrentliabilities,othernonoperatingincome,paymentsforoperatingactivities,paymentsforrepurchaseofcommonstock,paymentsforrepurchaseofequity,paymentsforrepurchaseofpreferredstock,price_to_book,price_to_sales_ttm,proceedsfromissuanceofcommonstock,proceedsfromissuanceoflongtermdebtandcapitalsecuritiesnet,proceedsfromissuanceofpreferredstock,proceedsfromoperatingactivities,proceedsfromrepaymentsofshorttermdebt,proceedsfromrepurchaseofequity,proceedsfromsaleoftreasurystock,profit_margin,profitloss,propertyplantequipment,report_date,report_type,reported_eps,reportedcurrency,reporttime,researchanddevelopment,retainedearnings,return_on_assets_ttm,return_on_equity_ttm,revenue_growth_yoy,revenue_per_share_ttm,sellinggeneralandadministrative,shortlongtermdebttotal,shorttermdebt,shortterminvestments,sma_200,sma_50,surprise_pct,totalassets,totalcurrentassets,totalcurrentliabilities,totalliabilities,totalnoncurrentassets,totalnoncurrentliabilities,totalrevenue,totalshareholderequity,treasurystock,week_52_high,week_52_low
2020-03-31,FYBR,,,,,,,,,,,,,,,,,,,,,,,,,,,,,,,,,,,-1.78,,,0.0,,,,,,,,,,,,,,,,,,,,,,,,,,,,,,,,,,,,,,,,,,,,,,,,2020-05-06,,-1.78,,pre-market,,,,,,,,,,,,,,,,,,,,,,,,
2020-06-30,FYBR,,,,,,,,,,,,,,,,,,,,,,,,,,,,,,,,,,,-1.73,,,0.0,,,,,,,,,,,,,,,,,,,,,,,,,,,,,,,,,,,,,,,,,,,,,,,,2020-08-10,,-1.73,,pre-market,,,,,,,,,,,,,,,,,,,,,,,,
2020-09-30,FYBR,,,,,,,,,,,,,,,,,,,,,,,,,,,,,,,,,,,0.14,,,0.0,,,,,,,,,,,,,,,,,,,,,,,,,,,,,,,,,,,,,,,,,,,,,,,,2020-11-04,,0.14,,pre-market,,,,,,,,,,,,,,,,,,,,,,,,
2020-12-31,FYBR,,,,,,,,,,,,,,,,,,,,,,,,,,,,,,,,,,,-0.48,,,0.0,,,,,,,,,,,,,,,,,,,,,,,,,,,,,,,,,,,,,,,,,,,,,,,,2021-03-04,,-0.48,,pre-market,,,,,,,,,,,,,,,,,,,,,,,,
2021-03-31,FYBR,,,,,,,,,,,,,,,,,,,,,,,,,,,,,,,,,,,0.0,,,0.57,,,,,,,,,,,,,,,,,,,,,,,,,,,,,,,,,,,,,,,,,,,,,,,,2021-04-30,,0.57,,post-market,,,,,,,,,,,,,0.0,,,,,,,,,,,
2021-06-30,FYBR,,,,,,,,,,,,,,,,,,,,,,,,,,,,,,,,,,,1.1,,,0.42,,,,,,,,,,,,,,,,,,,,,,,,,,,,,,,,,,,,,,,,,,,,,,,,2021-08-05,,1.52,,pre-market,,,,,,,,,,,,,261.9048,,,,,,,,,,,
2021-09-30,FYBR,,,,,,,,,,,,,,,,,,,,,,,,,,,,,,,,,,,0.0,,,0.51,,,,,,,,,,,,,,,,,,,,,,,,,,,,,,,,,,,,,,,,,,,,,,,,2021-11-03,,0.51,,pre-market,,,,,,,,,,,,,0.0,,,,,,,,,,,
2021-12-31,FYBR,,,,,,,,,,,,,,,,,,,,,,,,,,,,,,,,,,,0.27,,,0.5,,,,,,,,,,,,,,,,,,,,,,,,,,,,,,,,,,,,,,,,,,,,,,,,2022-02-23,,0.77,,pre-market,,,,,,,,,,,,,54.0,,,,,,,,,,,
2022-03-31,FYBR,,,,,,,,,,,,,,,,,,,,,,,,,,,,,,,,,,,0.02,,,0.24,,,,,,,,,,,,,,,,,,,,,,,,,,,,,,,,,,,,,,,,,,,,,,,,2022-05-06,,0.26,,pre-market,,,,,,,,,,,,,8.3333,,,,,,,,,,,
2022-06-30,FYBR,,,,,,,,,,,,,,,,,,,,,,,,,,,,,,,,,,,0.17,,,0.24,,,,,,,,,,,,,,,,,,,,,,,,,,,,,,,,,,,,,,,,,,,,,,,,2022-08-05,,0.41,,pre-market,,,,,,,,,,,,,70.8333,,,,,,,,,,,
2022-09-30,FYBR,,,,,,,,,,,,,,,,,,,,,,,,,,,,,,,,,,,0.28,,,0.21,,,,,,,,,,,,,,,,,,,,,,,,,,,,,,,,,,,,,,,,,,,,,,,,2022-11-02,,0.49,,pre-market,,,,,,,,,,,,,133.3333,,,,,,,,,,,
2022-12-31,FYBR,,,,,,,,,,,,,,,,,,,,,,,,,,,,,,,,,,,0.44,,,0.19,,,,,,,,,,,,,,,,,,,,,,,,,,,,,,,,,,,,,,,,,,,,,,,,2023-02-24,,0.63,,pre-market,,,,,,,,,,,,,231.5789,,,,,,,,,,,
2023-03-31,FYBR,,,,,,,,,,,,,,,,,,,,,,,,,,,,,,,,,,,-0.08,,,0.09,,,,,,,,,,,,,,,,,,,,,,,,,,,,,,,,,,,,,,,,,,,,,,,,2023-05-05,,0.01,,pre-market,,,,,,,,,,,,,-88.8889,,,,,,,,,,,
2023-06-30,FYBR,,,,,,,,,,,,,,,,,,,,,,,,,,,,,,,,,,,0.01,,,-0.02,,,,,,,,,,,,,,,,,,,,,,,,,,,,,,,,,,,,,,,,,,,,,,,,2023-08-04,,-0.01,,pre-market,,,,,,,,,,,,,50.0,,,,,,,,,,,
2023-09-30,FYBR,,,,,,,,,,,,,,,,,,,,,,,,,,,,,,,,,,,0.12,,,-0.07,,,,,,,,,,,,,,,,,,,,,,,,,,,,,,,,,,,,,,,,,,,,,,,,2023-11-01,,0.05,,pre-market,,,,,,,,,,,,,171.4286,,,,,,,,,,,
2023-12-31,FYBR,,,,,,,,,,,,,,,,,,,,,,,,,,,,,,,,,,,0.17,,,-0.1,,,,,,,,,,,,,,,,,,,,,,,,,,,,,,,,,,,,,,,,,,,,,,,,2024-02-23,,0.07,,pre-market,,,,,,,,,,,,,170.0,,,,,,,,,,,
2024-03-31,FYBR,,,,,,,,,,,,,,,,,,,,,,,,,,,,,,,,,,,0.084,,,-0.08,,,,,,,,,,,,,,,,,,,,,,,,,,,,,,,,,,,,,,,,,,,,,,,,2024-05-03,,0.004,,pre-market,,,,,,,,,,,,,105.0,,,,,,,,,,,
2024-06-30,FYBR,,,,,,,,,,,,,,,,,,,,,,,,,,,,,,,,,,,-0.33,,,-0.16,,,,,,,,,,,,,,,,,,,,,,,,,,,,,,,,,,,,,,,,,,,,,,,,2024-08-02,,-0.49,,pre-market,,,,,,,,,,,,,-206.25,,,,,,,,,,,
2024-09-30,FYBR,,,,,,,,,,,,,,,,,,,,,,,,,,,,,,,,,,,-0.14,,,-0.19,,,,,,,,,,,,,,,,,,,,,,,,,,,,,,,,,,,,,,,,,,,,,,,,2024-11-05,,-0.33,,post-market,,,,,,,,,,,,,-73.6842,,,,,,,,,,,
2024-12-31,FYBR,,,,,,,,,,,,,,,,,,,,,,,,,,,,,,,,,,,-0.3072,,,-0.1628,,,,,,,,,,,,,,,,,,,,,,,,,,,,,,,,,,,,,,,,,,,,,,,,2025-02-21,,-0.47,,pre-market,,,,,,,,,,,,,-188.6978,,,,,,,,,,,
2025-03-31,FYBR,,,,,,,,,,,,,,,,,,,,,,,,,,,,,,,,,,,-0.0611,,,-0.1989,,,,,,,,,,,,,,,,,,,,,,,,,,,,,,,,,,,,,,,,,,,,,,,,2025-05-01,,-0.26,,pre-market,,,,,,,,,,,,,-30.719,,,,,,,,,,,
2025-06-30,FYBR,,,,,,,,,,,,,,,,,,,,,,,,,,,,,,,,,,,-0.29,,,-0.2,,,,,,,,,,,,,,,,,,,,,,,,,,,,,,,,,,,,,,,,,,,,,,,,2025-07-29,,-0.49,,pre-market,,,,,,,,,,,,,-145.0,,,,,,,,,,,
2025-09-30,FYBR,,,,,,,,,,,,,,,,,,,,,,,,,,,,,,,,,,,0.0,,,-0.3,,,,,,,,,,,,,,,,,,,,,,,,,,,,,,,,,,,,,,,,,,,,,,,,2025-10-28,,-0.3,,pre-market,,,,,,,,,,,,,0.0,,,,,,,,,,,
2025-12-28,FYBR,-1.53,6106000000.0,,0.946,18.77,,,,,,,,,,,,,,,,,,,,,,,,,,,,,-0.595,0.0,,,-0.3,,133.33,,3972000000.0,,,,,,,,,,,,,,,,,,,0.0929,,,,,,,,,,,,,2.031,1.563,,,,,,,,-0.0624,,,2025-10-28,,-0.3,,pre-market,,,0.0131,-0.078,0.041,24.44,,,,,36.91,37.85,0.0,,,,,,,,,,38.31,34.61
2025-12-28,FYBR,-1.53,6106000000.0,,0.946,18.77,,,,,,,,,,,,,,,None,547000000,547000000,,,,,,None,470000000,,,,,-0.595,0.0,108000000,578000000,-0.3,2025-09-30,133.33,,3972000000.0,1003000000,-90000000,-14000000,,,None,198000000,4000000,,None,,,,,-76000000,-76000000,-194000000,None,0.0929,,886000000,117000000,,,,,None,,,,,2.031,1.563,,,,,,,,-0.0624,,,2025-10-28,quarterly,-0.3,USD,pre-market,None,,0.0131,-0.078,0.041,24.44,395000000,,,,36.91,37.85,0.0,,,,,,,1550000000,,,38.31,34.61
2025-12-28,FYBR,-1.53,6106000000.0,,0.946,18.77,,,,,,,,,,,,,,,None,532000000,532000000,,,,,,None,457000000,,,,,-0.595,0.0,65000000,522000000,-0.3,2025-06-30,133.33,,3972000000.0,1007000000,-139000000,-16000000,,,None,197000000,7000000,,None,,,,,-123000000,-123000000,-190000000,None,0.0929,,963000000,44000000,,,,,None,,,,,2.031,1.563,,,,,,,,-0.0624,,,2025-10-28,quarterly,-0.3,USD,pre-market,None,,0.0131,-0.078,0.041,24.44,490000000,,,,36.91,37.85,0.0,,,,,,,1539000000,,,38.31,34.61
2025-12-28,FYBR,-1.53,6106000000.0,,0.946,18.77,,,,,,,,,,,,,,,None,521000000,521000000,,,,,,None,445000000,,,,,-0.595,0.0,117000000,562000000,-0.3,2025-03-31,133.33,,3972000000.0,990000000,-75000000,-11000000,,,None,200000000,9000000,,None,,,,,-64000000,-64000000,-191000000,None,0.0929,,914000000,76000000,,,,,None,,,,,2.031,1.563,,,,,,,,-0.0624,,,2025-10-28,quarterly,-0.3,USD,pre-market,None,,0.0131,-0.078,0.041,24.44,433000000,,,,36.91,37.85,0.0,,,,,,,1511000000,,,38.31,34.61
2025-12-28,FYBR,-1.53,6106000000.0,,0.946,18.77,,,,,,,,,,,,,,,None,534000000,534000000,,,,,,None,429000000,,,,,-0.595,0.0,120000000,549000000,-0.3,2024-12-31,133.33,,3972000000.0,972000000,-129000000,-11000000,,,None,203000000,22000000,,None,,,,,-118000000,-118000000,-181000000,None,0.0929,,886000000,86000000,,,,,None,,,,,2.031,1.563,,,,,,,,-0.0624,,,2025-10-28,quarterly,-0.3,USD,pre-market,None,,0.0131,-0.078,0.041,24.44,495000000,,,,36.91,37.85,0.0,,,,,,,1506000000,,,38.31,34.61
2025-12-28,FYBR,-1.53,6106000000.0,,0.946,18.77,,,,,,,,,,,,,,,None,538000000,538000000,,,,,,None,410000000,,,,,-0.595,0.0,122000000,532000000,-0.3,2024-09-30,133.33,,3972000000.0,951000000,-88000000,-6000000,,,None,203000000,20000000,,None,,,,,-82000000,-82000000,-183000000,None,0.0929,,865000000,86000000,,,,,None,,,,,2.031,1.563,,,,,,,,-0.0624,,,2025-10-28,quarterly,-0.3,USD,pre-market,None,,0.0131,-0.078,0.041,24.44,427000000,,,,36.91,37.85,0.0,,,,,,,1489000000,,,38.31,34.61
2025-12-28,FYBR,-1.53,6106000000.0,,0.946,18.77,,,,,,,,,,,,,,,None,516000000,516000000,,,,,,None,398000000,,,,,-0.595,0.0,125000000,523000000,-0.3,2024-06-30,133.33,,3972000000.0,964000000,-132000000,-9000000,,,None,199000000,20000000,,None,,,,,-123000000,-123000000,-179000000,None,0.0929,,873000000,91000000,,,,,None,,,,,2.031,1.563,,,,,,,,-0.0624,,,2025-10-28,quarterly,-0.3,USD,pre-market,None,,0.0131,-0.078,0.041,24.44,495000000,,,,36.91,37.85,0.0,,,,,,,1480000000,,,38.31,34.61
2025-12-28,FYBR,-1.53,6106000000.0,,0.946,18.77,,,,,,,,,,,,,,,None,522000000,522000000,,,,,,None,388000000,,,,,-0.595,0.0,135000000,523000000,-0.3,2024-03-31,133.33,,3972000000.0,940000000,3000000,2000000,,,None,199000000,18000000,,None,,,,,1000000,1000000,-181000000,None,0.0929,,850000000,90000000,,,,,None,,,,,2.031,1.563,,,,,,,,-0.0624,,,2025-10-28,quarterly,-0.3,USD,pre-market,None,,0.0131,-0.078,0.041,24.44,428000000,,,,36.91,37.85,0.0,,,,,,,1462000000,,,38.31,34.61
2025-12-28,FYBR,-1.53,6106000000.0,,0.946,18.77,,,,,,,,,,,,,,,None,510000000,510000000,,,,,,None,375000000,,,,,-0.595,0.0,309000000,684000000,-0.3,2023-12-31,133.33,,3972000000.0,916000000,104000000,87000000,,,None,193000000,27000000,,None,,,,,17000000,17000000,-166000000,None,0.0929,,796000000,120000000,,,,,None,,,,,2.031,1.563,,,,,,,,-0.0624,,,2025-10-28,quarterly,-0.3,USD,pre-market,None,,0.0131,-0.078,0.041,24.44,396000000,,,,36.91,37.85,0.0,,,,,,,1426000000,,,38.31,34.61
2025-12-28,FYBR,-1.53,6106000000.0,,0.946,18.77,,,,,,,,,,,,,,,None,545000000,545000000,,,,,,None,356000000,,,,,-0.595,0.0,179000000,535000000,-0.3,2023-09-30,133.33,,3972000000.0,891000000,11000000,170000000,,,None,170000000,22000000,,None,,,,,11000000,11000000,-170000000,None,0.0929,,777000000,114000000,,,,,None,,,,,2.031,1.563,,,,,,,,-0.0624,,,2025-10-28,quarterly,-0.3,USD,pre-market,None,,0.0131,-0.078,0.041,24.44,405000000,,,,36.91,37.85,0.0,,,,,,,1436000000,,,38.31,34.61
2025-12-28,FYBR,-1.53,6106000000.0,,0.946,18.77,,,,,,,,,,,,,,,None,528000000,528000000,,,,,,None,354000000,,,,,-0.595,0.0,142000000,496000000,-0.3,2023-06-30,133.33,,3972000000.0,921000000,-2000000,149000000,,,None,149000000,17000000,,None,,,,,-2000000,-2000000,-149000000,None,0.0929,,806000000,115000000,,,,,None,,,,,2.031,1.563,,,,,,,,-0.0624,,,2025-10-28,quarterly,-0.3,USD,pre-market,None,,0.0131,-0.078,0.041,24.44,413000000,,,,36.91,37.85,0.0,,,,,,,1449000000,,,38.31,34.61
2025-12-28,FYBR,-1.53,6106000000.0,,0.946,18.77,,,,,,,,,,,,,,,None,542000000,542000000,,,,,,None,330000000,,,,,-0.595,0.0,152000000,482000000,-0.3,2023-03-31,133.33,,3972000000.0,898000000,4000000,1000000,,,None,141000000,21000000,,None,,,,,3000000,3000000,-141000000,None,0.0929,,755000000,143000000,,,,,None,,,,,2.031,1.563,,,,,,,,-0.0624,,,2025-10-28,quarterly,-0.3,USD,pre-market,None,,0.0131,-0.078,0.041,24.44,417000000,,,,36.91,37.85,0.0,,,,,,,1440000000,,,38.31,34.61
2025-12-28,FYBR,-1.53,6106000000.0,,0.946,18.77,,,,,,,,,,,,,,,None,526000000,526000000,,,,,,None,312000000,,,,,-0.595,0.0,295000000,607000000,-0.3,2022-12-31,133.33,,3972000000.0,911000000,139000000,-16000000,,,None,136000000,18000000,,None,,,,,155000000,155000000,-118000000,None,0.0929,,775000000,136000000,,,,,None,,,,,2.031,1.563,,,,,,,,-0.0624,,,2025-10-28,quarterly,-0.3,USD,pre-market,None,,0.0131,-0.078,0.041,24.44,452000000,,,,36.91,37.85,0.0,,,,,,,1437000000,,,38.31,34.61
2025-12-28,FYBR,-1.53,6106000000.0,,0.946,18.77,,,,,,,,,,,,,,,None,544000000,544000000,,,,,,None,296000000,,,,,-0.595,0.0,367000000,663000000,-0.3,2022-09-30,133.33,,3972000000.0,900000000,195000000,75000000,,,None,135000000,16000000,,None,,,,,120000000,120000000,-119000000,None,0.0929,,731000000,169000000,,,,,None,,,,,2.031,1.563,,,,,,,,-0.0624,,,2025-10-28,quarterly,-0.3,USD,pre-market,None,,0.0131,-0.078,0.041,24.44,431000000,,,,36.91,37.85,0.0,,,,,,,1444000000,,,38.31,34.61
2025-12-28,FYBR,-1.53,6106000000.0,,0.946,18.77,,,,,,,,,,,,,,,None,546000000,546000000,,,,,,None,290000000,,,,,-0.595,0.0,216000000,506000000,-0.3,2022-06-30,133.33,,3972000000.0,913000000,170000000,69000000,,,None,118000000,6000000,,None,,,,,101000000,101000000,-112000000,None,0.0929,,747000000,166000000,,,,,None,,,,,2.031,1.563,,,,,,,,-0.0624,,,2025-10-28,quarterly,-0.3,USD,pre-market,None,,0.0131,-0.078,0.041,24.44,427000000,,,,36.91,37.85,0.0,,,,,,,1459000000,,,38.31,34.61
2025-12-28,FYBR,-1.53,6106000000.0,,0.946,18.77,,,,,,,,,,,,,,,None,553000000,553000000,,,,,,None,284000000,,,,,-0.595,0.0,197000000,481000000,-0.3,2022-03-31,133.33,,3972000000.0,894000000,95000000,30000000,,,None,103000000,2000000,,None,,,,,65000000,65000000,-101000000,None,0.0929,,773000000,121000000,,,,,None,,,,,2.031,1.563,,,,,,,,-0.0624,,,2025-10-28,quarterly,-0.3,USD,pre-market,None,,0.0131,-0.078,0.041,24.44,435000000,,,,36.91,37.85,0.0,,,,,,,1447000000,,,38.31,34.61
2025-12-28,FYBR,-1.53,6106000000.0,,0.946,18.77,,,,,,,,,,,,,,,None,546000000,546000000,,,,,,None,282000000,,,,,-0.595,0.0,316000000,598000000,-0.3,2021-12-31,133.33,,3972000000.0,997000000,201000000,12000000,,,None,105000000,None,,None,,,,,189000000,189000000,-105000000,None,0.0929,,725000000,272000000,,,,,None,,,,,2.031,1.563,,,,,,,,-0.0624,,,2025-10-28,quarterly,-0.3,USD,pre-market,None,,0.0131,-0.078,0.041,24.44,441000000,,,,36.91,37.85,0.0,,,,,,,1543000000,,,38.31,34.61
2025-12-28,FYBR,-1.53,6106000000.0,,0.946,18.77,,,,,,,,,,,,,,,None,590000000,590000000,,,,,,None,273000000,,,,,-0.595,0.0,256000000,529000000,-0.3,2021-09-30,133.33,,3972000000.0,986000000,157000000,31000000,,,None,90000000,None,,None,,,,,126000000,126000000,-90000000,None,0.0929,,702000000,284000000,,,,,None,,,,,2.031,1.563,,,,,,,,-0.0624,,,2025-10-28,quarterly,-0.3,USD,pre-market,None,,0.0131,-0.078,0.041,24.44,421000000,,,,36.91,37.85,0.0,,,,,,,1576000000,,,38.31,34.61
2025-12-28,FYBR,-1.53,6106000000.0,,0.946,18.77,,,,,,,,,,,,,,,None,904000000,904000000,,,,,,None,298000000,,,,,-0.595,0.0,4491000000,4789000000,-0.3,2021-06-30,133.33,,3972000000.0,1801000000,4400000000,-180000000,,,None,91000000,None,,None,,,,,4580000000,None,None,None,0.0929,,1318000000,298000000,,,,,None,,,,,2.031,1.563,,,,,,,,-0.0624,,,2025-10-28,quarterly,-0.3,USD,pre-market,None,,0.0131,-0.078,0.041,24.44,None,,,,36.91,37.85,0.0,,,,,,,1616000000,,,38.31,34.61
2025-12-28,FYBR,-1.53,6106000000.0,,0.946,18.77,,,,,,,,,,,,,,,None,620000000,620000000,,,,,,None,387000000,,,,,-0.595,0.0,262000000,649000000,-0.3,2021-03-31,133.33,,3972000000.0,1056000000,147000000,87000000,,,None,89000000,89000000,,None,,,,,60000000,60000000,-89000000,None,0.0929,,797000000,259000000,,,,,-25000000,,,,,2.031,1.563,,,,,,,,-0.0624,,,2025-10-28,quarterly,-0.3,USD,pre-market,None,,0.0131,-0.078,0.041,24.44,408000000,,,,36.91,37.85,0.0,,,,,,,1676000000,,,38.31,34.61
2025-12-28,FYBR,-1.53,6106000000.0,,0.946,18.77,,,,,,,,,,,,,,,None,629000000,629000000,,,,,,None,394000000,,,,,-0.595,0.0,271000000,665000000,-0.3,2020-12-31,133.33,,3972000000.0,1066000000,-43000000,7000000,,,None,98000000,112000000,,None,,,,,-50000000,-50000000,-94000000,None,0.0929,,789000000,277000000,,,,,None,,,,,2.031,1.563,,,,,,,,-0.0624,,,2025-10-28,quarterly,-0.3,USD,pre-market,None,,0.0131,-0.078,0.041,24.44,393000000,,,,36.91,37.85,0.0,,,,,,,1695000000,,,38.31,34.61
2025-12-28,FYBR,-1.53,6106000000.0,,0.946,18.77,,,,,,,,,,,,,,,None,657000000,657000000,,,,,,None,392000000,,,,,-0.595,0.0,257000000,649000000,-0.3,2020-09-30,133.33,,3972000000.0,1069000000,4000000,-11000000,,,None,121000000,135000000,,None,,,,,15000000,15000000,-121000000,None,0.0929,,799000000,270000000,,,,,None,,,,,2.031,1.563,,,,,,,,-0.0624,,,2025-10-28,quarterly,-0.3,USD,pre-market,None,,0.0131,-0.078,0.041,24.44,404000000,,,,36.91,37.85,0.0,,,,,,,1726000000,,,38.31,34.61
2025-12-28,FYBR,-1.53,6106000000.0,,0.946,18.77,,,,,,,,,,,,,,,None,685000000,685000000,,,,,,None,397000000,,,,,-0.595,0.0,292000000,689000000,-0.3,2020-06-30,133.33,,3972000000.0,1116000000,-238000000,-57000000,,,None,160000000,180000000,,None,,,,,-181000000,-181000000,-160000000,None,0.0929,,976000000,140000000,,,,,None,,,,,2.031,1.563,,,,,,,,-0.0624,,,2025-10-28,quarterly,-0.3,USD,pre-market,None,,0.0131,-0.078,0.041,24.44,407000000,,,,36.91,37.85,0.0,,,,,,,1801000000,,,38.31,34.61
2025-12-28,FYBR,-1.53,6106000000.0,,0.946,18.77,,,,,,,,,,,,,,,None,730000000,730000000,,,,,,None,415000000,,,,,-0.595,0.0,345000000,760000000,-0.3,2020-03-31,133.33,,3972000000.0,1203000000,-209000000,-23000000,,,None,383000000,378000000,,None,,,,,-186000000,None,None,None,0.0929,,931000000,272000000,,,,,None,,,,,2.031,1.563,,,,,,,,-0.0624,,,2025-10-28,quarterly,-0.3,USD,pre-market,None,,0.0131,-0.078,0.041,24.44,444000000,,,,36.91,37.85,0.0,,,,,,,1933000000,,,38.31,34.61
2025-12-28,FYBR,-1.53,6106000000.0,,0.946,18.77,,,,,,,,,,,,,,,None,729000000,729000000,,,,,,None,420000000,,,,,-0.595,0.0,327000000,747000000,-0.3,2019-12-31,133.33,,3972000000.0,1213000000,-236000000,-74000000,,,None,391000000,None,,None,,,,,-162000000,None,None,None,0.0929,,992000000,221000000,,,,,None,,,,,2.031,1.563,,,,,,,,-0.0624,,,2025-10-28,quarterly,-0.3,USD,pre-market,None,,0.0131,-0.078,0.041,24.44,None,,,,36.91,37.85,0.0,,,,,,,1942000000,,,38.31,34.61
2025-12-28,FYBR,-1.53,6106000000.0,,0.946,18.77,,,,,,,,,,,,,,,None,771000000,771000000,,,,,,None,422000000,,,,,-0.595,0.0,347000000,769000000,-0.3,2019-09-30,133.33,,3972000000.0,1226000000,-366000000,-21000000,,,None,382000000,None,,None,,,,,-345000000,None,None,None,0.0929,,1200000000,26000000,,,,,None,,,,,2.031,1.563,,,,,,,,-0.0624,,,2025-10-28,quarterly,-0.3,USD,pre-market,None,,0.0131,-0.078,0.041,24.44,None,,,,36.91,37.85,0.0,,,,,,,1997000000,,,38.31,34.61
2025-12-28,FYBR,-1.53,6106000000.0,,0.946,18.77,,,,,,,,,,,,,,,None,763000000,763000000,,,,,,None,454000000,,,,,-0.595,0.0,394000000,848000000,-0.3,2019-06-30,133.33,,3972000000.0,1304000000,-5851000000,-534000000,,,None,383000000,None,,None,,,,,-5317000000,None,None,None,0.0929,,6763000000,-5459000000,,,,,None,,,,,2.031,1.563,,,,,,,,-0.0624,,,2025-10-28,quarterly,-0.3,USD,pre-market,None,,0.0131,-0.078,0.041,24.44,None,,,,36.91,37.85,0.0,,,,,,,2067000000,,,38.31,34.61
2025-12-28,FYBR,-1.53,6106000000.0,,0.946,18.77,,,,,,,,,,,,,,,None,794000000,794000000,,,,,,None,484000000,,,,,-0.595,0.0,356000000,840000000,-0.3,2019-03-31,133.33,,3972000000.0,1307000000,-69000000,18000000,,,None,379000000,None,,None,,,,,-87000000,None,None,None,0.0929,,968000000,339000000,,,,,None,,,,,2.031,1.563,,,,,,,,-0.0624,,,2025-10-28,quarterly,-0.3,USD,pre-market,None,,0.0131,-0.078,0.041,24.44,None,,,,36.91,37.85,0.0,,,,,,,2101000000,,,38.31,34.61
2025-12-28,FYBR,-1.53,6106000000.0,,0.946,18.77,,,,,,,,,,,,,,,None,808000000,808000000,,,,,,None,492000000,,,,,-0.595,0.0,381000000,873000000,-0.3,2018-12-31,133.33,,3972000000.0,1316000000,-270000000,-51000000,,,None,388000000,None,,None,,,,,-219000000,None,None,None,0.0929,,1189000000,127000000,,,,,None,,,,,2.031,1.563,,,,,,,,-0.0624,,,2025-10-28,quarterly,-0.3,USD,pre-market,None,,0.0131,-0.078,0.041,24.44,None,,,,36.91,37.85,0.0,,,,,,,2124000000,,,38.31,34.61
2025-12-28,FYBR,-1.53,6106000000.0,,0.946,18.77,,,,,,,,,,,,,,,None,829000000,829000000,,,,,,None,471000000,,,,,-0.595,0.0,383000000,854000000,-0.3,2018-09-30,133.33,,3972000000.0,1297000000,-430000000,-4000000,,,None,389000000,None,,None,,,,,-426000000,None,None,None,0.0929,,1330000000,-33000000,,,,,None,,,,,2.031,1.563,,,,,,,,-0.0624,,,2025-10-28,quarterly,-0.3,USD,pre-market,None,,0.0131,-0.078,0.041,24.44,None,,,,36.91,37.85,0.0,,,,,,,2126000000,,,38.31,34.61
2025-12-28,FYBR,-1.53,6106000000.0,,0.946,18.77,,,,,,,,,,,,,,,None,847000000,847000000,,,,,,None,486000000,,,,,-0.595,0.0,374000000,860000000,-0.3,2018-06-30,133.33,,3972000000.0,1315000000,-38000000,-20000000,,,None,385000000,None,,None,,,,,-18000000,None,None,None,0.0929,,948000000,367000000,,,,,None,,,,,2.031,1.563,,,,,,,,-0.0624,,,2025-10-28,quarterly,-0.3,USD,pre-market,None,,0.0131,-0.078,0.041,24.44,None,,,,36.91,37.85,0.0,,,,,,,2162000000,,,38.31,34.61
2025-12-28,FYBR,-1.53,6106000000.0,,0.946,18.77,,,,,,,,,,,,,,,None,855000000,855000000,,,,,,None,505000000,,,,,-0.595,0.0,375000000,880000000,-0.3,2018-03-31,133.33,,3972000000.0,1344000000,33000000,13000000,,,None,374000000,None,,None,,,,,20000000,None,None,None,0.0929,,978000000,366000000,,,,,None,,,,,2.031,1.563,,,,,,,,-0.0624,,,2025-10-28,quarterly,-0.3,USD,pre-market,None,,0.0131,-0.078,0.041,24.44,None,,,,36.91,37.85,0.0,,,,,,,2199000000,,,38.31,34.61
2025-12-28,FYBR,-1.53,6106000000.0,,0.946,18.77,,,,,,,,,,,,,,,None,878000000,878000000,,,,,,None,514000000,,,,,-0.595,0.0,367000000,881000000,-0.3,2017-12-31,133.33,,3972000000.0,1339000000,-2132000000,-1103000000,,,None,377000000,None,,None,,,,,-1029000000,None,None,None,0.0929,,3086000000,-1747000000,,,,,None,,,,,2.031,1.563,,,,,,,,-0.0624,,,2025-10-28,quarterly,-0.3,USD,pre-market,None,,0.0131,-0.078,0.041,24.44,None,,,,36.91,37.85,0.0,,,,,,,2217000000,,,38.31,34.61
2025-12-28,FYBR,-1.53,6106000000.0,,0.946,18.77,,,,,,,,,,,,,,,None,888000000,888000000,,,,,,None,539000000,,,,,-0.595,0.0,339000000,878000000,-0.3,2017-09-30,133.33,,3972000000.0,1363000000,-69000000,-31000000,,,None,381000000,None,,None,,,,,-38000000,None,None,None,0.0929,,1041000000,322000000,,,,,None,,,,,2.031,1.563,,,,,,,,-0.0624,,,2025-10-28,quarterly,-0.3,USD,pre-market,None,,0.0131,-0.078,0.041,24.44,None,,,,36.91,37.85,0.0,,,,,,,2251000000,,,38.31,34.61
2025-12-28,FYBR,-1.53,6106000000.0,,0.946,18.77,,,,,,,,,,,,,,,None,885000000,885000000,,,,,,None,552000000,,,,,-0.595,0.0,336000000,888000000,-0.3,2017-06-30,133.33,,3972000000.0,1419000000,-872000000,-210000000,,,None,388000000,None,,None,,,,,-662000000,None,None,None,0.0929,,1794000000,-375000000,,,,,None,,,,,2.031,1.563,,,,,,,,-0.0624,,,2025-10-28,quarterly,-0.3,USD,pre-market,None,,0.0131,-0.078,0.041,24.44,None,,,,36.91,37.85,0.0,,,,,,,2304000000,,,38.31,34.61
2025-12-28,FYBR,-1.53,6106000000.0,,0.946,18.77,,,,,,,,,,,,,,,None,904000000,904000000,,,,,,None,579000000,,,,,-0.595,0.0,328000000,907000000,-0.3,2017-03-31,133.33,,3972000000.0,1452000000,-114000000,-39000000,,,None,388000000,None,,None,,,,,-75000000,None,None,None,0.0929,,1135000000,317000000,,,,,None,,,,,2.031,1.563,,,,,,,,-0.0624,,,2025-10-28,quarterly,-0.3,None,pre-market,None,,0.0131,-0.078,0.041,24.44,None,,,,36.91,37.85,0.0,,,,,,,2356000000,,,38.31,34.61
2025-12-28,FYBR,-1.53,6106000000.0,,0.946,18.77,,,,,,,,,,,,,,,None,905000000,905000000,,,,,,None,562000000,,,,,-0.595,0.0,384000000,946000000,-0.3,2016-12-31,133.33,,3972000000.0,1504000000,-118000000,-38000000,,,None,386000000,None,,None,,,,,-80000000,None,None,None,0.0929,,1249000000,255000000,,,,,None,,,,,2.031,1.563,,,,,,,,-0.0624,,,2025-10-28,quarterly,-0.3,USD,pre-market,None,,0.0131,-0.078,0.041,24.44,None,,,,36.91,37.85,0.0,,,,,,,2409000000,,,38.31,34.61
2025-12-28,FYBR,-1.53,6106000000.0,,0.946,18.77,,,,,,,,,,,,,,,None,967000000,967000000,,,,,,None,578000000,,,,,-0.595,0.0,397000000,975000000,-0.3,2016-09-30,133.33,,3972000000.0,1557000000,-126000000,-46000000,,,None,386000000,None,,None,,,,,-80000000,None,None,None,0.0929,,1293000000,264000000,,,,,None,,,,,2.031,1.563,,,,,,,,-0.0624,,,2025-10-28,quarterly,-0.3,USD,pre-market,None,,0.0131,-0.078,0.041,24.44,None,,,,36.91,37.85,0.0,,,,,,,2524000000,,,38.31,34.61
2025-12-28,FYBR,-1.53,6106000000.0,,0.946,18.77,,,,,,,,,,,,,,,None,999000000,999000000,,,,,,None,575000000,,,,,-0.595,0.0,438000000,1013000000,-0.3,2016-06-30,133.33,,3972000000.0,1609000000,-75000000,-48000000,,,None,386000000,None,,None,,,,,-27000000,None,None,None,0.0929,,1298000000,311000000,,,,,None,,,,,2.031,1.563,,,,,,,,-0.0624,,,2025-10-28,quarterly,-0.3,USD,pre-market,None,,0.0131,-0.078,0.041,24.44,None,,,,36.91,37.85,0.0,,,,,,,2608000000,,,38.31,34.61
2025-12-28,FYBR,-1.53,6106000000.0,,0.946,18.77,,,,,,,,,,,,,,,None,486000000,486000000,,,,,,None,316000000,,,,,-0.595,0.0,196000000,512000000,-0.3,2016-03-31,133.33,,3972000000.0,869000000,-304000000,-118000000,,,None,None,None,,None,,,,,-186000000,None,None,None,0.0929,,811000000,58000000,,,,,None,,,,,2.031,1.563,,,,,,,,-0.0624,,,2025-10-28,quarterly,-0.3,None,pre-market,None,,0.0131,-0.078,0.041,24.44,None,,,,36.91,37.85,0.0,,,,,,,1355000000,,,38.31,34.61
2025-12-28,FYBR,-1.53,6106000000.0,,0.946,18.77,,,,,,,,,,,,,,,None,483000000,483000000,,,,,,None,319000000,,,,,-0.595,0.0,270000000,589000000,-0.3,2015-12-31,133.33,,3972000000.0,930000000,-176000000,-73000000,,,None,None,None,,None,,,,,-103000000,None,None,None,0.0929,,748000000,182000000,,,,,None,,,,,2.031,1.563,,,,,,,,-0.0624,,,2025-10-28,quarterly,-0.3,None,pre-market,None,,0.0131,-0.078,0.041,24.44,None,,,,36.91,37.85,0.0,,,,,,,1413000000,,,38.31,34.61
2025-12-28,FYBR,-1.53,6106000000.0,,0.946,18.77,,,,,,,,,,,,,,,None,490000000,490000000,,,,,,None,325000000,,,,,-0.595,0.0,265000000,590000000,-0.3,2015-09-30,133.33,,3972000000.0,934000000,-38000000,-24000000,,,None,246000000,None,,None,,,,,-14000000,None,None,None,0.0929,,727000000,207000000,,,,,None,,,,,2.031,1.563,,,,,,,,-0.0624,,,2025-10-28,quarterly,-0.3,USD,pre-market,None,,0.0131,-0.078,0.041,24.44,None,,,,36.91,37.85,0.0,,,,,,,1424000000,,,38.31,34.61
2025-12-28,FYBR,-1.53,6106000000.0,,0.946,18.77,,,,,,,,,,,,,,,None,474000000,474000000,,,,,,None,335000000,,,,,-0.595,0.0,228000000,563000000,-0.3,2015-06-30,133.33,,3972000000.0,894000000,-66000000,-38000000,,,None,260000000,None,,None,,,,,-28000000,None,None,None,0.0929,,701000000,193000000,,,,,None,,,,,2.031,1.563,,,,,,,,-0.0624,,,2025-10-28,quarterly,-0.3,USD,pre-market,None,,0.0131,-0.078,0.041,24.44,None,,,,36.91,37.85,0.0,,,,,,,1368000000,,,38.31,34.61
2025-12-28,FYBR,-1.53,6106000000.0,,0.946,18.77,,,,,,,,,,,,,,,None,480000000,480000000,,,,,,None,341000000,,,,,-0.595,0.0,220000000,561000000,-0.3,2015-03-31,133.33,,3972000000.0,891000000,-81000000,-30000000,,,None,None,None,,None,,,,,-51000000,None,None,None,0.0929,,728000000,163000000,,,,,None,,,,,2.031,1.563,,,,,,,,-0.0624,,,2025-10-28,quarterly,-0.3,USD,pre-market,None,,0.0131,-0.078,0.041,24.44,None,,,,36.91,37.85,0.0,,,,,,,1371000000,,,38.31,34.61
2025-12-28,FYBR,-1.53,6106000000.0,,0.946,18.77,,,,,,,,,,,,,,,None,464000000,464000000,,,,,,None,323000000,,,,,-0.595,0.0,243000000,566000000,-0.3,2014-12-31,133.33,,3972000000.0,866000000,-2000000,-16000000,,,None,337982000,None,,None,,,,,14000000,None,None,None,0.0929,,693000000,173000000,,,,,None,,,,,2.031,1.563,,,,,,,,-0.0624,,,2025-10-28,quarterly,-0.3,USD,pre-market,None,,0.0131,-0.078,0.041,24.44,None,,,,36.91,37.85,0.0,,,,,,,1330000000,,,38.31,34.61
2025-12-28,FYBR,-1.53,6106000000.0,,0.946,18.77,,,,,,,,,,,,,,,None,384000000,384000000,,,,,,None,261000000,,,,,-0.595,0.0,239000000,500000000,-0.3,2014-09-30,133.33,,3972000000.0,757000000,52000000,10000000,,,None,170371000,None,,None,,,,,42000000,None,None,None,0.0929,,560000000,197000000,,,,,None,,,,,2.031,1.563,,,,,,,,-0.0624,,,2025-10-28,quarterly,-0.3,USD,pre-market,None,,0.0131,-0.078,0.041,24.44,None,,,,36.91,37.85,0.0,,,,,,,1141000000,,,38.31,34.61
2025-12-28,FYBR,-1.53,6106000000.0,,0.946,18.77,,,,,,,,,,,,,,,None,365000000,365000000,,,,,,None,274000000,,,,,-0.595,0.0,243000000,517000000,-0.3,2014-06-30,133.33,,3972000000.0,782000000,57000000,19000000,,,None,167611000,None,,None,,,,,38000000,None,None,None,0.0929,,558000000,224000000,,,,,None,,,,,2.031,1.563,,,,,,,,-0.0624,,,2025-10-28,quarterly,-0.3,USD,pre-market,None,,0.0131,-0.078,0.041,24.44,None,,,,36.91,37.85,0.0,,,,,,,1147000000,,,38.31,34.61
2025-12-28,FYBR,-1.53,6106000000.0,,0.946,18.77,,,,,,,,,,,,,,,None,370000000,370000000,,,,,,None,281000000,,,,,-0.595,0.0,237000000,518000000,-0.3,2014-03-31,133.33,,3972000000.0,784000000,56000000,17000000,,,None,None,None,,None,,,,,38000000,None,None,None,0.0929,,558000000,237000000,,,,,None,,,,,2.031,1.563,,,,,,,,-0.0624,,,2025-10-28,quarterly,-0.3,None,pre-market,None,,0.0131,-0.078,0.041,24.44,None,,,,36.91,37.85,0.0,,,,,,,1154000000,,,38.31,34.61
2025-12-28,FYBR,-1.53,6106000000.0,,0.946,18.77,,,,,,,,,,,,,,,None,1194161000,1194161000,,,,,,None,282275000,,,,,-0.595,0.0,271075000,553350000,-0.3,2013-12-31,133.33,,3972000000.0,-13792000,92016000,24261000,,,None,330382000,None,,None,,,,,67132000,None,None,None,0.0929,,271270999,271075000,,,,,None,,,,,2.031,1.563,,,,,,,,-0.0624,,,2025-10-28,quarterly,-0.3,USD,pre-market,None,,0.0131,-0.078,0.041,24.44,None,,,,36.91,37.85,0.0,,,,,,,1180369000,,,38.31,34.61
2025-12-28,FYBR,-1.53,6106000000.0,,0.946,18.77,,,,,,,,,,,,,,,None,103955000,103955000,,,,,,None,285701000,,,,,-0.595,0.0,246481000,532182000,-0.3,2013-09-30,133.33,,3972000000.0,1081323000,43861000,8461000,,,None,163835000,None,,None,,,,,34768000,None,None,None,0.0929,,874009000,246481000,,,,,None,,,,,2.031,1.563,,,,,,,,-0.0624,,,2025-10-28,quarterly,-0.3,USD,pre-market,None,,0.0131,-0.078,0.041,24.44,None,,,,36.91,37.85,0.0,,,,,,,1185278000,,,38.31,34.61
2025-12-28,FYBR,-1.53,6106000000.0,,0.946,18.77,,,,,,,,,,,,,,,None,107114000,107114000,,,,,,None,297849000,,,,,-0.595,0.0,251555000,549404000,-0.3,2013-06-30,133.33,,3972000000.0,1083419000,-57215000,18755000,,,None,166547000,None,,None,,,,,-39215000,None,None,None,0.0929,,974743000,251555000,,,,,None,,,,,2.031,1.563,,,,,,,,-0.0624,,,2025-10-28,quarterly,-0.3,USD,pre-market,None,,0.0131,-0.078,0.041,24.44,None,,,,36.91,37.85,0.0,,,,,,,1190533000,,,38.31,34.61
2025-12-28,FYBR,-1.53,6106000000.0,,0.946,18.77,,,,,,,,,,,,,,,None,109398000,109398000,,,,,,None,303675000,,,,,-0.595,0.0,250824000,554499000,-0.3,2013-03-31,133.33,,3972000000.0,1095998000,84058000,33275000,,,None,None,None,,None,,,,,47619000,None,None,None,0.0929,,843874000,250824000,,,,,None,,,,,2.031,1.563,,,,,,,,-0.0624,,,2025-10-28,quarterly,-0.3,None,pre-market,None,,0.0131,-0.078,0.041,24.44,None,,,,36.91,37.85,0.0,,,,,,,1205396000,,,38.31,34.61
2025-12-28,FYBR,-1.53,6106000000.0,,0.946,18.77,,,,,,,,,,,,,,,None,94635000,94635000,,,,,,None,304044000,,,,,-0.595,0.0,234463000,538507000,-0.3,2012-12-31,133.33,,3972000000.0,1137918000,38687000,9488000,,,None,344242000,None,,None,,,,,24167000,None,None,None,0.0929,,920944000,234463000,,,,,None,,,,,2.031,1.563,,,,,,,,-0.0624,,,2025-10-28,quarterly,-0.3,USD,pre-market,None,,0.0131,-0.078,0.041,24.44,17400000,,,,36.91,37.85,0.0,,,,,,,1232553000,,,38.31,34.61
2025-12-28,FYBR,-1.53,6106000000.0,,0.946,18.77,,,,,,,,,,,,,,,None,572348000,572348000,,,,,,None,298416000,,,,,-0.595,0.0,279553000,577969000,-0.3,2012-09-30,133.33,,3972000000.0,680121000,107365000,35739000,,,None,172188000,None,,None,,,,,71626000,None,None,None,0.0929,,977273000,275196000,,,,,None,,,,,2.031,1.563,,,,,,,,-0.0624,,,2025-10-28,quarterly,-0.3,USD,pre-market,None,,0.0131,-0.078,0.041,24.44,None,,,,36.91,37.85,0.0,,,,,,,1252469000,,,38.31,34.61
2025-12-28,FYBR,-1.53,6106000000.0,,0.946,18.77,,,,,,,,,,,,,,,None,539911000,539911000,,,,,,None,307047000,,,,,-0.595,0.0,205770000,512817000,-0.3,2012-06-30,133.33,,3972000000.0,718866000,33716000,11717000,,,None,172054000,None,,None,,,,,21999000,None,None,None,0.0929,,990993000,267784000,,,,,None,,,,,2.031,1.563,,,,,,,,-0.0624,,,2025-10-28,quarterly,-0.3,USD,pre-market,None,,0.0131,-0.078,0.041,24.44,None,,,,36.91,37.85,0.0,,,,,,,1258777000,,,38.31,34.61
2025-12-28,FYBR,-1.53,6106000000.0,,0.946,18.77,,,,,,,,,,,,,,,None,368386000,368386000,,,,,,None,319300000,,,,,-0.595,0.0,349119000,668419000,-0.3,2012-03-31,133.33,,3972000000.0,899668000,49184000,18694000,,,None,343743000,None,,None,,,,,15943000,None,None,None,0.0929,,-365821000,291462000,,,,,None,,,,,2.031,1.563,,,,,,,,-0.0624,,,2025-10-28,quarterly,-0.3,None,pre-market,None,,0.0131,-0.078,0.041,24.44,None,,,,36.91,37.85,0.0,,,,,,,1268054000,,,38.31,34.61
2025-12-28,FYBR,-1.53,6106000000.0,,0.946,18.77,,,,,,,,,,,,,,,None,1149484000,1149484000,,,,,,None,-710893000,,,,,-0.595,0.0,-419025000,-1129918000,-0.3,2011-12-31,133.33,,3972000000.0,1480365000,-86406000,-30242000,,,None,332619000,None,,None,,,,,-56164000,None,None,None,0.0929,,-2194623000,-260963000,,,,,None,,,,,2.031,1.563,,,,,,,,-0.0624,,,2025-10-28,quarterly,-0.3,USD,pre-market,None,,0.0131,-0.078,0.041,24.44,None,,,,36.91,37.85,0.0,,,,,,,2629849000,,,38.31,34.61
2025-12-28,FYBR,-1.53,6106000000.0,,0.946,18.77,,,,,,,,,,,,,,,None,571388000,571388000,,,,,,None,351907000,,,,,-0.595,0.0,181127000,533034000,-0.3,2011-09-30,133.33,,3972000000.0,719551000,15372000,-6948000,,,None,165755000,None,,None,,,,,22320000,None,None,None,0.0929,,1110648000,180291000,,,,,None,,,,,2.031,1.563,,,,,,,,-0.0624,,,2025-10-28,quarterly,-0.3,USD,pre-market,None,,0.0131,-0.078,0.041,24.44,None,,,,36.91,37.85,0.0,,,,,,,1290939000,,,38.31,34.61
2025-12-28,FYBR,-1.53,6106000000.0,,0.946,18.77,,,,,,,,,,,,,,,None,578096000,578096000,,,,,,None,358986000,,,,,-0.595,0.0,237898000,596884000,-0.3,2011-06-30,133.33,,3972000000.0,744159000,71034000,37190000,,,None,166864000,None,,None,,,,,33844000,None,None,None,0.0929,,1083975000,238280000,,,,,None,,,,,2.031,1.563,,,,,,,,-0.0624,,,2025-10-28,quarterly,-0.3,USD,pre-market,None,,0.0131,-0.078,0.041,24.44,None,,,,36.91,37.85,0.0,,,,,,,1322255000,,,38.31,34.61
2025-12-28,FYBR,-1.53,6106000000.0,,0.946,18.77,,,,,,,,,,,,,,,None,616364000,616364000,,,,,,None,-339894000,,,,,-0.595,0.0,-236649000,-576543000,-0.3,2010-12-31,133.33,,3972000000.0,-2019332000,-70042000,-40358000,,,None,166607000,None,,None,,,,,-29684000,None,None,None,0.0929,,-1168923000,-78328000,,,,,None,,,,,2.031,1.563,,,,,,,,-0.0624,,,2025-10-28,quarterly,-0.3,USD,pre-market,None,,0.0131,-0.078,0.041,24.44,None,,,,36.91,37.85,0.0,,,,,,,-1402968000,,,38.31,34.61
2025-12-28,FYBR,-1.53,6106000000.0,,0.946,18.77,,,,,,,,,,,,,,,None,616364000,616364000,,,,,,None,339894000,,,,,-0.595,0.0,236649000,576543000,-0.3,2010-09-30,133.33,,3972000000.0,786604000,70042000,40358000,,,None,166607000,None,,None,,,,,29684000,None,None,None,0.0929,,1168923000,234045000,,,,,None,,,,,2.031,1.563,,,,,,,,-0.0624,,,2025-10-28,quarterly,-0.3,USD,pre-market,None,,0.0131,-0.078,0.041,24.44,None,,,,36.91,37.85,0.0,,,,,,,1402968000,,,38.31,34.61
2025-12-28,FYBR,-1.53,6106000000.0,,0.946,18.77,,,,,,,,,,,,,,,None,2110000000,2110000000,,,,,,None,1625000000,,,,,-0.595,0.0,502000000,2127000000,-0.3,2024-12-31,133.33,,3972000000.0,3827000000,-346000000,-24000000,,,None,804000000,80000000,,None,,,,,-322000000,-322000000,-724000000,None,0.0929,,3474000000,353000000,,,,,None,,,,,2.031,1.563,,,,,,,,-0.0624,,,2025-10-28,annual,-0.3,USD,pre-market,None,,0.0131,-0.078,0.041,24.44,1725000000,,,,36.91,37.85,0.0,,,,,,,5937000000,,,38.31,34.61
2025-12-28,FYBR,-1.53,6106000000.0,,0.946,18.77,,,,,,,,,,,,,,,None,2125000000,2125000000,,,,,,None,1415000000,,,,,-0.595,0.0,774000000,2189000000,-0.3,2023-12-31,133.33,,3972000000.0,3626000000,117000000,88000000,,,None,653000000,78000000,,None,,,,,29000000,167000000,-518000000,None,0.0929,,3134000000,492000000,,,,,None,,,,,2.031,1.563,,,,,,,,-0.0624,,,2025-10-28,annual,-0.3,USD,pre-market,None,,0.0131,-0.078,0.041,24.44,1702000000,,,,36.91,37.85,0.0,,,,,,,5751000000,,,38.31,34.61
2025-12-28,FYBR,-1.53,6106000000.0,,0.946,18.77,,,,,,,,,,,,,,,None,2169000000,2169000000,,,,,,None,1182000000,,,,,-0.595,0.0,1214000000,2396000000,-0.3,2022-12-31,133.33,,3972000000.0,3618000000,599000000,158000000,,,None,492000000,42000000,,None,,,,,441000000,441000000,-450000000,None,0.0929,,3026000000,592000000,,,,,None,,,,,2.031,1.563,,,,,,,,-0.0624,,,2025-10-28,annual,-0.3,USD,pre-market,None,,0.0131,-0.078,0.041,24.44,1745000000,,,,36.91,37.85,0.0,,,,,,,5787000000,,,38.31,34.61
2025-12-28,FYBR,-1.53,6106000000.0,,0.946,18.77,,,,,,,,,,,,,,,None,2362000000,2362000000,,,,,,None,1240000000,,,,,-0.595,0.0,1145000000,1240757000,-0.3,2021-12-31,133.33,,3972000000.0,4049000000,4905000000,-50000000,,,None,257000,374000000,,None,,,,,4955000000,None,-374000000,None,0.0929,,3418000000,762000,,,,,None,,,,,2.031,1.563,,,,,,,,-0.0624,,,2025-10-28,annual,-0.3,USD,pre-market,None,,0.0131,-0.078,0.041,24.44,None,,,,36.91,37.85,0.0,,,,,,,6411000000,,,38.31,34.61
2025-12-28,FYBR,-1.53,6106000000.0,,0.946,18.77,,,,,,,,,,,,,,,None,2701000000,2701000000,,,,,,None,1598000000,,,,,-0.595,0.0,1165000000,1598729000,-0.3,2020-12-31,133.33,,3972000000.0,4454000000,-486000000,-84000000,,,None,66000,758000000,,None,,,,,-402000000,-402000000,-758000000,None,0.0929,,3246000000,959000000,,,,,None,,,,,2.031,1.563,,,,,,,,-0.0624,,,2025-10-28,annual,-0.3,USD,pre-market,None,,0.0131,-0.078,0.041,24.44,1648000000,,,,36.91,37.85,0.0,,,,,,,7155000000,,,38.31,34.61
2025-12-28,FYBR,-1.53,6106000000.0,,0.946,18.77,,,,,,,,,,,,,,,None,3057000000,3057000000,,,,,,None,1780000000,,,,,-0.595,0.0,1424000000,3204000000,-0.3,2019-12-31,133.33,,3972000000.0,5050000000,-6522000000,-611000000,,,None,1535000000,1526000000,,None,,,,,-5911000000,-5911000000,-1526000000,None,0.0929,,9923000000,-4873000000,,,,,None,,,,,2.031,1.563,,,,,,,,-0.0624,,,2025-10-28,annual,-0.3,USD,pre-market,None,,0.0131,-0.078,0.041,24.44,1804000000,,,,36.91,37.85,0.0,,,,,,,8107000000,,,38.31,34.61
2025-12-28,FYBR,-1.53,6106000000.0,,0.946,18.77,,,,,,,,,,,,,,,None,3339000000,3339000000,,,,,,None,1954000000,,,,,-0.595,0.0,-1483000000,-1483000000,-0.3,2018-12-31,133.33,,3972000000.0,5272000000,-705000000,-62000000,,,None,1536000000,1530000000,,None,,,,,-643000000,None,None,None,0.0929,,-1483000000,-1483000000,,,,,None,,,,,2.031,1.563,,,,,,,,-0.0624,,,2025-10-28,annual,-0.3,USD,pre-market,None,,0.0131,-0.078,0.041,24.44,1815000000,,,,36.91,37.85,0.0,,,,,,,8611000000,,,38.31,34.61
2025-12-28,FYBR,-1.53,6106000000.0,,0.946,18.77,,,,,,,,,,,,,,,None,3555000000,3555000000,,,,,,None,2184000000,,,,,-0.595,0.0,-1568000000,-1568000000,-0.3,2017-12-31,133.33,,3972000000.0,9128000000,-3187000000,-1383000000,,,None,1534000000,1528000000,,None,,,,,-1804000000,None,None,None,0.0929,,-10696000000,-1568000000,,,,,None,,,,,2.031,1.563,,,,,,,,-0.0624,,,2025-10-28,annual,-0.3,USD,pre-market,None,,0.0131,-0.078,0.041,24.44,2017000000,,,,36.91,37.85,0.0,,,,,,,9128000000,,,38.31,34.61
2025-12-28,FYBR,-1.53,6106000000.0,,0.946,18.77,,,,,,,,,,,,,,,None,3357000000,3357000000,,,,,,None,2031000000,,,,,-0.595,0.0,888000000,888000000,-0.3,2016-12-31,133.33,,3972000000.0,8896000000,-623000000,-250000000,,,None,1531000000,1525000000,,None,,,,,-373000000,None,None,None,0.0929,,-8008000000,888000000,,,,,None,,,,,2.031,1.563,,,,,,,,-0.0624,,,2025-10-28,annual,-0.3,USD,pre-market,None,,0.0131,-0.078,0.041,24.44,2093000000,,,,36.91,37.85,0.0,,,,,,,8896000000,,,38.31,34.61
2025-12-28,FYBR,-1.53,6106000000.0,,0.946,18.77,,,,,,,,,,,,,,,None,1927000000,1927000000,,,,,,None,1320000000,,,,,-0.595,0.0,983000000,2303000000,-0.3,2015-12-31,133.33,,3972000000.0,3649000000,-361000000,-165000000,,,None,1113000000,None,,None,,,,,-196000000,None,None,None,0.0929,,2904000000,745000000,,,,,None,,,,,2.031,1.563,,,,,,,,-0.0624,,,2025-10-28,annual,-0.3,None,pre-market,None,,0.0131,-0.078,0.041,24.44,None,,,,36.91,37.85,0.0,,,,,,,5576000000,,,38.31,34.61
2025-12-28,FYBR,-1.53,6106000000.0,,0.946,18.77,,,,,,,,,,,,,,,None,1583000000,1583000000,,,,,,None,1139000000,,,,,-0.595,0.0,4772490000,4772490000,-0.3,2014-12-31,133.33,,3972000000.0,4772490000,163000000,30000000,,,None,695500000,None,,None,,,,,130000000,None,None,None,0.0929,,2332000000,4772490000,,,,,None,,,,,2.031,1.563,,,,,,,,-0.0624,,,2025-10-28,annual,-0.3,USD,pre-market,None,,0.0131,-0.078,0.041,24.44,None,,,,36.91,37.85,0.0,,,,,,,4772490000,,,38.31,34.61
2025-12-28,FYBR,-1.53,6106000000.0,,0.946,18.77,,,,,,,,,,,,,,,None,1515000000,1515000000,,,,,,None,1170000000,,,,,-0.595,0.0,115478000,115478000,-0.3,2013-12-31,133.33,,3972000000.0,4761576000,163000000,48000000,,,None,667398000,None,,None,,,,,110000000,None,None,None,0.0929,,-4646098000,115478000,,,,,None,,,,,2.031,1.563,,,,,,,,-0.0624,,,2025-10-28,annual,-0.3,USD,pre-market,None,,0.0131,-0.078,0.041,24.44,None,,,,36.91,37.85,0.0,,,,,,,4761576000,,,38.31,34.61
2025-12-28,FYBR,-1.53,6106000000.0,,0.946,18.77,,,,,,,,,,,,,,,None,1575280000,1575280000,,,,,,None,1228807000,,,,,-0.595,0.0,153314000,153314000,-0.3,2012-12-31,133.33,,3972000000.0,5011853000,228952000,75638000,,,None,687985000,None,,None,,,,,133735000,None,None,None,0.0929,,-4858539000,153314000,,,,,None,,,,,2.031,1.563,,,,,,,,-0.0624,,,2025-10-28,annual,-0.3,USD,pre-market,None,,0.0131,-0.078,0.041,24.44,None,,,,36.91,37.85,0.0,,,,,,,5011853000,,,38.31,34.61
2025-12-28,FYBR,-1.53,6106000000.0,,0.946,18.77,,,,,,,,,,,,,,,None,-5237391000,-5237391000,,,,,,None,1403175000,,,,,-0.595,0.0,157608000,157608000,-0.3,2011-12-31,133.33,,3972000000.0,5243043000,None,None,,,None,665196000,None,,None,,,,,None,None,None,None,0.0929,,-5085435000,157608000,,,,,None,,,,,2.031,1.563,,,,,,,,-0.0624,,,2025-10-28,annual,-0.3,USD,pre-market,None,,0.0131,-0.078,0.041,24.44,None,,,,36.91,37.85,0.0,,,,,,,5243043000,,,38.31,34.61
2025-12-28,FYBR,-1.53,6106000000.0,,0.946,18.77,,,,,,,,,,,,,,,None,2081121000,2081121000,,,,,,None,893719000,,,,,-0.595,0.0,155717000,155717000,-0.3,2010-12-31,133.33,,3972000000.0,5652000,270716000,114999000,,,None,521820000,None,,None,,,,,149601000,None,None,None,0.0929,,155717000,155717000,,,,,None,,,,,2.031,1.563,,,,,,,,-0.0624,,,2025-10-28,annual,-0.3,USD,pre-market,None,,0.0131,-0.078,0.041,24.44,None,,,,36.91,37.85,0.0,,,,,,,5652000,,,38.31,34.61
2025-12-28,FYBR,-1.53,6106000000.0,,0.946,18.77,,,,,,,,,,,,,,,None,None,None,,,,,,None,476391000,,,,,-0.595,0.0,123181000,123181000,-0.3,2009-12-31,133.33,,3972000000.0,None,193109000,69928000,,,None,378214000,None,,None,,,,,118535000,None,None,None,0.0929,,123181000,123181000,,,,,None,,,,,2.031,1.563,,,,,,,,-0.0624,,,2025-10-28,annual,-0.3,USD,pre-market,None,,0.0131,-0.078,0.041,24.44,None,,,,36.91,37.85,0.0,,,,,,,None,,,38.31,34.61
2025-12-28,FYBR,-1.53,6106000000.0,,0.946,18.77,,,,,,,,,,,,,,,None,1175489000,1175489000,,,,,,None,561801000,,,,,-0.595,0.0,651790000,1213591000,-0.3,2008-12-31,133.33,,3972000000.0,1061529000,289156000,106496000,,,None,362634000,None,,None,,,,,182660000,None,None,None,0.0929,,411475000,650054000,,,,,None,,,,,2.031,1.563,,,,,,,,-0.0624,,,2025-10-28,annual,-0.3,None,pre-market,None,,0.0131,-0.078,0.041,24.44,None,,,,36.91,37.85,0.0,,,,,,,2237018000,,,38.31,34.61
2025-12-28,FYBR,-1.53,6106000000.0,,0.946,18.77,,,,,,,,,,,,,,,None,1164446000,1164446000,,,,,,None,545856000,,,,,-0.595,0.0,727433000,1273289000,-0.3,2007-12-31,133.33,,3972000000.0,1123569000,342668000,128014000,,,None,384765000,None,,None,,,,,214654000,None,None,None,0.0929,,404279000,719290000,,,,,None,,,,,2.031,1.563,,,,,,,,-0.0624,,,2025-10-28,annual,-0.3,None,pre-market,None,,0.0131,-0.078,0.041,24.44,None,,,,36.91,37.85,0.0,,,,,,,2288015000,,,38.31,34.61
2025-12-28,FYBR,-1.53,6106000000.0,,0.946,18.77,,,,,,,,,,,,,,,None,647734000,647734000,,,,,,None,476487000,,,,,-0.595,0.0,722733000,1199220000,-0.3,2006-12-31,133.33,,3972000000.0,1377633000,390487000,136479000,,,None,332246000,None,,None,,,,,344555000,None,None,None,0.0929,,733143000,644490000,,,,,None,,,,,2.031,1.563,,,,,,,,-0.0624,,,2025-10-28,annual,-0.3,None,pre-market,None,,0.0131,-0.078,0.041,24.44,None,,,,36.91,37.85,0.0,,,,,,,2025367000,,,38.31,34.61
2025-12-28,FYBR,-1.53,6106000000.0,,0.946,18.77,,,,,,,,,,,,,,,None,677026000,677026000,,,,,,None,520204000,,,,,-0.595,0.0,601947000,1122151000,-0.3,2005-12-31,133.33,,3972000000.0,1340015000,263212000,75270000,,,None,338735000,None,,None,,,,,202375000,None,None,None,0.0929,,751047000,588968000,,,,,None,,,,,2.031,1.563,,,,,,,,-0.0624,,,2025-10-28,annual,-0.3,None,pre-market,None,,0.0131,-0.078,0.041,24.44,None,,,,36.91,37.85,0.0,,,,,,,2017041000,,,38.31,34.61
2025-12-28,FYBR,-1.53,6106000000.0,None,0.946,18.77,,None,420000000,420000000,,,,,,,,,3000000,250320000,None,677026000,677026000,758000000,None,10000000,441000000,None,None,520204000,,,,,-0.595,0.0,601947000,1122151000,-0.3,2025-09-30,133.33,None,3972000000.0,1340015000,263212000,75270000,3023000000,3023000000,None,338735000,None,None,None,None,12008000000,None,None,202375000,None,None,None,0.0929,,751047000,588968000,102000000,2141903000,None,723000000,None,,,,,2.031,1.563,,,,,,,,-0.0624,,None,2025-10-28,quarterly,-0.3,USD,pre-market,None,299000000,0.0131,-0.078,0.041,24.44,None,12068000000,60000000,None,36.91,37.85,0.0,21627000000,963000000,3161000000,16928000000,20664000000,13767000000,2017041000,4699000000,None,38.31,34.61
2025-12-28,FYBR,-1.53,6106000000.0,None,0.946,18.77,,None,505000000,505000000,,,,,,,,,3000000,250259000,None,677026000,677026000,968000000,None,10000000,430000000,None,None,520204000,,,,,-0.595,0.0,601947000,1122151000,-0.3,2025-06-30,133.33,None,3972000000.0,1340015000,263212000,75270000,3104000000,3104000000,None,338735000,None,None,None,None,11860000000,None,None,202375000,None,None,None,0.0929,,751047000,588968000,90000000,1700899000,None,696000000,None,,,,,2.031,1.563,,,,,,,,-0.0624,,None,2025-10-28,quarterly,-0.3,USD,pre-market,None,375000000,0.0131,-0.078,0.041,24.44,None,11870000000,10000000,None,36.91,37.85,0.0,21265000000,1025000000,2870000000,16504000000,20240000000,13634000000,2017041000,4761000000,None,38.31,34.61
2025-12-28,FYBR,-1.53,6106000000.0,None,0.946,18.77,,None,599000000,599000000,,,,,,,,,3000000,249830000,None,677026000,677026000,895000000,None,10000000,416000000,None,None,520204000,,,,,-0.595,0.0,601947000,1122151000,-0.3,2025-03-31,133.33,None,3972000000.0,1340015000,263212000,75270000,3184000000,3184000000,None,338735000,None,None,None,None,11633000000,None,None,202375000,None,None,None,0.0929,,751047000,588968000,67000000,1501897000,None,1260000000,None,,,,,2.031,1.563,,,,,,,,-0.0624,,None,2025-10-28,quarterly,-0.3,USD,pre-market,None,498000000,0.0131,-0.078,0.041,24.44,None,11643000000,10000000,505494000,36.91,37.85,0.0,20898000000,1082000000,2598000000,16021000000,19816000000,13423000000,2017041000,4877000000,None,38.31,34.61
2025-12-28,FYBR,-1.53,6106000000.0,None,0.946,18.77,,None,806000000,806000000,,,,,,,,,3000000,249185000,None,677026000,677026000,1033000000,None,10000000,379000000,None,None,520204000,,,,,-0.595,0.0,601947000,1122151000,-0.3,2024-12-31,133.33,None,3972000000.0,1340015000,263212000,75270000,3264000000,3264000000,None,338735000,None,None,None,None,11551000000,None,None,202375000,None,None,None,0.0929,,751047000,588968000,75000000,819000000,None,1243000000,None,,,,,2.031,1.563,,,,,,,,-0.0624,,None,2025-10-28,quarterly,-0.3,USD,pre-market,None,562000000,0.0131,-0.078,0.041,24.44,None,12034000000,99000000,0,36.91,37.85,0.0,21893000000,1260000000,2289000000,16952000000,20633000000,14663000000,2017041000,4941000000,None,38.31,34.61
2025-12-28,FYBR,-1.53,6106000000.0,None,0.946,18.77,,None,1320000000,1320000000,,,,,,,,,2000000,248986000,None,677026000,677026000,793000000,None,10000000,419000000,None,None,520204000,,,,,-0.595,0.0,601947000,1122151000,-0.3,2024-09-30,133.33,3340656000,3972000000.0,1340015000,263212000,75270000,3344000000,3344000000,None,338735000,None,60853000,None,None,11556000000,None,None,202375000,None,None,None,0.0929,,751047000,588968000,147000000,1456939000,None,595000000,None,,,,,2.031,1.563,,,,,,,,-0.0624,,None,2025-10-28,quarterly,-0.3,USD,pre-market,None,680000000,0.0131,-0.078,0.041,24.44,None,11566000000,10000000,1318680000,36.91,37.85,0.0,20859000000,1886000000,2453000000,15793000000,18973000000,13340000000,2017041000,5066000000,None,38.31,34.61
2025-12-28,FYBR,-1.53,6106000000.0,None,0.946,18.77,,None,1197000000,1197000000,,,,,,,,,2000000,248754000,None,677026000,677026000,738000000,None,15000000,434000000,None,None,520204000,,,,,-0.595,0.0,601947000,1122151000,-0.3,2024-06-30,133.33,None,3972000000.0,1340015000,263212000,75270000,3425000000,3425000000,None,338735000,None,None,None,None,11234000000,None,None,202375000,None,None,None,0.0929,,751047000,588968000,124000000,956000000,None,575000000,None,,,,,2.031,1.563,,,,,,,,-0.0624,,None,2025-10-28,quarterly,-0.3,USD,pre-market,None,762000000,0.0131,-0.078,0.041,24.44,None,11249000000,15000000,0,36.91,37.85,0.0,20194000000,1755000000,2019000000,15057000000,18439000000,13038000000,2017041000,5137000000,None,38.31,34.61
2025-12-28,FYBR,-1.53,6106000000.0,None,0.946,18.77,,None,1296000000,1296000000,,,,,,,,,2000000,247040000,None,677026000,677026000,672000000,None,15000000,447000000,None,None,520204000,,,,,-0.595,0.0,601947000,1122151000,-0.3,2024-03-31,133.33,None,3972000000.0,1340015000,263212000,75270000,3505000000,3505000000,None,338735000,None,None,None,None,11240000000,None,None,202375000,None,None,None,0.0929,,751047000,588968000,113000000,935000000,None,1195000000,None,,,,,2.031,1.563,,,,,,,,-0.0624,,None,2025-10-28,quarterly,-0.3,USD,pre-market,None,885000000,0.0131,-0.078,0.041,24.44,None,11255000000,15000000,225000000,36.91,37.85,0.0,20197000000,2081000000,1940000000,14938000000,18116000000,12998000000,2017041000,5259000000,None,38.31,34.61
2025-12-28,FYBR,-1.53,6106000000.0,None,0.946,18.77,,None,1167000000,1167000000,,,,,,,,,2000000,249576000,None,677026000,677026000,1103000000,None,15000000,446000000,None,None,520204000,,,,,-0.595,0.0,601947000,1122151000,-0.3,2023-12-31,133.33,None,3972000000.0,1340015000,263212000,75270000,3585000000,3585000000,None,338735000,None,None,None,None,11246000000,None,None,202375000,None,None,None,0.0929,,751047000,588968000,93000000,755000000,None,553000000,None,,,,,2.031,1.563,,,,,,,,-0.0624,,None,2025-10-28,quarterly,-0.3,USD,pre-market,None,884000000,0.0131,-0.078,0.041,24.44,None,11665000000,84000000,1075000000,36.91,37.85,0.0,21613000000,2781000000,2275000000,16334000000,18832000000,14059000000,2017041000,5279000000,None,38.31,34.61
2025-12-28,FYBR,-1.53,6106000000.0,None,0.946,18.77,,None,948000000,948000000,,,,,,,,,2000000,247447000,None,677026000,677026000,885000000,None,15000000,449000000,None,None,520204000,,,,,-0.595,0.0,601947000,1122151000,-0.3,2023-09-30,133.33,None,3972000000.0,1340015000,263212000,75270000,3665000000,3665000000,None,338735000,None,None,None,None,11258000000,None,None,202375000,None,None,None,0.0929,,751047000,588968000,126000000,948953000,None,1960000000,None,,,,,2.031,1.563,,,,,,,,-0.0624,,None,2025-10-28,quarterly,-0.3,USD,pre-market,None,867000000,0.0131,-0.078,0.041,24.44,None,11273000000,15000000,1275000000,36.91,37.85,0.0,20509000000,2798000000,2051000000,15269000000,17711000000,13218000000,2017041000,5240000000,None,38.31,34.61
2025-12-28,FYBR,-1.53,6106000000.0,None,0.946,18.77,,None,662000000,662000000,,,,,,,,,2000000,245474000,None,677026000,677026000,1161000000,None,15000000,431000000,None,None,520204000,,,,,-0.595,0.0,601947000,1122151000,-0.3,2023-06-30,133.33,None,3972000000.0,1340015000,263212000,75270000,3746000000,3746000000,None,338735000,None,None,None,None,9829000000,None,None,202375000,None,None,None,0.0929,,751047000,588968000,93000000,569000000,None,1499000000,None,,,,,2.031,1.563,,,,,,,,-0.0624,,13353000000,2025-10-28,quarterly,-0.3,USD,pre-market,None,856000000,0.0131,-0.078,0.041,24.44,None,9844000000,15000000,575000000,36.91,37.85,0.0,19150000000,1761000000,2067000000,13958000000,17389000000,11891000000,2017041000,5192000000,None,38.31,34.61
2025-12-28,FYBR,-1.53,6106000000.0,None,0.946,18.77,,None,1132000000,1132000000,,,,,,,,,2000000,246425000,None,677026000,677026000,1368000000,None,15000000,430000000,None,None,520204000,,,,,-0.595,0.0,601947000,1122151000,-0.3,2023-03-31,133.33,None,3972000000.0,1340015000,263212000,75270000,3826000000,3826000000,None,338735000,None,None,None,None,9839000000,None,None,202375000,None,None,None,0.0929,,751047000,588968000,82000000,619000000,None,1525000000,None,,,,,2.031,1.563,,,,,,,,-0.0624,,12748000000,2025-10-28,quarterly,-0.3,USD,pre-market,None,858000000,0.0131,-0.078,0.041,24.44,None,9854000000,15000000,900000000,36.91,37.85,0.0,19398000000,2544000000,2311000000,14235000000,16854000000,11924000000,2017041000,5163000000,None,38.31,34.61
2025-12-28,FYBR,-1.53,6106000000.0,None,0.946,18.77,,None,322000000,322000000,,,,,,,,,2000000,245395000,None,677026000,677026000,1410000000,None,15000000,456000000,None,None,520204000,,,,,-0.595,0.0,601947000,1122151000,-0.3,2022-12-31,133.33,None,3972000000.0,1340015000,263212000,75270000,3906000000,3906000000,None,338735000,None,None,None,None,9110000000,None,None,202375000,None,None,None,0.0929,,751047000,588968000,69000000,451000000,None,1527000000,None,,,,,2.031,1.563,,,,,,,,-0.0624,,11850000000,2025-10-28,quarterly,-0.3,USD,pre-market,None,855000000,0.0131,-0.078,0.041,24.44,None,9471000000,75000000,1750000000,36.91,37.85,0.0,19343000000,2597000000,2295000000,14209000000,16746000000,11914000000,2017041000,5134000000,None,38.31,34.61
2025-12-28,FYBR,-1.53,6106000000.0,None,0.946,18.77,,None,230000000,230000000,,,,,,,,,2000000,245212000,None,677026000,677026000,995000000,None,15000000,422000000,None,None,520204000,,,,,-0.595,0.0,601947000,1122151000,-0.3,2022-09-30,133.33,None,3972000000.0,1340015000,263212000,75270000,3986000000,3986000000,None,338735000,None,-87000000,None,None,9120000000,None,None,202375000,None,None,None,0.0929,,751047000,588968000,101000000,593000000,None,1689000000,None,,,,,2.031,1.563,,,,,,,,-0.0624,,10847000000,2025-10-28,quarterly,-0.3,USD,pre-market,None,700000000,0.0131,-0.078,0.041,24.44,None,9135000000,15000000,2325000000,36.91,37.85,0.0,18273000000,3078000000,1977000000,13340000000,15195000000,11363000000,2017041000,4933000000,None,38.31,34.61
2025-12-28,FYBR,-1.53,6106000000.0,None,0.946,18.77,,None,678000000,678000000,,,,,,,,,2000000,244723000,None,677026000,677026000,818000000,None,15000000,420000000,None,None,520204000,,,,,-0.595,0.0,601947000,1122151000,-0.3,2022-06-30,133.33,None,3972000000.0,1340015000,263212000,75270000,4067000000,4067000000,None,338735000,None,None,None,None,9130000000,None,None,202375000,None,None,None,0.0929,,751047000,588968000,104000000,573000000,None,1849000000,None,,,,,2.031,1.563,,,,,,,,-0.0624,,10108000000,2025-10-28,quarterly,-0.3,USD,pre-market,None,580000000,0.0131,-0.078,0.041,24.44,None,9145000000,15000000,2300000000,36.91,37.85,0.0,18035000000,3502000000,1779000000,13239000000,14533000000,11460000000,2017041000,4796000000,None,38.31,34.61
2025-12-28,FYBR,-1.53,6106000000.0,None,0.946,18.77,,None,1317000000,1317000000,,,,,,,,,2000000,245251000,None,677026000,677026000,694000000,None,15000000,397000000,None,None,520204000,,,,,-0.595,0.0,601947000,1122151000,-0.3,2022-03-31,133.33,None,3972000000.0,1340015000,263212000,75270000,4147000000,4147000000,None,338735000,None,-113000000,None,None,7957000000,None,None,202375000,None,None,None,0.0929,,751047000,588968000,74000000,624000000,None,1995000000,None,,,,,2.031,1.563,,,,,,,,-0.0624,,9575000000,2025-10-28,quarterly,-0.3,USD,pre-market,None,479000000,0.0131,-0.078,0.041,24.44,None,7972000000,15000000,900000000,36.91,37.85,0.0,16755000000,2688000000,1713000000,12077000000,14067000000,10364000000,2017041000,4678000000,None,38.31,34.61
2025-12-28,FYBR,-1.53,6106000000.0,None,0.946,18.77,,None,2144000000,2144000000,,,,,,,,,2000000,245045500,None,677026000,677026000,535000000,None,15000000,471000000,None,None,520204000,,,,,-0.595,0.0,601947000,1122151000,-0.3,2021-12-31,133.33,None,3972000000.0,1340015000,263212000,75270000,4227000000,4227000000,None,338735000,None,None,None,None,7968000000,None,None,202375000,None,None,None,0.0929,,751047000,588968000,73000000,494000000,None,2075000000,None,,,,,2.031,1.563,,,,,,,,-0.0624,,9199000000,2025-10-28,quarterly,-0.3,USD,pre-market,None,414000000,0.0131,-0.078,0.041,24.44,None,7983000000,15000000,None,36.91,37.85,0.0,17136000000,2688000000,1451000000,12536000000,14448000000,11085000000,2017041000,4600000000,None,38.31,34.61
2025-12-28,FYBR,-1.53,6106000000.0,None,0.946,18.77,,None,1228000000,1228000000,,,,,,,,,2000000,247059000,None,677026000,677026000,583000000,None,15000000,452000000,None,None,520204000,,,,,-0.595,0.0,601947000,1122151000,-0.3,2021-09-30,133.33,None,3972000000.0,1340015000,263212000,75270000,4307000000,4307000000,None,338735000,None,17000000,None,None,6996000000,None,None,202375000,None,None,None,0.0929,,751047000,588968000,107000000,474000000,None,2155000000,None,,,,,2.031,1.563,,,,,,,,-0.0624,,8918000000,2025-10-28,quarterly,-0.3,USD,pre-market,None,225000000,0.0131,-0.078,0.041,24.44,None,7011000000,15000000,None,36.91,37.85,0.0,15388000000,1787000000,1480000000,11003000000,13601000000,9523000000,2017041000,4385000000,None,38.31,34.61
2025-12-28,FYBR,-1.53,6106000000.0,None,0.946,18.77,,None,993000000,993000000,,,,,,,,,2000000,261312500,None,677026000,677026000,561000000,None,15000000,521000000,None,None,520204000,,,,,-0.595,0.0,601947000,1122151000,-0.3,2021-06-30,133.33,None,3972000000.0,1340015000,263212000,75270000,4389000000,4389000000,None,338735000,None,None,None,None,7007000000,None,None,202375000,None,None,None,0.0929,,751047000,588968000,111000000,610000000,None,430000000,None,,,,,2.031,1.563,,,,,,,,-0.0624,,8686000000,2025-10-28,quarterly,-0.3,USD,pre-market,None,99000000,0.0131,-0.078,0.041,24.44,None,7022000000,15000000,None,36.91,37.85,0.0,15102000000,1625000000,1391000000,10854000000,13477000000,9463000000,2017041000,4248000000,None,38.31,34.61
2025-12-28,FYBR,-1.53,6106000000.0,None,0.946,18.77,,None,2134000000,2134000000,,,,,,,,,27000000,104896000,None,677026000,677026000,507000000,None,None,534000000,None,None,520204000,,,,,-0.595,0.0,601947000,1122151000,-0.3,2021-03-31,133.33,None,3972000000.0,1340015000,263212000,75270000,598000000,598000000,None,338735000,None,None,None,None,None,None,None,202375000,None,None,None,0.0929,,751047000,588968000,86000000,551000000,None,14209000000,None,,,,,2.031,1.563,,,,,,,,-0.0624,,12987000000,2025-10-28,quarterly,-0.3,USD,pre-market,None,-8915000000,0.0131,-0.078,0.041,24.44,None,5782000000,5782000000,None,36.91,37.85,0.0,16960000000,2754000000,7151000000,21790000000,14206000000,14639000000,2017041000,-4830000000,-15000000,38.31,34.61
2025-12-28,FYBR,-1.53,6106000000.0,None,0.946,18.77,,None,1887000000,1887000000,,,,,,,,,27000000,104489000,None,677026000,677026000,540000000,None,5781000000,572000000,None,None,520204000,,,,,-0.595,0.0,601947000,1122151000,-0.3,2020-12-31,133.33,None,3972000000.0,1340015000,263212000,75270000,677000000,677000000,None,338735000,None,None,None,None,None,None,None,202375000,None,None,None,0.0929,,751047000,588968000,98000000,286000000,None,12017000000,None,,,,,2.031,1.563,,,,,,,,-0.0624,,13146000000,2025-10-28,quarterly,-0.3,USD,pre-market,None,-8975000000,0.0131,-0.078,0.041,24.44,None,6186000000,5850000000,None,36.91,37.85,0.0,18425000000,2557000000,7140000000,23325000000,15868000000,16185000000,2017041000,-4900000000,-14000000,38.31,34.61
2025-12-28,FYBR,-1.53,6106000000.0,None,0.946,18.77,,None,1825000000,1825000000,,,,,,,,,27000000,104866000,None,677026000,677026000,617000000,None,None,575000000,None,None,520204000,,,,,-0.595,0.0,601947000,1122151000,-0.3,2020-09-30,133.33,None,3972000000.0,1340015000,263212000,75270000,757000000,757000000,None,338735000,None,-105000000,None,None,None,None,None,202375000,None,None,None,0.0929,,751047000,588968000,138000000,558000000,None,None,None,,,,,2.031,1.563,,,,,,,,-0.0624,,12858000000,2025-10-28,quarterly,-0.3,USD,pre-market,None,-8925000000,0.0131,-0.078,0.041,24.44,None,16650000000,5701000000,None,36.91,37.85,0.0,16787000000,2538000000,7253000000,21713000000,14249000000,14460000000,2017041000,-4926000000,-14000000,38.31,34.61
2025-12-28,FYBR,-1.53,6106000000.0,None,0.946,18.77,,None,2350000000,2350000000,,,,,,,,,27000000,104525000,None,677026000,677026000,593000000,None,None,602000000,None,None,520204000,,,,,-0.595,0.0,601947000,1122151000,-0.3,2020-06-30,133.33,None,3972000000.0,1340015000,263212000,75270000,838000000,838000000,None,338735000,None,-87000000,None,None,None,None,None,202375000,None,None,None,0.0929,,751047000,588968000,166000000,560000000,None,None,None,,,,,2.031,1.563,,,,,,,,-0.0624,,12845000000,2025-10-28,quarterly,-0.3,USD,pre-market,None,-8940000000,0.0131,-0.078,0.041,24.44,None,17395000000,6446000000,None,36.91,37.85,0.0,17467000000,3118000000,7963000000,22564000000,14349000000,14601000000,2017041000,-5097000000,-13000000,38.31,34.61
2025-12-28,FYBR,-1.53,6106000000.0,None,0.946,18.77,,None,941000000,941000000,,,,,,,,,-13000000,260907500,None,677026000,677026000,357000000,None,None,596000000,None,None,520204000,,,,,-0.595,0.0,601947000,1122151000,-0.3,2020-03-31,133.33,None,3972000000.0,1340015000,263212000,75270000,921000000,921000000,None,338735000,None,-98000000,None,None,None,None,None,202375000,None,None,None,0.0929,,751047000,588968000,1665000000,1510000000,None,None,None,,,,,2.031,1.563,,,,,,,,-0.0624,,12890000000,2025-10-28,quarterly,-0.3,USD,pre-market,None,-8759000000,0.0131,-0.078,0.041,24.44,None,17306000000,17306000000,None,36.91,37.85,0.0,17488000000,3202000000,19229000000,21981000000,14286000000,2752000000,2017041000,-4493000000,-13000000,38.31,34.61
2025-12-28,FYBR,-1.53,6106000000.0,None,0.946,18.77,,None,760000000,760000000,,,,,,,,,27000000,260337500,None,677026000,677026000,12000000,None,None,46000000,None,None,520204000,,,,,-0.595,0.0,601947000,1122151000,-0.3,2019-12-31,133.33,658000000,3972000000.0,1340015000,263212000,75270000,30000000,30000000,None,338735000,None,-89000000,None,None,None,None,None,202375000,None,None,None,0.0929,,751047000,588968000,1771000000,1373000000,None,None,None,,,,,2.031,1.563,,,,,,,,-0.0624,,None,2025-10-28,quarterly,-0.3,USD,pre-market,None,-8573000000,0.0131,-0.078,0.041,24.44,None,17611000000,994000000,None,36.91,37.85,0.0,1401000000,46000000,12000000,123000000,1737000000,111000000,2017041000,1278000000,None,38.31,34.61
2025-12-28,FYBR,-1.53,6106000000.0,None,0.946,18.77,,None,683000000,683000000,,,,,,,,,-12000000,260337500,None,677026000,677026000,453000000,None,None,654000000,None,None,520204000,,,,,-0.595,0.0,601947000,1122151000,-0.3,2019-09-30,133.33,None,3972000000.0,1340015000,263212000,75270000,1120000000,1120000000,None,338735000,None,-34000000,None,None,None,None,None,202375000,None,None,None,0.0929,,751047000,588968000,1672000000,1238000000,None,None,None,,,,,2.031,1.563,,,,,,,,-0.0624,,None,2025-10-28,quarterly,-0.3,USD,pre-market,None,-8411000000,0.0131,-0.078,0.041,24.44,None,17299000000,994000000,None,36.91,37.85,0.0,17561000000,3009000000,2740000000,21664000000,14552000000,18924000000,2017041000,-4103000000,None,38.31,34.61
2025-12-28,FYBR,-1.53,6106000000.0,None,0.946,18.77,,None,267000000,267000000,,,,,,,,,-12000000,260295000,None,677026000,677026000,452000000,None,None,674000000,None,None,520204000,,,,,-0.595,0.0,601947000,1122151000,-0.3,2019-06-30,133.33,276000000,3972000000.0,1340015000,263212000,75270000,1221000000,1221000000,None,338735000,None,-29000000,None,None,None,None,None,202375000,None,None,None,0.0929,,751047000,588968000,1673000000,1348000000,None,None,None,,,,,2.031,1.563,,,,,,,,-0.0624,,None,2025-10-28,quarterly,-0.3,USD,pre-market,None,-8067000000,0.0131,-0.078,0.041,24.44,None,16797000000,440000000,None,36.91,37.85,0.0,17565000000,2614000000,2300000000,21336000000,14951000000,19036000000,2017041000,-3771000000,None,38.31,34.61
2025-12-28,FYBR,-1.53,6106000000.0,None,0.946,18.77,,None,119000000,119000000,,,,,,,,,-14000000,259712000,None,677026000,677026000,473000000,None,None,715000000,None,None,520204000,,,,,-0.595,0.0,601947000,1122151000,-0.3,2019-03-31,133.33,6383000000,3972000000.0,1340015000,263212000,75270000,1364000000,1364000000,None,338735000,None,14881000,None,None,None,None,None,202375000,None,None,None,0.0929,,751047000,588968000,276000000,1083000000,None,None,None,,,,,2.031,1.563,,,,,,,,-0.0624,,None,2025-10-28,quarterly,-0.3,USD,pre-market,None,-2749000000,0.0131,-0.078,0.041,24.44,None,16919000000,393000000,-118881000,36.91,37.85,0.0,23362000000,1110000000,2010000000,21827000000,22252000000,19817000000,2017041000,1535000000,None,38.31,34.61
2025-12-28,FYBR,-1.53,6106000000.0,None,0.946,18.77,,None,354000000,354000000,,,,,,,,,27000000,259162500,None,677026000,677026000,495000000,None,None,723000000,None,None,520204000,,,,,-0.595,0.0,601947000,1122151000,-0.3,2018-12-31,133.33,6383000000,3972000000.0,1340015000,263212000,75270000,1494000000,1494000000,None,338735000,None,None,None,None,None,None,None,202375000,None,None,None,0.0929,,751047000,588968000,207500000,1252000000,None,None,None,,,,,2.031,1.563,,,,,,,,-0.0624,,None,2025-10-28,quarterly,-0.3,USD,pre-market,None,-2752000000,0.0131,-0.078,0.041,24.44,None,17172000000,814000000,None,36.91,37.85,0.0,16019000000,723000000,2561000000,22059000000,15296000000,19498000000,2017041000,1600000000,None,38.31,34.61
2025-12-28,FYBR,-1.53,6106000000.0,None,0.946,18.77,,None,238000000,238000000,,,,,,,,,-14000000,259162500,None,677026000,677026000,457000000,None,None,744000000,None,None,520204000,,,,,-0.595,0.0,601947000,1122151000,-0.3,2018-09-30,133.33,6624000000,3972000000.0,1340015000,263212000,75270000,1626000000,1626000000,None,338735000,None,-50000000,None,None,None,None,None,202375000,None,None,None,0.0929,,751047000,588968000,300000000,1052000000,None,None,None,,,,,2.031,1.563,,,,,,,,-0.0624,,None,2025-10-28,quarterly,-0.3,USD,pre-market,None,-2533000000,0.0131,-0.078,0.041,24.44,None,17407000000,1005000000,None,36.91,37.85,0.0,24033000000,1282000000,2617000000,22090000000,22751000000,19473000000,2017041000,1943000000,None,38.31,34.61
2025-12-28,FYBR,-1.53,6106000000.0,None,0.946,18.77,,None,384000000,384000000,,,,,,,,,-11000000,260086667,None,677026000,677026000,513000000,None,None,751000000,None,None,520204000,,,,,-0.595,0.0,601947000,1122151000,-0.3,2018-06-30,133.33,7024000000,3972000000.0,1340015000,263212000,75270000,1760000000,1760000000,None,338735000,None,-44000000,None,None,None,None,None,202375000,None,None,None,0.0929,,751047000,588968000,293000000,1209000000,None,None,None,,,,,2.031,1.563,,,,,,,,-0.0624,,None,2025-10-28,quarterly,-0.3,USD,pre-market,None,-2107000000,0.0131,-0.078,0.041,24.44,None,17437000000,1228000000,None,36.91,37.85,0.0,24730000000,1428000000,3056000000,22329000000,23302000000,19273000000,2017041000,2401000000,None,38.31,34.61
2025-12-28,FYBR,-1.53,6106000000.0,None,0.946,18.77,,None,201000000,201000000,,,,,,,,,-15000000,258053333,None,677026000,677026000,537000000,None,None,778000000,None,None,520204000,,,,,-0.595,0.0,601947000,1122151000,-0.3,2018-03-31,133.33,7024000000,3972000000.0,1340015000,263212000,75270000,1903000000,1903000000,None,338735000,None,None,None,None,None,None,None,202375000,None,None,None,0.0929,,751047000,588968000,223000000,1008000000,None,None,None,,,,,2.031,1.563,,,,,,,,-0.0624,,None,2025-10-28,quarterly,-0.3,USD,pre-market,None,-2089000000,0.0131,-0.078,0.041,24.44,None,17530000000,1060000000,None,36.91,37.85,0.0,24678000000,1202000000,2659000000,22282000000,23476000000,19623000000,2017041000,2396000000,None,38.31,34.61
2025-12-28,FYBR,-1.53,6106000000.0,None,0.946,18.77,,None,362000000,362000000,,,,,,,,,-151000000,291010250,None,677026000,677026000,564000000,None,None,819000000,None,None,520204000,,,,,-0.595,0.0,601947000,1122151000,-0.3,2017-12-31,133.33,7024000000,3972000000.0,1340015000,263212000,75270000,2063000000,2063000000,None,338735000,None,61000000,None,None,None,None,None,202375000,None,None,None,0.0929,,751047000,588968000,142000000,1224000000,None,None,None,,,,,2.031,1.563,,,,,,,,-0.0624,,None,2025-10-28,quarterly,-0.3,USD,pre-market,None,-2263000000,0.0131,-0.078,0.041,24.44,None,17626000000,656000000,None,36.91,37.85,0.0,24884000000,1323000000,2508000000,22610000000,23561000000,20102000000,2017041000,2274000000,None,38.31,34.61
2025-12-28,FYBR,-1.53,6106000000.0,None,0.946,18.77,,None,286000000,286000000,,,,,,,,,-151000000,259323333,None,677026000,677026000,509000000,None,None,780000000,None,None,520204000,,,,,-0.595,0.0,601947000,1122151000,-0.3,2017-09-30,133.33,9102000000,3972000000.0,1340015000,263212000,75270000,2223000000,2223000000,None,338735000,None,None,None,None,None,None,None,202375000,None,None,None,0.0929,,751047000,588968000,196000000,1020000000,None,None,None,,,,,2.031,1.563,,,,,,,,-0.0624,,None,2025-10-28,quarterly,-0.3,USD,pre-market,None,-1234000000,0.0131,-0.078,0.041,24.44,None,17770000000,166000000,None,36.91,37.85,0.0,27076000000,1262000000,1793000000,23666000000,25814000000,21873000000,2017041000,3410000000,None,38.31,34.61
2025-12-28,FYBR,-1.53,6106000000.0,None,0.946,18.77,,None,387000000,387000000,,,,,,,,,-147000000,259836667,None,677026000,677026000,523000000,None,None,789000000,None,None,520204000,,,,,-0.595,0.0,601947000,1122151000,-0.3,2017-06-30,133.33,9102000000,3972000000.0,1340015000,263212000,75270000,2386000000,2386000000,None,338735000,None,None,None,None,None,None,None,202375000,None,None,None,0.0929,,751047000,588968000,249000000,1150000000,None,None,None,,,,,2.031,1.563,,,,,,,,-0.0624,,None,2025-10-28,quarterly,-0.3,USD,pre-market,None,-1196000000,0.0131,-0.078,0.041,24.44,None,17846000000,166000000,None,36.91,37.85,0.0,27511000000,1425000000,1979000000,23945000000,26086000000,21966000000,2017041000,3566000000,None,38.31,34.61
2025-12-28,FYBR,-1.53,6106000000.0,None,0.946,18.77,,None,341000000,341000000,,,,,,,,,-148000000,290934750,None,677026000,677026000,532000000,None,None,836000000,None,None,520204000,,,,,-0.595,0.0,601947000,1122151000,-0.3,2017-03-31,133.33,9772000000,3972000000.0,1340015000,263212000,75270000,2559000000,2559000000,None,338735000,None,None,None,None,None,None,None,202375000,None,None,None,0.0929,,751047000,588968000,207000000,1082000000,None,None,None,,,,,2.031,1.563,,,,,,,,-0.0624,,None,2025-10-28,quarterly,-0.3,USD,pre-market,None,-534000000,0.0131,-0.078,0.041,24.44,None,17889000000,363000000,None,36.91,37.85,0.0,28449000000,1384000000,2080000000,24123000000,27065000000,22043000000,2017041000,4326000000,None,38.31,34.61
2025-12-28,FYBR,-1.53,6106000000.0,None,0.946,18.77,,None,522000000,522000000,,,,,,,,,-215000000,291010250,None,677026000,677026000,698000000,None,None,938000000,None,None,520204000,,,,,-0.595,0.0,601947000,1122151000,-0.3,2016-12-31,133.33,9674000000,3972000000.0,1340015000,263212000,75270000,2662000000,2662000000,None,338735000,None,None,None,None,None,None,None,202375000,None,None,None,0.0929,,751047000,588968000,196000000,1275000000,None,None,None,,,,,2.031,1.563,,,,,,,,-0.0624,,None,2025-10-28,quarterly,-0.3,USD,pre-market,None,-460000000,0.0131,-0.078,0.041,24.44,None,17923000000,363000000,None,36.91,37.85,0.0,29013000000,1656000000,2444000000,24494000000,27357000000,22050000000,2017041000,4519000000,None,38.31,34.61
2025-12-28,FYBR,-1.53,6106000000.0,None,0.946,18.77,,None,331000000,331000000,,,,,,,,,298000000,291043000,None,677026000,677026000,700000000,None,None,1004000000,None,None,520204000,,,,,-0.595,0.0,601947000,1122151000,-0.3,2016-09-30,133.33,9507000000,3972000000.0,1340015000,263212000,75270000,2872000000,2872000000,None,338735000,None,None,None,None,None,None,None,202375000,None,None,None,0.0929,,751047000,588968000,309000000,997000000,None,None,None,,,,,2.031,1.563,,,,,,,,-0.0624,,None,2025-10-28,quarterly,-0.3,USD,pre-market,None,-380000000,0.0131,-0.078,0.041,24.44,None,17943000000,509000000,None,36.91,37.85,0.0,29045000000,1644000000,2406000000,24288000000,27401000000,21882000000,2017041000,4757000000,None,38.31,34.61
2025-12-28,FYBR,-1.53,6106000000.0,None,0.946,18.77,,None,683000000,683000000,,,,,,,,,298000000,291065500,None,677026000,677026000,722000000,None,None,1034000000,None,None,520204000,,,,,-0.595,0.0,601947000,1122151000,-0.3,2016-06-30,133.33,9198000000,3972000000.0,1340015000,263212000,75270000,2098000000,2098000000,None,338735000,None,None,None,None,None,None,None,202375000,None,None,None,0.0929,,751047000,588968000,164000000,1371000000,None,None,None,,,,,2.031,1.563,,,,,,,,-0.0624,,None,2025-10-28,quarterly,-0.3,USD,pre-market,None,-300000000,0.0131,-0.078,0.041,24.44,None,17966000000,1043000000,None,36.91,37.85,0.0,29456000000,1881000000,3192000000,24394000000,27575000000,21202000000,2017041000,5062000000,None,38.31,34.61
2025-12-28,FYBR,-1.53,6106000000.0,None,0.946,18.77,,None,500000,500000,,,,,,,,,298000000,291010250,None,677026000,677026000,474000,None,None,544000,None,None,520204000,,,,,-0.595,0.0,601947000,1122151000,-0.3,2016-03-31,133.33,7166000,3972000000.0,1340015000,263212000,75270000,1067000,1067000,None,338735000,None,None,None,None,None,None,None,202375000,None,None,None,0.0929,,751047000,588968000,8532000,839000,None,None,None,,,,,2.031,1.563,,,,,,,,-0.0624,,None,2025-10-28,quarterly,-0.3,USD,pre-market,None,-273000,0.0131,-0.078,0.041,24.44,None,15866000,370000,None,36.91,37.85,0.0,26454000,9576000,1734000,21200000,16878000,19466000,2017041000,5254000,None,38.31,34.61
2025-12-28,FYBR,-1.53,6106000000.0,None,0.946,18.77,,None,936000000,936000000,,,,,,,,,298000000,290301750,None,677026000,677026000,467000000,None,None,512000000,None,None,520204000,,,,,-0.595,0.0,601947000,1122151000,-0.3,2015-12-31,133.33,7166000000,3972000000.0,1340015000,263212000,75270000,1143000000,1143000000,None,338735000,None,None,None,None,None,None,None,202375000,None,None,None,0.0929,,751047000,588968000,8683000000,1042000000,None,None,None,,,,,2.031,1.563,,,,,,,,-0.0624,,None,2025-10-28,quarterly,-0.3,USD,pre-market,None,-87000000,0.0131,-0.078,0.041,24.44,None,15508000000,384000000,None,36.91,37.85,0.0,27084000000,10131000000,1893000000,15508000000,16953000000,15508000000,2017041000,5614000000,None,38.31,34.61
2025-12-28,FYBR,-1.53,6106000000.0,None,0.946,18.77,,None,1011000000,1011000000,,,,,,,,,298000000,290301750,None,677026000,677026000,335000000,None,None,554000000,None,None,520204000,,,,,-0.595,0.0,601947000,1122151000,-0.3,2015-09-30,133.33,7166000000,3972000000.0,1340015000,263212000,75270000,1220000000,1220000000,None,338735000,None,None,None,None,None,None,None,202375000,None,None,None,0.0929,,751047000,588968000,8630000000,892000000,None,None,None,,,,,2.031,1.563,,,,,,,,-0.0624,,None,2025-10-28,quarterly,-0.3,USD,pre-market,None,16000000,0.0131,-0.078,0.041,24.44,None,16113000000,97000000,None,36.91,37.85,0.0,27365000000,10195000000,1428000000,21510000000,17170000000,20082000000,2017041000,5855000000,None,38.31,34.61
2025-12-28,FYBR,-1.53,6106000000.0,None,0.946,18.77,,None,1246000000,1246000000,,,,,,,,,298000000,248679000,None,677026000,677026000,324000000,None,None,541000000,None,None,520204000,,,,,-0.595,0.0,601947000,1122151000,-0.3,2015-06-30,133.33,7234000000,3972000000.0,1340015000,263212000,75270000,1300000000,1300000000,None,338735000,None,None,None,None,None,None,None,202375000,None,None,None,0.0929,,751047000,588968000,2301000000,594000000,None,None,None,,,,,2.031,1.563,,,,,,,,-0.0624,,None,2025-10-28,quarterly,-0.3,USD,pre-market,None,30000000,0.0131,-0.078,0.041,24.44,None,9537000000,97000000,None,36.91,37.85,0.0,21286000000,4088000000,1408000000,15238000000,17198000000,13830000000,2017041000,6048000000,None,38.31,34.61
2025-12-28,FYBR,-1.53,6106000000.0,None,0.946,18.77,,None,509000000,509000000,,,,,,,,,257000000,248679000,None,677026000,677026000,260000000,None,None,526000000,None,None,520204000,,,,,-0.595,0.0,601947000,1122151000,-0.3,2015-03-31,133.33,7213000000,3972000000.0,1340015000,263212000,75270000,1408000000,1408000000,None,338735000,None,None,None,None,None,None,None,202375000,None,None,None,0.0929,,751047000,588968000,373000000,676000000,None,None,None,,,,,2.031,1.563,,,,,,,,-0.0624,,None,2025-10-28,quarterly,-0.3,USD,pre-market,None,58000000,0.0131,-0.078,0.041,24.44,None,9657000000,193000000,None,36.91,37.85,0.0,18721000000,1408000000,1440000000,15214000000,17313000000,13774000000,2017041000,3507000000,None,38.31,34.61
2025-12-28,FYBR,-1.53,6106000000.0,None,0.946,18.77,,None,682134000,682134000,,,,,,,,,257000000,248882000,None,677026000,677026000,379255000,None,None,614164000,None,None,520204000,,,,,-0.595,0.0,601947000,1122151000,-0.3,2014-12-31,133.33,7205357000,3972000000.0,1340015000,263212000,75270000,1499864000,1499864000,None,338735000,None,None,None,None,None,None,None,202375000,None,None,None,0.0929,,751047000,588968000,189794000,706003000,None,None,None,,,,,2.031,1.563,,,,,,,,-0.0624,,None,2025-10-28,quarterly,-0.3,USD,pre-market,None,108754000,0.0131,-0.078,0.041,24.44,None,9783237000,297622000,None,36.91,37.85,0.0,18974030000,1486092000,1512076000,15316353000,17487938000,13804277000,2017041000,3657677000,None,38.31,34.61
2025-12-28,FYBR,-1.53,6106000000.0,None,0.946,18.77,,None,808518000,808518000,,,,,,,,,256997000,248882000,None,677026000,677026000,282796000,None,None,462299000,None,None,520204000,,,,,-0.595,0.0,601947000,1122151000,-0.3,2014-09-30,133.33,6337719000,3972000000.0,1340015000,263212000,75270000,997297000,997297000,None,338735000,None,None,None,None,None,None,None,202375000,None,None,None,0.0929,,751047000,588968000,1656532000,726252000,None,None,None,,,,,2.031,1.563,,,,,,,,-0.0624,,None,2025-10-28,quarterly,-0.3,USD,pre-market,None,195055000,0.0131,-0.078,0.041,24.44,None,9448137000,262534000,None,36.91,37.85,0.0,17639688000,2927349000,1338369000,13747169000,14712339000,12408800000,2017041000,3892519000,None,38.31,34.61
2025-12-28,FYBR,-1.53,6106000000.0,None,0.946,18.77,,None,801697000,801697000,,,,,,,,,256997000,248882000,None,677026000,677026000,275119000,None,None,463932000,None,None,520204000,,,,,-0.595,0.0,601947000,1122151000,-0.3,2014-06-30,133.33,6337719000,3972000000.0,1340015000,263212000,75270000,1063150000,1063150000,None,338735000,None,None,None,None,None,None,None,202375000,None,None,None,0.0929,,751047000,588968000,145626000,666778000,None,None,None,,,,,2.031,1.563,,,,,,,,-0.0624,,None,2025-10-28,quarterly,-0.3,USD,pre-market,None,153062000,0.0131,-0.078,0.041,24.44,None,7913360000,262527000,None,36.91,37.85,0.0,16179278000,1411255000,1282254000,12236128000,14768023000,10953874000,2017041000,3943150000,None,38.31,34.61
2025-12-28,FYBR,-1.53,6106000000.0,None,0.946,18.77,,None,954241000,954241000,,,,,,,,,256997000,66369000,None,677026000,677026000,218022000,None,None,404184000,None,None,520204000,,,,,-0.595,0.0,601947000,1122151000,-0.3,2014-03-31,133.33,6337719000,3972000000.0,1340015000,263212000,75270000,1139041000,1139041000,None,338735000,None,1,None,None,None,None,None,202375000,None,None,None,0.0929,,751047000,588968000,240989000,531963000,None,None,None,,,,,2.031,1.563,,,,,,,,-0.0624,,None,2025-10-28,quarterly,-0.3,USD,pre-market,None,115382000,0.0131,-0.078,0.041,24.44,None,8128297000,365625000,None,36.91,37.85,0.0,16468874000,1599414000,1331876000,12471202000,14869460000,11139326000,2017041000,3997672000,None,38.31,34.61
2025-12-28,FYBR,-1.53,6106000000.0,None,0.946,18.77,,None,880039000,880039000,,,,,,,,,256997000,330849333,None,677026000,677026000,327256000,None,None,479210000,None,None,520204000,,,,,-0.595,0.0,601947000,1122151000,-0.3,2013-12-31,133.33,6337719000,3972000000.0,1340015000,263212000,75270000,1214932000,1214932000,None,338735000,None,1,None,None,None,None,None,202375000,None,None,None,0.0929,,751047000,588968000,259590000,536809000,None,None,None,,,,,2.031,1.563,,,,,,,,-0.0624,,None,2025-10-28,quarterly,-0.3,USD,pre-market,None,76108000,0.0131,-0.078,0.041,24.44,None,8131583000,257916000,None,36.91,37.85,0.0,16635484000,1618839000,1301587000,12580003000,15016645000,11278416000,2017041000,4055481000,None,38.31,34.61
2025-12-28,FYBR,-1.53,6106000000.0,None,0.946,18.77,,None,660997000,660997000,,,,,,,,,256997000,330849333,None,677026000,677026000,231451000,None,None,472223000,None,None,520204000,,,,,-0.595,0.0,601947000,1122151000,-0.3,2013-09-30,133.33,6337719000,3972000000.0,1340015000,263212000,75270000,1291954000,1291954000,None,338735000,None,None,None,None,None,None,None,202375000,None,None,None,0.0929,,751047000,588968000,190316000,518966000,None,None,None,,,,,2.031,1.563,,,,,,,,-0.0624,,None,2025-10-28,quarterly,-0.3,USD,pre-market,None,108285000,0.0131,-0.078,0.041,24.44,None,8145206000,257910000,None,36.91,37.85,0.0,16493414000,1323536000,1124891000,12587352000,15169878000,11462461000,2017041000,3906062000,None,38.31,34.61
2025-12-28,FYBR,-1.53,6106000000.0,None,0.946,18.77,,None,548630000,548630000,,,,,,,,,256997000,330849333,None,677026000,677026000,271942000,None,None,486495000,None,None,520204000,,,,,-0.595,0.0,601947000,1122151000,-0.3,2013-06-30,133.33,6337719000,3972000000.0,1340015000,263212000,75270000,1368935000,1368935000,None,338735000,None,None,None,None,None,None,None,202375000,None,None,None,0.0929,,751047000,588968000,241816000,455711000,None,None,None,,,,,2.031,1.563,,,,,,,,-0.0624,,None,2025-10-28,quarterly,-0.3,USD,pre-market,None,72885000,0.0131,-0.078,0.041,24.44,None,8158827000,257905000,None,36.91,37.85,0.0,16600066000,1276941000,1148160000,12665061000,15323125000,11516901000,2017041000,3935005000,None,38.31,34.61
2025-12-28,FYBR,-1.53,6106000000.0,None,0.946,18.77,,None,875909000,875909000,,,,,,,,,256997000,330849333,None,677026000,677026000,219009000,None,None,480746000,None,None,520204000,,,,,-0.595,0.0,601947000,1122151000,-0.3,2013-03-31,133.33,6337719000,3972000000.0,1340015000,263212000,75270000,1455956000,1455956000,None,338735000,None,1,None,None,None,None,None,202375000,None,None,None,0.0929,,751047000,588968000,191500000,535417000,None,None,None,,,,,2.031,1.563,,,,,,,,-0.0624,,None,2025-10-28,quarterly,-0.3,USD,pre-market,None,111345000,0.0131,-0.078,0.041,24.44,None,8426628000,57899000,None,36.91,37.85,0.0,17009562000,1548155000,915937000,12939180000,15461407000,12023243000,2017041000,4062464000,None,38.31,34.61
2025-12-28,FYBR,-1.53,6106000000.0,None,0.946,18.77,,None,1326532000,1326532000,,,,,,,,,256997000,329836000,None,677026000,677026000,338148000,None,None,533704000,None,None,520204000,,,,,-0.595,0.0,601947000,1122151000,-0.3,2012-12-31,133.33,6337719000,3972000000.0,1340015000,263212000,75270000,1542739000,1542739000,None,338735000,None,None,None,None,None,None,None,202375000,None,None,None,0.0929,,751047000,588968000,226967000,510235000,None,None,None,,,,,2.031,1.563,,,,,,,,-0.0624,,None,2025-10-28,quarterly,-0.3,USD,pre-market,None,63205000,0.0131,-0.078,0.041,24.44,None,8942497000,560550000,None,36.91,37.85,0.0,17733631000,2087203000,1553520000,13614360000,15646428000,12060840000,2017041000,4107596000,None,38.31,34.61
2025-12-28,FYBR,-1.53,6106000000.0,None,0.946,18.77,,None,1099489000,1099489000,,,,,,,,,None,329836000,None,677026000,677026000,322811000,None,None,557573000,None,None,520204000,,,,,-0.595,0.0,601947000,1122151000,-0.3,2012-09-30,133.33,6337719000,3972000000.0,1340015000,263212000,75270000,1630965000,1630965000,None,338735000,None,None,None,None,None,None,None,202375000,None,None,None,0.0929,,751047000,588968000,472164000,254028000,None,None,None,,,,,2.031,1.563,,,,,,,,-0.0624,,None,2025-10-28,quarterly,-0.3,USD,pre-market,None,38931000,0.0131,-0.078,0.041,24.44,None,8854144000,596545000,None,36.91,37.85,0.0,17838486000,2129226000,1520986000,13535086000,15709260000,12014100000,2017041000,4288045000,None,38.31,34.61
2025-12-28,FYBR,-1.53,6106000000.0,None,0.946,18.77,,None,410014000,410014000,,,,,,,,,None,329836000,None,677026000,677026000,314706000,None,None,545818000,None,None,520204000,,,,,-0.595,0.0,601947000,1122151000,-0.3,2012-06-30,133.33,6337719000,3972000000.0,1340015000,263212000,75270000,1719434000,1719434000,None,338735000,None,None,None,None,None,None,None,202375000,None,None,None,0.0929,,751047000,588968000,342947000,328798000,None,None,None,,,,,2.031,1.563,,,,,,,,-0.0624,,None,2025-10-28,quarterly,-0.3,USD,pre-market,None,71776000,0.0131,-0.078,0.041,24.44,None,8287092000,616575000,None,36.91,37.85,0.0,17145595000,1298779000,1539552000,12813971000,15846816000,11274419000,2017041000,4314895000,None,38.31,34.61
2025-12-28,FYBR,-1.53,6106000000.0,None,0.946,18.77,,None,365814000,365814000,,,,,,,,,None,329836000,None,677026000,677026000,327584000,None,None,525252000,None,None,520204000,,,,,-0.595,0.0,601947000,1122151000,-0.3,2012-03-31,133.33,6337719000,3972000000.0,1340015000,263212000,75270000,1817901000,1817901000,None,338735000,None,None,None,None,None,None,None,202375000,None,None,None,0.0929,,751047000,588968000,326110000,309726000,None,None,None,,,,,2.031,1.563,,,,,,,,-0.0624,,None,2025-10-28,quarterly,-0.3,USD,pre-market,None,153638000,0.0131,-0.078,0.041,24.44,None,8289138000,674746000,None,36.91,37.85,0.0,17218250000,1217176000,1576217000,12818270000,16001074000,11242053000,2017041000,4387261000,None,38.31,34.61
2025-12-28,FYBR,-1.53,6106000000.0,None,0.946,18.77,,None,326094000,326094000,,,,,,,,,None,330478667,None,677026000,677026000,519548000,None,None,616157000,None,None,520204000,,,,,-0.595,0.0,601947000,1122151000,-0.3,2011-12-31,133.33,6337719000,3972000000.0,1340015000,263212000,75270000,1964505000,1964505000,None,338735000,None,None,None,None,None,None,None,202375000,None,None,None,0.0929,,751047000,588968000,327779000,305295000,None,None,None,,,,,2.031,1.563,,,,,,,,-0.0624,,None,2025-10-28,quarterly,-0.3,USD,pre-market,None,226721000,0.0131,-0.078,0.041,24.44,None,8299857000,94016000,None,36.91,37.85,0.0,17460768000,1270030000,1183216000,12991634000,16190738000,11808418000,2017041000,4455137000,None,38.31,34.61
2025-12-28,FYBR,-1.53,6106000000.0,None,0.946,18.77,,None,205817000,205817000,,,,,,,,,None,330478667,None,677026000,677026000,469219000,None,None,527395000,None,None,520204000,,,,,-0.595,0.0,601947000,1122151000,-0.3,2011-09-30,133.33,6416473000,3972000000.0,1340015000,263212000,75270000,2095220000,2095220000,None,338735000,None,None,None,None,None,None,None,202375000,None,None,None,0.0929,,751047000,588968000,236534000,503030000,None,None,None,,,,,2.031,1.563,,,,,,,,-0.0624,,None,2025-10-28,quarterly,-0.3,USD,pre-market,None,184474000,0.0131,-0.078,0.041,24.44,None,8194844000,43763000,None,36.91,37.85,0.0,17493767000,969746000,1168142000,12717179000,16524021000,11549037000,2017041000,4761592000,None,38.31,34.61
2025-12-28,FYBR,-1.53,6106000000.0,None,0.946,18.77,,None,232672000,232672000,,,,,,,,,None,330478667,None,677026000,677026000,438200000,None,None,513852000,None,None,520204000,,,,,-0.595,0.0,601947000,1122151000,-0.3,2011-06-30,133.33,6416473000,3972000000.0,1340015000,263212000,75270000,2220425000,2220425000,None,338735000,None,None,None,None,None,None,None,202375000,None,None,None,0.0929,,751047000,588968000,299731000,460372000,None,None,None,,,,,2.031,1.563,,,,,,,,-0.0624,,None,2025-10-28,quarterly,-0.3,USD,pre-market,None,164079000,0.0131,-0.078,0.041,24.44,None,8192472000,203659000,None,36.91,37.85,0.0,17662571000,1046255000,1308725000,12728326000,16616316000,11419601000,2017041000,4921174000,None,38.31,34.61
2025-12-28,FYBR,-1.53,6106000000.0,None,0.946,18.77,,None,359382000,359382000,,,,,,,,,None,330478667,None,677026000,677026000,385480000,None,None,519239000,None,None,520204000,,,,,-0.595,0.0,601947000,1122151000,-0.3,2011-03-31,133.33,6277637000,3972000000.0,1340015000,263212000,75270000,2354023000,2354023000,None,338735000,None,None,None,None,None,None,None,202375000,None,None,None,0.0929,,751047000,588968000,298267000,539920000,None,None,None,,,,,2.031,1.563,,,,,,,,-0.0624,,None,2025-10-28,quarterly,-0.3,USD,pre-market,None,131818000,0.0131,-0.078,0.041,24.44,None,8266121000,279873000,None,36.91,37.85,0.0,17778523000,1176888000,1410256000,12697513000,16601635000,11287257000,2017041000,5068022000,None,38.31,34.61
2025-12-28,FYBR,-1.53,6106000000.0,None,0.946,18.77,,None,251263000,251263000,,,,,,,,,None,315018000,None,677026000,677026000,436886000,None,None,568308000,None,None,520204000,,,,,-0.595,0.0,601947000,1122151000,-0.3,2010-12-31,133.33,6292194000,3972000000.0,1340015000,263212000,75270000,2491195000,2491195000,None,338735000,None,None,None,None,None,None,None,202375000,None,None,None,0.0929,,751047000,588968000,308848000,514224000,None,None,None,,,,,2.031,1.563,,,,,,,,-0.0624,,None,2025-10-28,quarterly,-0.3,USD,pre-market,None,77107000,0.0131,-0.078,0.041,24.44,None,8263695000,280002000,None,36.91,37.85,0.0,17890230000,1128419000,1439357000,12680487000,16761811000,11241130000,2017041000,5196740000,None,38.31,34.61
2025-12-28,FYBR,-1.53,6106000000.0,None,0.946,18.77,,None,351065000,351065000,,,,,,,,,256997000,315018000,None,677026000,677026000,346390000,None,None,568914000,None,None,520204000,,,,,-0.595,0.0,601947000,1122151000,-0.3,2010-09-30,133.33,6256282000,3972000000.0,1340015000,263212000,75270000,2645083000,2645083000,None,338735000,None,None,None,None,None,None,None,202375000,None,None,None,0.0929,,751047000,588968000,216270000,844452000,None,None,None,,,,,2.031,1.563,,,,,,,,-0.0624,,None,2025-10-28,quarterly,-0.3,USD,pre-market,None,31115000,0.0131,-0.078,0.041,24.44,None,8261590000,79987000,None,36.91,37.85,0.0,17994938000,1136249000,1327899000,12660959000,16858689000,11333060000,2017041000,5321606000,None,38.31,34.61
2025-12-28,FYBR,-1.53,6106000000.0,None,0.946,18.77,,None,231155000,231155000,,,,,,,,,None,315018000,None,677026000,677026000,110424000,None,None,201757000,None,None,520204000,,,,,-0.595,0.0,601947000,1122151000,-0.3,2010-06-30,133.33,2642323000,3972000000.0,1340015000,263212000,75270000,219622000,219622000,None,338735000,None,None,None,None,None,None,None,202375000,None,None,None,0.0929,,751047000,588968000,207398000,185770000,None,None,None,,,,,2.031,1.563,,,,,,,,-0.0624,,None,2025-10-28,quarterly,-0.3,USD,pre-market,None,2091000,0.0131,-0.078,0.041,24.44,None,4806037000,7215000,None,36.91,37.85,0.0,6795822000,640310000,363769000,6524289000,6155512000,6160520000,2017041000,259848000,None,38.31,34.61
2025-12-28,FYBR,-1.53,6106000000.0,None,0.946,18.77,,None,331095000,331095000,,,,,,,,,None,68582000,None,677026000,677026000,110077000,None,None,189503000,None,None,520204000,,,,,-0.595,0.0,601947000,1122151000,-0.3,2010-03-31,133.33,2642323000,3972000000.0,1340015000,263212000,75270000,233474000,233474000,None,338735000,None,None,None,None,None,None,None,202375000,None,None,None,0.0929,,751047000,588968000,106330000,49068000,None,None,None,,,,,2.031,1.563,,,,,,,,-0.0624,,None,2025-10-28,quarterly,-0.3,USD,pre-market,None,45321000,0.0131,-0.078,0.041,24.44,None,4803702000,7228000,None,36.91,37.85,0.0,6793623000,626928000,326047000,6485994000,6166695000,6159947000,2017041000,296763000,None,38.31,34.61
2025-12-28,FYBR,-1.53,6106000000.0,None,0.946,18.77,,None,358693000,358693000,,,,,,,,,None,310396000,None,677026000,677026000,139556000,None,None,190745000,None,None,520204000,,,,,-0.595,0.0,601947000,1122151000,-0.3,2009-12-31,133.33,2642323000,3972000000.0,1340015000,263212000,75270000,247527000,247527000,None,338735000,None,None,None,None,None,None,None,202375000,None,None,None,0.0929,,751047000,588968000,130642000,143324000,None,None,None,,,,,2.031,1.563,,,,,,,,-0.0624,,None,2025-10-28,quarterly,-0.3,USD,pre-market,None,2756000,0.0131,-0.078,0.041,24.44,None,4801365000,7236000,None,36.91,37.85,0.0,6878255000,680080000,392677000,6539185000,6198175000,6146508000,2017041000,327611000,None,38.31,34.61
2025-12-28,FYBR,-1.53,6106000000.0,None,0.946,18.77,,None,806000000,806000000,,,,,,,,,3000000,248184000,None,677026000,677026000,1033000000,None,10000000,379000000,None,None,520204000,,,,,-0.595,0.0,601947000,1122151000,-0.3,2024-12-31,133.33,None,3972000000.0,1340015000,263212000,75270000,3264000000,3264000000,None,338735000,None,None,None,None,11551000000,None,None,202375000,None,None,None,0.0929,,751047000,588968000,75000000,819000000,None,1243000000,None,,,,,2.031,1.563,,,,,,,,-0.0624,,None,2025-10-28,annual,-0.3,USD,pre-market,None,562000000,0.0131,-0.078,0.041,24.44,None,12034000000,99000000,56000000,36.91,37.85,0.0,21893000000,1260000000,2289000000,16952000000,20633000000,14663000000,2017041000,4941000000,None,38.31,34.61
2025-12-28,FYBR,-1.53,6106000000.0,None,0.946,18.77,,None,1167000000,1167000000,,,,,,,,,2000000,248459000,None,677026000,677026000,1103000000,None,15000000,446000000,None,None,520204000,,,,,-0.595,0.0,601947000,1122151000,-0.3,2023-12-31,133.33,None,3972000000.0,1340015000,263212000,75270000,3585000000,3585000000,None,338735000,None,None,None,None,11246000000,None,None,202375000,None,None,None,0.0929,,751047000,588968000,93000000,755000000,None,553000000,None,,,,,2.031,1.563,,,,,,,,-0.0624,,None,2025-10-28,annual,-0.3,USD,pre-market,None,884000000,0.0131,-0.078,0.041,24.44,None,11665000000,84000000,1075000000,36.91,37.85,0.0,21613000000,2781000000,2275000000,16334000000,18832000000,14059000000,2017041000,5279000000,None,38.31,34.61
2025-12-28,FYBR,-1.53,6106000000.0,None,0.946,18.77,,None,322000000,322000000,,,,,,,,,2000000,245280000,None,677026000,677026000,1410000000,None,15000000,456000000,None,None,520204000,,,,,-0.595,0.0,601947000,1122151000,-0.3,2022-12-31,133.33,None,3972000000.0,1340015000,263212000,75270000,3906000000,3906000000,None,338735000,None,None,None,None,9110000000,None,None,202375000,None,None,None,0.0929,,751047000,588968000,69000000,451000000,None,1527000000,None,,,,,2.031,1.563,,,,,,,,-0.0624,,11850000000,2025-10-28,annual,-0.3,USD,pre-market,None,855000000,0.0131,-0.078,0.041,24.44,None,9471000000,75000000,1750000000,36.91,37.85,0.0,19343000000,2597000000,2295000000,14209000000,16746000000,11914000000,2017041000,5134000000,None,38.31,34.61
2025-12-28,FYBR,-1.53,6106000000.0,None,0.946,18.77,,None,2144000000,2144000000,,,,,,,,,2000000,245045500,None,677026000,677026000,535000000,None,15000000,471000000,None,None,520204000,,,,,-0.595,0.0,601947000,1122151000,-0.3,2021-12-31,133.33,None,3972000000.0,1340015000,263212000,75270000,4227000000,4227000000,None,338735000,None,-13000000,None,None,7968000000,None,None,202375000,None,None,None,0.0929,,751047000,588968000,73000000,494000000,None,2075000000,None,,,,,2.031,1.563,,,,,,,,-0.0624,,9199000000,2025-10-28,annual,-0.3,USD,pre-market,None,414000000,0.0131,-0.078,0.041,24.44,None,7983000000,15000000,0,36.91,37.85,0.0,17136000000,2688000000,1451000000,12536000000,14448000000,11085000000,2017041000,4600000000,None,38.31,34.61
2025-12-28,FYBR,-1.53,6106000000.0,None,0.946,18.77,,None,1887000000,1887000000,,,,,,,,,27000000,104467000,None,677026000,677026000,540000000,None,5781000000,572000000,None,None,520204000,,,,,-0.595,0.0,601947000,1122151000,-0.3,2020-12-31,133.33,None,3972000000.0,1340015000,263212000,75270000,677000000,677000000,None,338735000,None,-85000000,None,None,None,None,None,202375000,None,None,None,0.0929,,751047000,588968000,98000000,286000000,None,12017000000,None,,,,,2.031,1.563,,,,,,,,-0.0624,,13146000000,2025-10-28,annual,-0.3,USD,pre-market,None,-8975000000,0.0131,-0.078,0.041,24.44,None,6186000000,5850000000,None,36.91,37.85,0.0,18425000000,2557000000,7140000000,23325000000,15868000000,16185000000,2017041000,-4900000000,-14000000,38.31,34.61
2025-12-28,FYBR,-1.53,6106000000.0,None,0.946,18.77,,None,760000000,760000000,,,,,,,,,27000000,104065000,None,677026000,677026000,437000000,None,None,667000000,None,None,520204000,,,,,-0.595,0.0,601947000,1122151000,-0.3,2019-12-31,133.33,658000000,3972000000.0,1340015000,263212000,75270000,1020000000,1020000000,None,338735000,None,None,None,None,16308000000,None,None,202375000,None,None,None,0.0929,,751047000,588968000,1505000000,1044000000,None,None,None,,,,,2.031,1.563,,,,,,,,-0.0624,,13167000000,2025-10-28,annual,-0.3,USD,pre-market,None,-8573000000,0.0131,-0.078,0.041,24.44,None,17680000000,1063000000,None,36.91,37.85,0.0,19331000000,2932000000,2804000000,23725000000,16399000000,20921000000,2017041000,-4394000000,-13000000,38.31,34.61
2025-12-28,FYBR,-1.53,6106000000.0,None,0.946,18.77,,None,354000000,354000000,,,,,,,,,27000000,89683000,None,677026000,677026000,495000000,None,None,768500000,None,None,520204000,,,,,-0.595,0.0,601947000,1122151000,-0.3,2018-12-31,133.33,6383000000,3972000000.0,1340015000,263212000,75270000,1494000000,1494000000,None,338735000,None,None,None,None,16358000000,None,None,202375000,None,None,None,0.0929,,751047000,588968000,207500000,917000000,None,None,None,,,,,2.031,1.563,,,,,,,,-0.0624,,14187000000,2025-10-28,annual,-0.3,USD,pre-market,None,-2752000000,0.0131,-0.078,0.041,24.44,None,17241000000,844000000,None,36.91,37.85,0.0,24816000000,1330000000,2561000000,23216000000,23486000000,20655000000,2017041000,1600000000,-14000000,38.31,34.61
2025-12-28,FYBR,-1.53,6106000000.0,None,0.946,18.77,,None,376000000,376000000,,,,,,,,,20000000,77736000,None,677026000,677026000,564000000,None,None,859000000,None,None,520204000,,,,,-0.595,0.0,601947000,1122151000,-0.3,2017-12-31,133.33,7024000000,3972000000.0,1340015000,263212000,75270000,2063000000,2063000000,None,338735000,None,None,None,None,16970000000,None,None,202375000,None,None,None,0.0929,,751047000,588968000,88000000,872000000,None,None,None,,,,,2.031,1.563,,,,,,,,-0.0624,,14377000000,2025-10-28,annual,-0.3,USD,pre-market,None,-2263000000,0.0131,-0.078,0.041,24.44,None,17731000000,697000000,14000000,36.91,37.85,0.0,25919000000,1323000000,2508000000,23645000000,24596000000,21137000000,2017041000,2274000000,-151000000,38.31,34.61
2025-12-28,FYBR,-1.53,6106000000.0,None,0.946,18.77,,None,522000000,522000000,,,,,,,,,298000000,77607000,None,677026000,677026000,698000000,None,None,938000000,None,None,520204000,,,,,-0.595,0.0,601947000,1122151000,-0.3,2016-12-31,133.33,9674000000,3972000000.0,1340015000,263212000,75270000,2662000000,2662000000,None,338735000,None,None,None,None,17560000000,None,None,202375000,None,None,None,0.0929,,751047000,588968000,196000000,974000000,None,None,None,,,,,2.031,1.563,,,,,,,,-0.0624,,14902000000,2025-10-28,annual,-0.3,USD,pre-market,None,-460000000,0.0131,-0.078,0.041,24.44,None,17923000000,363000000,None,36.91,37.85,0.0,30152000000,1656000000,2444000000,25633000000,28496000000,23189000000,2017041000,4519000000,-215000000,38.31,34.61
2025-12-28,FYBR,-1.53,6106000000.0,None,0.946,18.77,,None,9380000000,9380000000,,,,,,,,,298000000,72307000,None,677026000,677026000,467000000,None,None,571000000,None,None,520204000,,,,,-0.595,0.0,601947000,1122151000,-0.3,2015-12-31,133.33,7166000000,3972000000.0,1340015000,263212000,75270000,1143000000,1143000000,None,338735000,None,None,None,None,None,None,None,202375000,None,None,None,0.0929,,751047000,588968000,180000000,882000000,None,None,None,,,,,2.031,1.563,,,,,,,,-0.0624,,None,2025-10-28,annual,-0.3,USD,pre-market,None,-87000000,0.0131,-0.078,0.041,24.44,None,15892000000,384000000,None,36.91,37.85,0.0,27084000000,10131000000,1893000000,21470000000,16953000000,19577000000,2017041000,5614000000,None,38.31,34.61
2025-12-28,FYBR,-1.53,6106000000.0,None,0.946,18.77,,None,682134000,682134000,,,,,,,,,257000000,66667000,None,677026000,677026000,379255000,None,None,614164000,None,None,520204000,,,,,-0.595,0.0,601947000,1122151000,-0.3,2014-12-31,133.33,7205357000,3972000000.0,1340015000,263212000,75270000,1499864000,1499864000,None,338735000,None,10494000,None,None,None,None,None,202375000,None,None,None,0.0929,,751047000,588968000,189794000,526945000,None,None,None,,,,,2.031,1.563,,,,,,,,-0.0624,,None,2025-10-28,annual,-0.3,USD,pre-market,None,108754000,0.0131,-0.078,0.041,24.44,None,9783237000,297622000,None,36.91,37.85,0.0,18974030000,1486092000,1512076000,15316353000,17487938000,13804276999,2017041000,3657677000,None,38.31,34.61
2025-12-28,FYBR,-1.53,6106000000.0,None,0.946,18.77,,None,891450000,891450000,,,,,,,,,256997000,66266000,None,677026000,677026000,464575000,None,None,479210000,None,None,520204000,,,,,-0.595,0.0,601947000,1122151000,-0.3,2013-12-31,133.33,6337719000,3972000000.0,1340015000,263212000,75270000,1214932000,1214932000,None,338735000,None,1,None,None,None,None,None,202375000,None,None,None,0.0929,,751047000,588968000,248179000,399490000,None,None,None,,,,,2.031,1.563,,,,,,,,-0.0624,,None,2025-10-28,annual,-0.3,USD,pre-market,None,76108000,0.0131,-0.078,0.041,24.44,None,8131583000,257916000,None,36.91,37.85,0.0,16635484000,1618839000,1301587000,12580003000,15016645000,11278416000,2017041000,4055481000,None,38.31,34.61
2025-12-28,FYBR,-1.53,6106000000.0,None,0.946,18.77,,None,1341940000,1341940000,,,,,,,,,256997000,66120000,None,677026000,677026000,338148000,None,None,533703999,None,None,520204000,,,,,-0.595,0.0,601947000,1122151000,-0.3,2012-12-31,133.33,6337719000,3972000000.0,1340015000,263212000,75270000,1542739000,1542739000,None,338735000,None,15408002,None,None,None,None,None,202375000,None,None,None,0.0929,,751047000,588968000,211558999,510235000,None,None,None,,,,,2.031,1.563,,,,,,,,-0.0624,,None,2025-10-28,annual,-0.3,USD,pre-market,None,63205000,0.0131,-0.078,0.041,24.44,None,8942497000,560550000,13000892000,36.91,37.85,0.0,17733631000,2087203000,1553520000,13614360000,15646428000,12060840000,2017041000,4107595999,None,38.31,34.61
2025-12-28,FYBR,-1.53,6106000000.0,None,0.946,18.77,,None,326094000,326094000,,,,,,,,,256997000,68582000,None,677026000,677026000,519548000,None,None,616157000,None,None,520204000,,,,,-0.595,0.0,601947000,1122151000,-0.3,2011-12-31,133.33,6337719000,3972000000.0,1340015000,263212000,75270000,1964505000,1964505000,None,338735000,None,None,None,None,None,None,None,202375000,None,None,None,0.0929,,751047000,588968000,327779000,305295000,None,None,None,,,,,2.031,1.563,,,,,,,,-0.0624,,None,2025-10-28,annual,-0.3,USD,pre-market,None,226721000,0.0131,-0.078,0.041,24.44,None,8299857000,94016000,None,36.91,37.85,0.0,17460768000,1270030000,1183216000,12991634000,16190738000,11808418000,2017041000,4455137000,None,38.31,34.61
2025-12-28,FYBR,-1.53,6106000000.0,None,0.946,18.77,,None,251263000,251263000,,,,,,,,,256997000,43399000,None,677026000,677026000,436886000,None,None,568308000,None,None,520204000,,,,,-0.595,0.0,601947000,1122151000,-0.3,2010-12-31,133.33,6292194000,3972000000.0,1340015000,263212000,75270000,2491195000,2491195000,None,338735000,None,None,None,None,None,None,None,202375000,None,None,None,0.0929,,751047000,588968000,308848000,514224000,None,None,None,,,,,2.031,1.563,,,,,,,,-0.0624,,None,2025-10-28,annual,-0.3,USD,pre-market,None,77107000,0.0131,-0.078,0.041,24.44,None,8263695000,280002000,None,36.91,37.85,0.0,17890230000,1128419000,1439357000,12680487000,16761810999,11241130000,2017041000,5196740000,None,38.31,34.61
2025-12-28,FYBR,-1.53,6106000000.0,None,0.946,18.77,,None,358693000,358693000,,,,,,,,,87364000,20674000,None,677026000,677026000,139556000,None,None,293306000,None,None,520204000,,,,,-0.595,0.0,601947000,1122151000,-0.3,2009-12-31,133.33,2642323000,3972000000.0,1340015000,263212000,75270000,247527000,247527000,None,338735000,None,None,None,None,None,None,None,202375000,None,None,None,0.0929,,751047000,588968000,28081000,143324000,None,None,None,,,,,2.031,1.563,,,,,,,,-0.0624,,None,2025-10-28,annual,-0.3,USD,pre-market,None,2756000,0.0131,-0.078,0.041,24.44,None,4801365000,7236000,None,36.91,37.85,0.0,6878255000,680080000,392677000,6539185000,6198175000,6146508000,2017041000,327611000,None,38.31,34.61
2025-12-28,FYBR,-1.53,6106000000.0,None,0.946,18.77,,None,None,None,,,,,,,,,87364000,21216000,None,677026000,677026000,141940000,None,None,222247000,None,None,520204000,,,,,-0.595,0.0,601947000,1122151000,-0.3,2008-12-31,133.33,2642323000,3972000000.0,1340015000,263212000,75270000,359674000,359674000,None,338735000,None,None,None,None,None,None,None,202375000,None,None,None,0.0929,,751047000,588968000,82085000,236978000,None,None,None,,,,,2.031,1.563,,,,,,,,-0.0624,,None,2025-10-28,annual,-0.3,None,pre-market,None,38163000,0.0131,-0.078,0.041,24.44,None,4725542000,3857000,None,36.91,37.85,0.0,6888676000,467959000,382775000,6369631000,6420717000,5986856000,2017041000,519044999,None,38.31,34.61
2025-12-28,FYBR,-1.53,6106000000.0,None,0.946,18.77,,None,226466000,226466000,,,,,,,,,87364000,22159000,None,677026000,677026000,179402000,None,None,234762000,None,None,520204000,,,,,-0.595,0.0,601947000,1122151000,-0.3,2007-12-31,133.33,2634559000,3972000000.0,1340015000,263212000,75270000,547735000,547735000,None,338735000,None,None,None,None,None,None,None,202375000,None,None,None,0.0929,,751047000,588968000,62926000,264041000,None,None,None,,,,,2.031,1.563,,,,,,,,-0.0624,,None,2025-10-28,annual,-0.3,None,pre-market,None,14001000,0.0131,-0.078,0.041,24.44,None,4739345000,2448000,None,36.91,37.85,0.0,7256069000,524154000,445891000,6258170000,6731915000,5812279000,2017041000,997899000,None,38.31,34.61
2025-12-28,FYBR,-1.53,6106000000.0,None,0.946,18.77,,None,1041106000,1041106000,,,,,,,,,85989000,21636000,None,677026000,677026000,153890000,None,None,187737000,None,None,520204000,,,,,-0.595,0.0,601947000,1122151000,-0.3,2006-12-31,133.33,1917751000,3972000000.0,1340015000,263212000,75270000,432353000,432353000,None,338735000,None,None,None,None,None,None,None,202375000,None,None,None,0.0929,,751047000,588968000,44150000,222585000,None,None,None,,,,,2.031,1.563,,,,,,,,-0.0624,,None,2025-10-28,annual,-0.3,None,pre-market,None,134705000,0.0131,-0.078,0.041,24.44,None,4500026000,39271000,None,36.91,37.85,0.0,6791205000,1272993000,425643000,5733173000,5518212000,5307530000,2017041000,1058031999,None,38.31,34.61
2025-12-28,FYBR,-1.53,6106000000.0,None,0.946,18.77,,None,263749000,263749000,,,,,,,,,85989000,22778000,None,677026000,677026000,140494000,None,None,203070000,None,None,520204000,,,,,-0.595,0.0,601947000,1122151000,-0.3,2005-12-31,133.33,1921465000,3972000000.0,1340015000,263212000,75270000,558733000,558733000,None,338735000,None,None,None,None,None,None,None,202375000,None,None,None,0.0929,,751047000,588968000,202915999,267796000,None,None,None,,,,,2.031,1.563,,,,,,,,-0.0624,,None,2025-10-28,annual,-0.3,None,pre-market,None,-85344000,0.0131,-0.078,0.041,24.44,None,4222823000,227693000,None,36.91,37.85,0.0,6427567000,669735000,641759000,5385758000,5757832000,4743999000,2017041000,1041809000,None,38.31,34.61
2025-12-28,FYBR,-1.53,6106000000.0,None,0.946,18.77,819000000,None,263749000,263749000,177000000,-818000000,None,None,None,None,None,None,85989000,22778000,None,677026000,677026000,140494000,None,None,203070000,None,None,520204000,470000000,None,None,None,-0.595,0.0,601947000,1122151000,-0.3,2025-09-30,133.33,1921465000,3972000000.0,1340015000,263212000,75270000,558733000,558733000,None,338735000,None,None,None,None,None,None,None,-76000000,None,None,None,0.0929,504000000,751047000,588968000,202915999,267796000,None,None,None,None,None,None,None,2.031,1.563,None,None,None,None,None,11000000,None,-0.0624,None,None,2025-10-28,quarterly,-0.3,USD,pre-market,None,-85344000,0.0131,-0.078,0.041,24.44,None,4222823000,227693000,None,36.91,37.85,0.0,6427567000,669735000,641759000,5385758000,5757832000,4743999000,2017041000,1041809000,None,38.31,34.61
2025-12-28,FYBR,-1.53,6106000000.0,None,0.946,18.77,845000000,None,263749000,263749000,209000000,-841000000,None,None,None,None,None,None,85989000,22778000,None,677026000,677026000,140494000,None,None,203070000,None,None,520204000,457000000,None,None,None,-0.595,0.0,601947000,1122151000,-0.3,2025-06-30,133.33,1921465000,3972000000.0,1340015000,263212000,75270000,558733000,558733000,None,338735000,None,None,None,None,None,None,None,-123000000,None,None,None,0.0929,477000000,751047000,588968000,202915999,267796000,None,None,None,None,None,None,None,2.031,1.563,None,None,None,None,None,-1000000,None,-0.0624,None,None,2025-10-28,quarterly,-0.3,USD,pre-market,None,-85344000,0.0131,-0.078,0.041,24.44,None,4222823000,227693000,None,36.91,37.85,0.0,6427567000,669735000,641759000,5385758000,5757832000,4743999000,2017041000,1041809000,None,38.31,34.61
2025-12-28,FYBR,-1.53,6106000000.0,None,0.946,18.77,757000000,None,263749000,263749000,45000000,-756000000,None,None,None,None,None,None,85989000,22778000,None,677026000,677026000,140494000,None,None,203070000,None,None,520204000,445000000,None,None,None,-0.595,0.0,601947000,1122151000,-0.3,2025-03-31,133.33,1921465000,3972000000.0,1340015000,263212000,75270000,558733000,558733000,None,338735000,None,None,None,None,None,None,None,-64000000,None,None,None,0.0929,519000000,751047000,588968000,202915999,267796000,None,None,None,None,None,None,None,2.031,1.563,None,None,None,None,None,-10000000,None,-0.0624,None,None,2025-10-28,quarterly,-0.3,USD,pre-market,None,-85344000,0.0131,-0.078,0.041,24.44,None,4222823000,227693000,None,36.91,37.85,0.0,6427567000,669735000,641759000,5385758000,5757832000,4743999000,2017041000,1041809000,None,38.31,34.61
2025-12-28,FYBR,-1.53,6106000000.0,None,0.946,18.77,792000000,None,263749000,263749000,-80000000,-783000000,None,None,None,None,None,None,85989000,22778000,None,677026000,677026000,140494000,None,None,203070000,None,None,520204000,409000000,None,None,None,-0.595,0.0,601947000,1122151000,-0.3,2024-12-31,133.33,1921465000,3972000000.0,1340015000,263212000,75270000,558733000,558733000,None,338735000,None,None,None,None,None,None,None,-118000000,None,None,None,0.0929,294000000,751047000,588968000,202915999,267796000,None,None,None,None,None,None,None,2.031,1.563,None,None,None,None,None,-16000000,None,-0.0624,None,None,2025-10-28,quarterly,-0.3,USD,pre-market,None,-85344000,0.0131,-0.078,0.041,24.44,None,4222823000,227693000,None,36.91,37.85,0.0,6427567000,669735000,641759000,5385758000,5757832000,4743999000,2017041000,1041809000,None,38.31,34.61
2025-12-28,FYBR,-1.53,6106000000.0,None,0.946,18.77,699000000,None,263749000,263749000,307000000,-691000000,None,None,None,None,None,None,85989000,22778000,None,677026000,677026000,140494000,None,None,203070000,None,None,520204000,410000000,None,None,None,-0.595,0.0,601947000,1122151000,-0.3,2024-09-30,133.33,1921465000,3972000000.0,1340015000,263212000,75270000,558733000,558733000,None,338735000,None,None,None,None,None,None,None,-82000000,None,None,None,0.0929,618000000,751047000,588968000,202915999,267796000,None,None,None,None,None,None,None,2.031,1.563,None,None,None,None,None,49000000,None,-0.0624,None,None,2025-10-28,quarterly,-0.3,USD,pre-market,None,-85344000,0.0131,-0.078,0.041,24.44,None,4222823000,227693000,None,36.91,37.85,0.0,6427567000,669735000,641759000,5385758000,5757832000,4743999000,2017041000,1041809000,None,38.31,34.61
2025-12-28,FYBR,-1.53,6106000000.0,None,0.946,18.77,626000000,None,263749000,263749000,-72000000,-393000000,None,None,None,None,None,None,85989000,22778000,None,677026000,677026000,140494000,None,None,203070000,None,None,520204000,398000000,None,None,None,-0.595,0.0,601947000,1122151000,-0.3,2024-06-30,133.33,1921465000,3972000000.0,1340015000,263212000,75270000,558733000,558733000,None,338735000,None,None,None,None,None,None,None,-123000000,None,None,None,0.0929,374000000,751047000,588968000,202915999,267796000,None,None,None,None,None,None,None,2.031,1.563,None,None,None,None,None,-6000000,None,-0.0624,None,None,2025-10-28,quarterly,-0.3,USD,pre-market,None,-85344000,0.0131,-0.078,0.041,24.44,None,4222823000,227693000,None,36.91,37.85,0.0,6427567000,669735000,641759000,5385758000,5757832000,4743999000,2017041000,1041809000,None,38.31,34.61
2025-12-28,FYBR,-1.53,6106000000.0,None,0.946,18.77,666000000,None,263749000,263749000,-423000000,186000000,None,None,None,None,None,None,85989000,22778000,None,677026000,677026000,140494000,None,None,203070000,None,None,520204000,388000000,None,None,None,-0.595,0.0,601947000,1122151000,-0.3,2024-03-31,133.33,1921465000,3972000000.0,1340015000,263212000,75270000,558733000,558733000,None,338735000,None,None,None,None,None,None,None,1000000,None,None,None,0.0929,335000000,751047000,588968000,202915999,267796000,None,None,None,None,None,None,None,2.031,1.563,None,None,None,None,None,-43000000,None,-0.0624,None,None,2025-10-28,quarterly,-0.3,USD,pre-market,None,-85344000,0.0131,-0.078,0.041,24.44,None,4222823000,227693000,None,36.91,37.85,0.0,6427567000,669735000,641759000,5385758000,5757832000,4743999000,2017041000,1041809000,None,38.31,34.61
2025-12-28,FYBR,-1.53,6106000000.0,None,0.946,18.77,329000000,None,263749000,263749000,-6000000,-105000000,None,None,None,None,None,None,85989000,22778000,None,677026000,677026000,140494000,None,None,203070000,None,None,520204000,375000000,None,None,None,-0.595,0.0,601947000,1122151000,-0.3,2023-12-31,133.33,1921465000,3972000000.0,1340015000,263212000,75270000,558733000,558733000,None,338735000,None,None,None,None,None,None,None,17000000,None,None,None,0.0929,296000000,751047000,588968000,202915999,267796000,None,None,None,None,None,None,None,2.031,1.563,None,None,None,None,None,None,None,-0.0624,None,None,2025-10-28,quarterly,-0.3,USD,pre-market,None,-85344000,0.0131,-0.078,0.041,24.44,None,4222823000,227693000,None,36.91,37.85,0.0,6427567000,669735000,641759000,5385758000,5757832000,4743999000,2017041000,1041809000,None,38.31,34.61
2025-12-28,FYBR,-1.53,6106000000.0,None,0.946,18.77,671000000,None,263749000,263749000,1428000000,-1419000000,None,None,-11000000,None,None,None,85989000,22778000,None,677026000,677026000,140494000,None,None,203070000,None,None,520204000,356000000,None,None,None,-0.595,0.0,601947000,1122151000,-0.3,2023-09-30,133.33,1921465000,3972000000.0,1340015000,263212000,75270000,558733000,558733000,None,338735000,None,None,None,None,None,None,None,11000000,None,None,None,0.0929,383000000,751047000,588968000,202915999,267796000,None,None,None,None,None,None,None,2.031,1.563,None,None,None,None,None,-2000000,None,-0.0624,None,None,2025-10-28,quarterly,-0.3,USD,pre-market,None,-85344000,0.0131,-0.078,0.041,24.44,None,4222823000,227693000,None,36.91,37.85,0.0,6427567000,669735000,641759000,5385758000,5757832000,4743999000,2017041000,1041809000,None,38.31,34.61
2025-12-28,FYBR,-1.53,6106000000.0,None,0.946,18.77,1057000000,None,263749000,263749000,-18000000,-728000000,-470000000,None,-8000000,None,None,-11000000,85989000,22778000,None,677026000,677026000,140494000,None,None,203070000,None,None,520204000,354000000,None,None,None,-0.595,0.0,601947000,1122151000,-0.3,2023-06-30,133.33,1921465000,3972000000.0,1340015000,263212000,75270000,558733000,558733000,None,338735000,None,None,None,None,None,None,None,-2000000,None,None,None,0.0929,276000000,751047000,588968000,202915999,267796000,None,None,None,None,None,None,None,2.031,1.563,None,None,None,None,None,-4000000,None,-0.0624,None,None,2025-10-28,quarterly,-0.3,USD,pre-market,None,-85344000,0.0131,-0.078,0.041,24.44,None,4222823000,227693000,None,36.91,37.85,0.0,6427567000,669735000,641759000,5385758000,5757832000,4743999000,2017041000,1041809000,None,38.31,34.61
2025-12-28,FYBR,-1.53,6106000000.0,None,0.946,18.77,1154000000,None,263749000,263749000,725000000,-304000000,810000000,None,None,None,None,2000000,85989000,22778000,None,677026000,677026000,140494000,None,None,203070000,None,None,520204000,330000000,None,None,None,-0.595,0.0,601947000,1122151000,-0.3,2023-03-31,133.33,1921465000,3972000000.0,1340015000,263212000,75270000,558733000,558733000,None,338735000,None,None,None,None,None,None,None,3000000,None,None,None,0.0929,389000000,751047000,588968000,202915999,267796000,None,None,None,None,None,None,None,2.031,1.563,None,None,None,None,None,-3000000,None,-0.0624,None,None,2025-10-28,quarterly,-0.3,USD,pre-market,None,-85344000,0.0131,-0.078,0.041,24.44,None,4222823000,227693000,None,36.91,37.85,0.0,6427567000,669735000,641759000,5385758000,5757832000,4743999000,2017041000,1041809000,None,38.31,34.61
2025-12-28,FYBR,-1.53,6106000000.0,None,0.946,18.77,878000000,None,263749000,263749000,-8000000,-290000000,62000000,None,None,None,None,-23000000,85989000,22778000,None,677026000,677026000,140494000,None,None,203070000,None,None,520204000,312000000,None,None,None,-0.595,0.0,601947000,1122151000,-0.3,2022-12-31,133.33,1921465000,3972000000.0,1340015000,263212000,75270000,558733000,558733000,None,338735000,None,None,None,None,None,None,None,155000000,None,None,None,0.0929,360000000,751047000,588968000,202915999,267796000,None,None,None,None,None,None,None,2.031,1.563,None,None,None,None,None,-1000000,None,-0.0624,None,None,2025-10-28,quarterly,-0.3,USD,pre-market,None,-85344000,0.0131,-0.078,0.041,24.44,None,4222823000,227693000,None,36.91,37.85,0.0,6427567000,669735000,641759000,5385758000,5757832000,4743999000,2017041000,1041809000,None,38.31,34.61
2025-12-28,FYBR,-1.53,6106000000.0,None,0.946,18.77,772000000,None,263749000,263749000,61000000,-793000000,-448000000,None,None,None,None,-8000000,85989000,22778000,None,677026000,677026000,140494000,None,None,203070000,None,None,520204000,296000000,None,None,None,-0.595,0.0,601947000,1122151000,-0.3,2022-09-30,133.33,1921465000,3972000000.0,1340015000,263212000,75270000,558733000,558733000,None,338735000,None,None,None,None,None,None,None,120000000,None,None,None,0.0929,284000000,751047000,588968000,202915999,267796000,None,None,None,None,None,None,None,2.031,1.563,None,None,None,None,None,None,None,-0.0624,None,None,2025-10-28,quarterly,-0.3,USD,pre-market,None,-85344000,0.0131,-0.078,0.041,24.44,None,4222823000,227693000,None,36.91,37.85,0.0,6427567000,669735000,641759000,5385758000,5757832000,4743999000,2017041000,1041809000,None,38.31,34.61
2025-12-28,FYBR,-1.53,6106000000.0,None,0.946,18.77,641000000,None,263749000,263749000,1170000000,-2040000000,-641000000,None,None,None,None,-37000000,85989000,22778000,None,677026000,677026000,140494000,None,None,203070000,None,None,520204000,290000000,None,None,None,-0.595,0.0,601947000,1122151000,-0.3,2022-06-30,133.33,1921465000,3972000000.0,1340015000,263212000,75270000,558733000,558733000,None,338735000,None,None,None,None,None,None,None,101000000,None,None,None,0.0929,229000000,751047000,588968000,202915999,267796000,None,None,None,None,None,None,None,2.031,1.563,None,None,None,None,None,-7000000,None,-0.0624,None,None,2025-10-28,quarterly,-0.3,USD,pre-market,None,-85344000,0.0131,-0.078,0.041,24.44,None,4222823000,227693000,None,36.91,37.85,0.0,6427567000,669735000,641759000,5385758000,5757832000,4743999000,2017041000,1041809000,None,38.31,34.61
2025-12-28,FYBR,-1.53,6106000000.0,None,0.946,18.77,447000000,None,263749000,263749000,-12000000,-1345000000,-829000000,None,None,None,None,61000000,85989000,22778000,None,677026000,677026000,140494000,None,None,203070000,None,None,520204000,284000000,None,None,None,-0.595,0.0,601947000,1122151000,-0.3,2022-03-31,133.33,1921465000,3972000000.0,1340015000,263212000,75270000,558733000,558733000,None,338735000,None,None,None,None,None,None,None,65000000,None,None,None,0.0929,528000000,751047000,588968000,202915999,267796000,None,None,None,None,None,None,None,2.031,1.563,None,None,None,None,None,None,None,-0.0624,None,None,2025-10-28,quarterly,-0.3,USD,pre-market,None,-85344000,0.0131,-0.078,0.041,24.44,None,4222823000,227693000,None,36.91,37.85,0.0,6427567000,669735000,641759000,5385758000,5757832000,4743999000,2017041000,1041809000,None,38.31,34.61
2025-12-28,FYBR,-1.53,6106000000.0,None,0.946,18.77,559000000,None,263749000,263749000,997000000,-548000000,None,None,None,None,None,None,85989000,22778000,None,677026000,677026000,140494000,None,None,203070000,None,None,520204000,282000000,None,None,None,-0.595,0.0,601947000,1122151000,-0.3,2021-12-31,133.33,1921465000,3972000000.0,1340015000,263212000,75270000,558733000,558733000,None,338735000,None,None,None,None,None,None,None,189000000,None,None,None,0.0929,468000000,751047000,588968000,202915999,267796000,None,None,None,None,None,None,None,2.031,1.563,None,None,None,None,None,None,None,-0.0624,None,None,2025-10-28,quarterly,-0.3,USD,pre-market,None,-85344000,0.0131,-0.078,0.041,24.44,None,4222823000,227693000,None,36.91,37.85,0.0,6427567000,669735000,641759000,5385758000,5757832000,4743999000,2017041000,1041809000,None,38.31,34.61
2025-12-28,FYBR,-1.53,6106000000.0,None,0.946,18.77,377000000,None,263749000,263749000,-10000000,-376000000,None,None,None,None,None,None,85989000,22778000,None,677026000,677026000,140494000,None,None,203070000,None,None,520204000,273000000,None,None,None,-0.595,0.0,601947000,1122151000,-0.3,2021-09-30,133.33,1921465000,3972000000.0,1340015000,263212000,75270000,558733000,558733000,None,338735000,None,None,None,None,None,None,None,126000000,None,None,None,0.0929,603000000,751047000,588968000,202915999,267796000,None,None,None,None,None,None,None,2.031,1.563,None,None,None,None,None,None,None,-0.0624,None,None,2025-10-28,quarterly,-0.3,USD,pre-market,None,-85344000,0.0131,-0.078,0.041,24.44,None,4222823000,227693000,None,36.91,37.85,0.0,6427567000,669735000,641759000,5385758000,5757832000,4743999000,2017041000,1041809000,None,38.31,34.61
2025-12-28,FYBR,-1.53,6106000000.0,None,0.946,18.77,385000000,None,263749000,263749000,201000000,-379000000,None,None,4637000,None,None,None,85989000,22778000,None,677026000,677026000,140494000,None,None,203070000,None,None,520204000,298000000,None,None,None,-0.595,0.0,601947000,1122151000,-0.3,2021-06-30,133.33,1921465000,3972000000.0,1340015000,263212000,75270000,558733000,558733000,None,338735000,None,None,None,None,None,None,None,4580000000,None,None,None,0.0929,-943000000,751047000,588968000,202915999,267796000,None,None,None,None,None,None,None,2.031,1.563,None,None,None,None,None,None,None,-0.0624,None,None,2025-10-28,quarterly,-0.3,USD,pre-market,None,-85344000,0.0131,-0.078,0.041,24.44,None,4222823000,227693000,None,36.91,37.85,0.0,6427567000,669735000,641759000,5385758000,5757832000,4743999000,2017041000,1041809000,None,38.31,34.61
2025-12-28,FYBR,-1.53,6106000000.0,None,0.946,18.77,384000000,None,263749000,263749000,-7000000,-380000000,278000000,None,None,None,None,34000000,85989000,22778000,None,677026000,677026000,140494000,None,None,203070000,None,None,520204000,387000000,None,None,None,-0.595,0.0,601947000,1122151000,-0.3,2021-03-31,133.33,1921465000,3972000000.0,1340015000,263212000,75270000,558733000,558733000,None,338735000,None,None,None,None,None,None,None,60000000,None,None,None,0.0929,665000000,751047000,588968000,202915999,267796000,None,None,None,None,None,None,None,2.031,1.563,None,None,None,None,None,None,None,-0.0624,None,None,2025-10-28,quarterly,-0.3,USD,pre-market,None,-85344000,0.0131,-0.078,0.041,24.44,None,4222823000,227693000,None,36.91,37.85,0.0,6427567000,669735000,641759000,5385758000,5757832000,4743999000,2017041000,1041809000,None,38.31,34.61
2025-12-28,FYBR,-1.53,6106000000.0,None,0.946,18.77,356000000,None,263749000,263749000,-102000000,-334000000,None,None,None,None,None,None,85989000,22778000,None,677026000,677026000,140494000,None,None,203070000,None,None,520204000,394000000,None,None,None,-0.595,0.0,601947000,1122151000,-0.3,2020-12-31,133.33,1921465000,3972000000.0,1340015000,263212000,75270000,558733000,558733000,None,338735000,None,None,None,None,None,None,None,-50000000,None,None,None,0.0929,497000000,751047000,588968000,202915999,267796000,None,None,None,None,None,None,None,2.031,1.563,None,None,None,None,None,None,None,-0.0624,None,None,2025-10-28,quarterly,-0.3,USD,pre-market,None,-85344000,0.0131,-0.078,0.041,24.44,None,4222823000,227693000,None,36.91,37.85,0.0,6427567000,669735000,641759000,5385758000,5757832000,4743999000,2017041000,1041809000,None,38.31,34.61
2025-12-28,FYBR,-1.53,6106000000.0,None,0.946,18.77,314000000,None,263749000,263749000,-754000000,-313000000,None,None,None,None,None,None,85989000,22778000,None,677026000,677026000,140494000,None,None,203070000,None,None,520204000,392000000,None,None,None,-0.595,0.0,601947000,1122151000,-0.3,2020-09-30,133.33,1921465000,3972000000.0,1340015000,263212000,75270000,558733000,558733000,None,338735000,None,None,None,None,None,None,None,15000000,None,None,None,0.0929,542000000,751047000,588968000,202915999,267796000,None,None,None,None,None,None,None,2.031,1.563,None,None,None,None,None,None,None,-0.0624,None,None,2025-10-28,quarterly,-0.3,USD,pre-market,None,-85344000,0.0131,-0.078,0.041,24.44,None,4222823000,227693000,None,36.91,37.85,0.0,6427567000,669735000,641759000,5385758000,5757832000,4743999000,2017041000,1041809000,None,38.31,34.61
2025-12-28,FYBR,-1.53,6106000000.0,None,0.946,18.77,225000000,None,263749000,263749000,-24000000,910000000,None,None,None,None,None,None,85989000,22778000,None,677026000,677026000,140494000,None,None,203070000,None,None,520204000,397000000,None,None,None,-0.595,0.0,601947000,1122151000,-0.3,2020-06-30,133.33,1921465000,3972000000.0,1340015000,263212000,75270000,558733000,558733000,None,338735000,None,None,None,None,None,None,None,-181000000,None,None,None,0.0929,473000000,751047000,588968000,202915999,267796000,None,None,None,None,None,None,None,2.031,1.563,None,None,None,None,None,None,None,-0.0624,None,None,2025-10-28,quarterly,-0.3,USD,pre-market,None,-85344000,0.0131,-0.078,0.041,24.44,None,4222823000,227693000,None,36.91,37.85,0.0,6427567000,669735000,641759000,5385758000,5757832000,4743999000,2017041000,1041809000,None,38.31,34.61
2025-12-28,FYBR,-1.53,6106000000.0,None,0.946,18.77,286000000,None,263749000,263749000,-13000000,-282000000,None,None,None,None,None,None,85989000,22778000,None,677026000,677026000,140494000,None,None,203070000,None,None,520204000,415000000,None,None,None,-0.595,0.0,601947000,1122151000,-0.3,2020-03-31,133.33,1921465000,3972000000.0,1340015000,263212000,75270000,558733000,558733000,None,338735000,None,None,None,None,None,None,None,-186000000,None,None,None,0.0929,477000000,751047000,588968000,202915999,267796000,None,None,None,None,None,None,None,2.031,1.563,None,None,None,None,None,None,None,-0.0624,None,None,2025-10-28,quarterly,-0.3,USD,pre-market,None,-85344000,0.0131,-0.078,0.041,24.44,None,4222823000,227693000,None,36.91,37.85,0.0,6427567000,669735000,641759000,5385758000,5757832000,4743999000,2017041000,1041809000,None,38.31,34.61
2025-12-28,FYBR,-1.53,6106000000.0,None,0.946,18.77,328000000,None,263749000,263749000,-14000000,-314000000,None,None,None,None,None,None,85989000,22778000,None,677026000,677026000,140494000,None,None,203070000,None,None,520204000,420000000,None,None,None,-0.595,0.0,601947000,1122151000,-0.3,2019-12-31,133.33,1921465000,3972000000.0,1340015000,263212000,75270000,558733000,558733000,None,338735000,None,None,None,None,None,None,None,-162000000,None,None,None,0.0929,405000000,751047000,588968000,202915999,267796000,None,None,None,None,None,None,None,2.031,1.563,None,None,None,None,None,None,None,-0.0624,None,None,2025-10-28,quarterly,-0.3,None,pre-market,None,-85344000,0.0131,-0.078,0.041,24.44,None,4222823000,227693000,None,36.91,37.85,0.0,6427567000,669735000,641759000,5385758000,5757832000,4743999000,2017041000,1041809000,None,38.31,34.61
2025-12-28,FYBR,-1.53,6106000000.0,None,0.946,18.77,318000000,None,263749000,263749000,485000000,-315000000,None,None,None,None,None,None,85989000,22778000,None,677026000,677026000,140494000,None,None,203070000,None,None,520204000,422000000,None,None,None,-0.595,0.0,601947000,1122151000,-0.3,2019-09-30,133.33,1921465000,3972000000.0,1340015000,263212000,75270000,558733000,558733000,None,338735000,None,None,None,None,None,None,None,-345000000,None,None,None,0.0929,246000000,751047000,588968000,202915999,267796000,None,None,None,None,None,None,None,2.031,1.563,None,None,None,None,None,None,None,-0.0624,None,None,2025-10-28,quarterly,-0.3,None,pre-market,None,-85344000,0.0131,-0.078,0.041,24.44,None,4222823000,227693000,None,36.91,37.85,0.0,6427567000,669735000,641759000,5385758000,5757832000,4743999000,2017041000,1041809000,None,38.31,34.61
2025-12-28,FYBR,-1.53,6106000000.0,None,0.946,18.77,275000000,None,263749000,263749000,-153000000,-274000000,None,None,None,None,None,None,85989000,22778000,None,677026000,677026000,140494000,None,None,203070000,None,None,520204000,454000000,None,None,None,-0.595,0.0,601947000,1122151000,-0.3,2019-06-30,133.33,1921465000,3972000000.0,1340015000,263212000,75270000,558733000,558733000,None,338735000,None,None,None,None,None,None,None,-5317000000,None,None,None,0.0929,575000000,751047000,588968000,202915999,267796000,None,None,None,None,None,None,None,2.031,1.563,None,None,None,None,None,None,None,-0.0624,None,None,2025-10-28,quarterly,-0.3,None,pre-market,None,-85344000,0.0131,-0.078,0.041,24.44,None,4222823000,227693000,None,36.91,37.85,0.0,6427567000,669735000,641759000,5385758000,5757832000,4743999000,2017041000,1041809000,None,38.31,34.61
2025-12-28,FYBR,-1.53,6106000000.0,None,0.946,18.77,305000000,None,263749000,263749000,-286000000,-231000000,None,None,None,None,None,None,85989000,22778000,None,677026000,677026000,140494000,None,None,203070000,None,None,520204000,484000000,None,None,None,-0.595,0.0,601947000,1122151000,-0.3,2019-03-31,133.33,1921465000,3972000000.0,1340015000,263212000,75270000,558733000,558733000,None,338735000,None,None,None,None,None,None,None,-87000000,None,None,None,0.0929,282000000,751047000,588968000,202915999,267796000,None,None,None,None,None,None,None,2.031,1.563,None,None,None,None,None,None,None,-0.0624,None,None,2025-10-28,quarterly,-0.3,USD,pre-market,None,-85344000,0.0131,-0.078,0.041,24.44,None,4222823000,227693000,None,36.91,37.85,0.0,6427567000,669735000,641759000,5385758000,5757832000,4743999000,2017041000,1041809000,None,38.31,34.61
2025-12-28,FYBR,-1.53,6106000000.0,None,0.946,18.77,245000000,None,263749000,263749000,-243000000,-244000000,None,None,None,None,None,None,85989000,22778000,None,677026000,677026000,140494000,None,None,203070000,None,None,520204000,492000000,None,None,None,-0.595,0.0,601947000,1122151000,-0.3,2018-12-31,133.33,1921465000,3972000000.0,1340015000,263212000,75270000,558733000,558733000,None,338735000,None,None,None,None,None,None,None,-219000000,None,None,None,0.0929,603000000,751047000,588968000,202915999,267796000,None,None,None,None,None,None,None,2.031,1.563,None,None,None,None,None,None,None,-0.0624,None,None,2025-10-28,quarterly,-0.3,None,pre-market,None,-85344000,0.0131,-0.078,0.041,24.44,None,4222823000,227693000,None,36.91,37.85,0.0,6427567000,669735000,641759000,5385758000,5757832000,4743999000,2017041000,1041809000,None,38.31,34.61
2025-12-28,FYBR,-1.53,6106000000.0,None,0.946,18.77,329000000,None,263749000,263749000,-117000000,-315000000,None,None,None,None,None,None,85989000,22778000,None,677026000,677026000,140494000,None,None,203070000,None,None,520204000,471000000,54000000,54000000,None,-0.595,0.0,601947000,1122151000,-0.3,2018-09-30,133.33,1921465000,3972000000.0,1340015000,263212000,75270000,558733000,558733000,None,338735000,None,None,None,None,None,None,None,-426000000,None,None,None,0.0929,286000000,751047000,588968000,202915999,267796000,None,None,None,None,None,None,None,2.031,1.563,None,None,None,None,None,None,None,-0.0624,None,None,2025-10-28,quarterly,-0.3,None,pre-market,None,-85344000,0.0131,-0.078,0.041,24.44,None,4222823000,227693000,None,36.91,37.85,0.0,6427567000,669735000,641759000,5385758000,5757832000,4743999000,2017041000,1041809000,None,38.31,34.61
2025-12-28,FYBR,-1.53,6106000000.0,None,0.946,18.77,321000000,None,263749000,263749000,-111000000,-328000000,None,None,None,None,None,None,85989000,22778000,None,677026000,677026000,140494000,None,None,203070000,None,None,520204000,486000000,None,None,None,-0.595,0.0,601947000,1122151000,-0.3,2018-06-30,133.33,1921465000,3972000000.0,1340015000,263212000,75270000,558733000,558733000,None,338735000,None,None,None,None,None,None,None,-18000000,None,None,None,0.0929,672000000,751047000,588968000,202915999,267796000,None,None,None,None,None,None,None,2.031,1.563,None,None,None,None,None,None,None,-0.0624,None,None,2025-10-28,quarterly,-0.3,None,pre-market,None,-85344000,0.0131,-0.078,0.041,24.44,None,4222823000,227693000,None,36.91,37.85,0.0,6427567000,669735000,641759000,5385758000,5757832000,4743999000,2017041000,1041809000,None,38.31,34.61
2025-12-28,FYBR,-1.53,6106000000.0,None,0.946,18.77,297000000,None,263749000,263749000,-137000000,-289000000,None,None,None,None,None,None,85989000,22778000,None,677026000,677026000,140494000,None,None,203070000,None,None,520204000,505000000,53000000,53000000,None,-0.595,0.0,601947000,1122151000,-0.3,2018-03-31,133.33,1921465000,3972000000.0,1340015000,263212000,75270000,558733000,558733000,None,338735000,None,None,None,None,None,None,None,20000000,None,None,None,0.0929,251000000,751047000,588968000,202915999,267796000,None,None,None,None,None,None,None,2.031,1.563,None,None,None,None,None,None,None,-0.0624,None,None,2025-10-28,quarterly,-0.3,USD,pre-market,None,-85344000,0.0131,-0.078,0.041,24.44,None,4222823000,227693000,None,36.91,37.85,0.0,6427567000,669735000,641759000,5385758000,5757832000,4743999000,2017041000,1041809000,None,38.31,34.61
2025-12-28,FYBR,-1.53,6106000000.0,None,0.946,18.77,323000000,None,263749000,263749000,-271000000,-304000000,None,None,None,None,None,None,85989000,22778000,None,677026000,677026000,140494000,None,None,203070000,None,None,520204000,514000000,100000000,100000000,None,-0.595,0.0,601947000,1122151000,-0.3,2017-12-31,133.33,1921465000,3972000000.0,1340015000,263212000,75270000,558733000,558733000,None,338735000,None,None,None,None,None,None,None,-1029000000,None,None,None,0.0929,665000000,751047000,588968000,202915999,267796000,None,None,None,None,None,None,None,2.031,1.563,None,None,None,None,None,None,None,-0.0624,None,None,2025-10-28,quarterly,-0.3,None,pre-market,None,-85344000,0.0131,-0.078,0.041,24.44,None,4222823000,227693000,None,36.91,37.85,0.0,6427567000,669735000,641759000,5385758000,5757832000,4743999000,2017041000,1041809000,None,38.31,34.61
2025-12-28,FYBR,-1.53,6106000000.0,None,0.946,18.77,282000000,None,263749000,263749000,-191000000,-266000000,None,None,None,None,None,None,85989000,22778000,None,677026000,677026000,140494000,None,None,203070000,None,None,520204000,539000000,101000000,101000000,None,-0.595,0.0,601947000,1122151000,-0.3,2017-09-30,133.33,1921465000,3972000000.0,1340015000,263212000,75270000,558733000,558733000,None,338735000,None,None,None,None,None,None,None,-38000000,None,None,None,0.0929,356000000,751047000,588968000,202915999,267796000,None,None,None,None,None,None,None,2.031,1.563,None,None,None,None,None,None,None,-0.0624,None,None,2025-10-28,quarterly,-0.3,USD,pre-market,None,-85344000,0.0131,-0.078,0.041,24.44,None,4222823000,227693000,None,36.91,37.85,0.0,6427567000,669735000,641759000,5385758000,5757832000,4743999000,2017041000,1041809000,None,38.31,34.61
2025-12-28,FYBR,-1.53,6106000000.0,None,0.946,18.77,267000000,None,263749000,263749000,-242000000,-241000000,None,None,None,None,None,None,85989000,22778000,None,677026000,677026000,140494000,None,None,203070000,None,None,520204000,552000000,101000000,101000000,None,-0.595,0.0,601947000,1122151000,-0.3,2017-06-30,133.33,1921465000,3972000000.0,1340015000,263212000,75270000,558733000,558733000,None,338735000,None,None,None,None,None,None,None,-662000000,None,None,None,0.0929,529000000,751047000,588968000,202915999,267796000,None,None,None,None,None,None,None,2.031,1.563,None,None,None,None,None,None,None,-0.0624,None,None,2025-10-28,quarterly,-0.3,USD,pre-market,None,-85344000,0.0131,-0.078,0.041,24.44,None,4222823000,227693000,None,36.91,37.85,0.0,6427567000,669735000,641759000,5385758000,5757832000,4743999000,2017041000,1041809000,None,38.31,34.61
2025-12-28,FYBR,-1.53,6106000000.0,None,0.946,18.77,316000000,None,263749000,263749000,-238000000,-243000000,None,None,None,None,None,None,85989000,22778000,None,677026000,677026000,140494000,None,None,203070000,None,None,520204000,579000000,178000000,178000000,None,-0.595,0.0,601947000,1122151000,-0.3,2017-03-31,133.33,1921465000,3972000000.0,1340015000,263212000,75270000,558733000,558733000,None,338735000,None,None,None,None,None,None,None,-75000000,None,None,None,0.0929,300000000,751047000,588968000,202915999,267796000,None,None,None,None,None,None,None,2.031,1.563,None,None,None,None,None,None,None,-0.0624,None,None,2025-10-28,quarterly,-0.3,None,pre-market,None,-85344000,0.0131,-0.078,0.041,24.44,None,4222823000,227693000,None,36.91,37.85,0.0,6427567000,669735000,641759000,5385758000,5757832000,4743999000,2017041000,1041809000,None,38.31,34.61
2025-12-28,FYBR,-1.53,6106000000.0,None,0.946,18.77,342000000,None,263749000,263749000,-209000000,-314000000,None,None,None,None,None,None,85989000,22778000,None,677026000,677026000,140494000,None,None,203070000,None,None,520204000,562000000,176000000,176000000,None,-0.595,0.0,601947000,1122151000,-0.3,2016-12-31,133.33,1921465000,3972000000.0,1340015000,263212000,75270000,558733000,558733000,None,338735000,None,None,None,None,None,None,None,-80000000,None,None,None,0.0929,714000000,751047000,588968000,202915999,267796000,None,None,None,None,None,None,None,2.031,1.563,None,None,None,None,None,None,None,-0.0624,None,None,2025-10-28,quarterly,-0.3,None,pre-market,None,-85344000,0.0131,-0.078,0.041,24.44,None,4222823000,227693000,None,36.91,37.85,0.0,6427567000,669735000,641759000,5385758000,5757832000,4743999000,2017041000,1041809000,None,38.31,34.61
2025-12-28,FYBR,-1.53,6106000000.0,None,0.946,18.77,414000000,None,263749000,263749000,-253000000,-420000000,None,None,None,None,None,None,85989000,22778000,None,677026000,677026000,140494000,None,None,203070000,None,None,520204000,578000000,178000000,178000000,None,-0.595,0.0,601947000,1122151000,-0.3,2016-09-30,133.33,1921465000,3972000000.0,1340015000,263212000,75270000,558733000,558733000,None,338735000,None,None,None,None,None,None,None,-81000000,None,None,None,0.0929,321000000,751047000,588968000,202915999,267796000,None,None,None,None,None,None,None,2.031,1.563,None,None,None,None,None,None,None,-0.0624,None,None,2025-10-28,quarterly,-0.3,None,pre-market,None,-85344000,0.0131,-0.078,0.041,24.44,None,4222823000,227693000,None,36.91,37.85,0.0,6427567000,669735000,641759000,5385758000,5757832000,4743999000,2017041000,1041809000,None,38.31,34.61
2025-12-28,FYBR,-1.53,6106000000.0,None,0.946,18.77,386000000,None,263749000,263749000,1404000000,-10266000000,None,None,None,None,None,None,85989000,22778000,None,677026000,677026000,140494000,None,None,203070000,None,None,520204000,575000000,176000000,176000000,None,-0.595,0.0,601947000,1122151000,-0.3,2016-06-30,133.33,1921465000,3972000000.0,1340015000,263212000,75270000,558733000,558733000,None,338735000,None,None,None,None,None,None,None,-27000000,None,None,None,0.0929,693000000,751047000,588968000,202915999,267796000,None,None,None,None,None,None,None,2.031,1.563,None,None,None,None,None,None,None,-0.0624,None,None,2025-10-28,quarterly,-0.3,None,pre-market,None,-85344000,0.0131,-0.078,0.041,24.44,None,4222823000,227693000,None,36.91,37.85,0.0,6427567000,669735000,641759000,5385758000,5757832000,4743999000,2017041000,1041809000,None,38.31,34.61
2025-12-28,FYBR,-1.53,6106000000.0,None,0.946,18.77,259000000,None,263749000,263749000,-217000000,-259000000,None,None,None,None,None,None,85989000,22778000,None,677026000,677026000,140494000,None,None,203070000,None,None,520204000,316000000,177000000,177000000,None,-0.595,0.0,601947000,1122151000,-0.3,2016-03-31,133.33,1921465000,3972000000.0,1340015000,263212000,75270000,558733000,558733000,None,338735000,None,None,None,None,None,None,None,-186000000,None,None,None,0.0929,-52000000,751047000,588968000,202915999,267796000,None,None,None,None,None,None,None,2.031,1.563,None,None,None,None,None,-10000000,None,-0.0624,None,None,2025-10-28,quarterly,-0.3,None,pre-market,None,-85344000,0.0131,-0.078,0.041,24.44,None,4222823000,227693000,None,36.91,37.85,0.0,6427567000,669735000,641759000,5385758000,5757832000,4743999000,2017041000,1041809000,None,38.31,34.61
2025-12-28,FYBR,-1.53,6106000000.0,None,0.946,18.77,237000000,None,263749000,263749000,-200000000,8229000000,None,None,None,None,None,None,85989000,22778000,None,677026000,677026000,140494000,None,None,203070000,None,None,520204000,319000000,176000000,176000000,None,-0.595,0.0,601947000,1122151000,-0.3,2015-12-31,133.33,1921465000,3972000000.0,1340015000,263212000,75270000,558733000,558733000,None,338735000,None,None,None,None,None,None,None,-103000000,None,None,None,0.0929,340000000,751047000,588968000,202915999,267796000,None,None,None,None,None,None,None,2.031,1.563,None,None,None,None,None,None,None,-0.0624,None,None,2025-10-28,quarterly,-0.3,None,pre-market,None,-85344000,0.0131,-0.078,0.041,24.44,None,4222823000,227693000,None,36.91,37.85,0.0,6427567000,669735000,641759000,5385758000,5757832000,4743999000,2017041000,1041809000,None,38.31,34.61
2025-12-28,FYBR,-1.53,6106000000.0,None,0.946,18.77,240000000,None,263749000,263749000,6270000000,-6850000000,None,None,None,None,None,None,85989000,22778000,None,677026000,677026000,140494000,None,None,203070000,None,None,520204000,325000000,189000000,189000000,None,-0.595,0.0,601947000,1122151000,-0.3,2015-09-30,133.33,1921465000,3972000000.0,1340015000,263212000,75270000,558733000,558733000,None,338735000,None,None,None,None,None,None,None,-14000000,None,None,None,0.0929,345000000,751047000,588968000,202915999,267796000,None,None,None,None,None,None,None,2.031,1.563,None,None,None,None,None,None,None,-0.0624,None,None,2025-10-28,quarterly,-0.3,USD,pre-market,None,-85344000,0.0131,-0.078,0.041,24.44,None,4222823000,227693000,None,36.91,37.85,0.0,6427567000,669735000,641759000,5385758000,5757832000,4743999000,2017041000,1041809000,None,38.31,34.61
2025-12-28,FYBR,-1.53,6106000000.0,None,0.946,18.77,206000000,None,263749000,263749000,2438000000,-2068000000,None,None,None,None,None,None,85989000,22778000,None,677026000,677026000,140494000,None,None,203070000,None,None,520204000,335000000,106000000,106000000,None,-0.595,0.0,601947000,1122151000,-0.3,2015-06-30,133.33,1921465000,3972000000.0,1340015000,263212000,75270000,558733000,558733000,None,338735000,None,None,None,None,None,None,None,-28000000,None,None,None,0.0929,367000000,751047000,588968000,202915999,267796000,None,None,None,None,None,None,None,2.031,1.563,None,None,None,None,None,None,None,-0.0624,None,None,2025-10-28,quarterly,-0.3,None,pre-market,None,-85344000,0.0131,-0.078,0.041,24.44,None,4222823000,227693000,None,36.91,37.85,0.0,6427567000,669735000,641759000,5385758000,5757832000,4743999000,2017041000,1041809000,None,38.31,34.61
2025-12-28,FYBR,-1.53,6106000000.0,None,0.946,18.77,180000000,None,263749000,263749000,-233000000,-189000000,None,None,None,None,None,None,85989000,22778000,None,677026000,677026000,140494000,None,None,203070000,None,None,520204000,341000000,105000000,105000000,None,-0.595,0.0,601947000,1122151000,-0.3,2015-03-31,133.33,1921465000,3972000000.0,1340015000,263212000,75270000,558733000,558733000,None,338735000,None,None,None,None,None,None,None,-51000000,None,None,None,0.0929,249000000,751047000,588968000,202915999,267796000,None,None,None,None,None,None,None,2.031,1.563,None,None,None,None,None,None,None,-0.0624,None,None,2025-10-28,quarterly,-0.3,None,pre-market,None,-85344000,0.0131,-0.078,0.041,24.44,None,4222823000,227693000,None,36.91,37.85,0.0,6427567000,669735000,641759000,5385758000,5757832000,4743999000,2017041000,1041809000,None,38.31,34.61
2025-12-28,FYBR,-1.53,6106000000.0,None,0.946,18.77,193000000,None,263749000,263749000,234000000,-688000000,None,None,None,None,None,None,85989000,22778000,None,677026000,677026000,140494000,None,None,203070000,None,None,520204000,323000000,143000,143000,None,-0.595,0.0,601947000,1122151000,-0.3,2014-12-31,133.33,1921465000,3972000000.0,1340015000,263212000,75270000,558733000,558733000,None,338735000,None,None,None,None,None,None,None,14000000,None,None,None,0.0929,328000000,751047000,588968000,202915999,267796000,None,None,None,None,None,None,None,2.031,1.563,None,None,None,None,None,None,None,-0.0624,None,None,2025-10-28,quarterly,-0.3,None,pre-market,None,-85344000,0.0131,-0.078,0.041,24.44,None,4222823000,227693000,None,36.91,37.85,0.0,6427567000,669735000,641759000,5385758000,5757832000,4743999000,2017041000,1041809000,None,38.31,34.61
2025-12-28,FYBR,-1.53,6106000000.0,None,0.946,18.77,192000000,None,263749000,263749000,1401000000,-1695000000,None,None,None,None,None,None,85989000,22778000,None,677026000,677026000,140494000,None,None,203070000,None,None,520204000,261000000,101000000,101000000,None,-0.595,0.0,601947000,1122151000,-0.3,2014-09-30,133.33,1921465000,3972000000.0,1340015000,263212000,75270000,558733000,558733000,None,338735000,None,None,None,None,None,None,None,42000000,None,None,None,0.0929,301000000,751047000,588968000,202915999,267796000,None,None,None,None,None,None,None,2.031,1.563,None,None,None,None,None,None,None,-0.0624,None,None,2025-10-28,quarterly,-0.3,USD,pre-market,None,-85344000,0.0131,-0.078,0.041,24.44,None,4222823000,227693000,None,36.91,37.85,0.0,6427567000,669735000,641759000,5385758000,5757832000,4743999000,2017041000,1041809000,None,38.31,34.61
2025-12-28,FYBR,-1.53,6106000000.0,None,0.946,18.77,158000000,None,263749000,263749000,-322000000,-159000000,None,None,None,None,None,None,85989000,22778000,None,677026000,677026000,140494000,None,None,203070000,None,None,520204000,274000000,100000000,100000000,None,-0.595,0.0,601947000,1122151000,-0.3,2014-06-30,133.33,1921465000,3972000000.0,1340015000,263212000,75270000,558733000,558733000,None,338735000,None,None,None,None,None,None,None,38000000,None,None,None,0.0929,328000000,751047000,588968000,202915999,267796000,None,None,None,None,None,None,None,2.031,1.563,None,None,None,None,None,None,None,-0.0624,None,None,2025-10-28,quarterly,-0.3,USD,pre-market,None,-85344000,0.0131,-0.078,0.041,24.44,None,4222823000,227693000,None,36.91,37.85,0.0,6427567000,669735000,641759000,5385758000,5757832000,4743999000,2017041000,1041809000,None,38.31,34.61
2025-12-28,FYBR,-1.53,6106000000.0,None,0.946,18.77,145000000,None,263749000,263749000,-105000000,-134000000,None,None,None,None,None,None,85989000,22778000,None,677026000,677026000,140494000,None,None,203070000,None,None,520204000,281407000,100000000,100000000,None,-0.595,0.0,601947000,1122151000,-0.3,2014-03-31,133.33,1921465000,3972000000.0,1340015000,263212000,75270000,558733000,558733000,None,338735000,None,None,None,None,None,None,None,39274000,None,None,None,0.0929,313000000,751047000,588968000,202915999,267796000,None,None,None,None,None,None,None,2.031,1.563,None,None,None,None,None,None,None,-0.0624,None,None,2025-10-28,quarterly,-0.3,None,pre-market,None,-85344000,0.0131,-0.078,0.041,24.44,None,4222823000,227693000,None,36.91,37.85,0.0,6427567000,669735000,641759000,5385758000,5757832000,4743999000,2017041000,1041809000,None,38.31,34.61
2025-12-28,FYBR,-1.53,6106000000.0,None,0.946,18.77,150603000,None,263749000,263749000,-114798000,-86446000,None,None,None,None,None,None,85989000,22778000,None,677026000,677026000,140494000,None,None,203070000,None,None,520204000,282275000,99946000,99946000,None,-0.595,0.0,601947000,1122151000,-0.3,2013-12-31,133.33,1921465000,3972000000.0,1340015000,263212000,75270000,558733000,558733000,None,338735000,None,None,None,None,None,None,None,67755000,None,None,None,0.0929,420286000,751047000,588968000,202915999,267796000,None,None,None,None,None,None,None,2.031,1.563,None,None,None,None,None,None,None,-0.0624,None,None,2025-10-28,quarterly,-0.3,None,pre-market,None,-85344000,0.0131,-0.078,0.041,24.44,None,4222823000,227693000,None,36.91,37.85,0.0,6427567000,669735000,641759000,5385758000,5757832000,4743999000,2017041000,1041809000,None,38.31,34.61
2025-12-28,FYBR,-1.53,6106000000.0,None,0.946,18.77,157560000,None,263749000,263749000,-114711000,-167556000,None,None,None,None,None,None,85989000,22778000,None,677026000,677026000,140494000,None,None,203070000,None,None,520204000,285701000,99956000,99956000,None,-0.595,0.0,601947000,1122151000,-0.3,2013-09-30,133.33,1921465000,3972000000.0,1340015000,263212000,75270000,558733000,558733000,None,338735000,None,None,None,None,None,None,None,35400000,None,None,None,0.0929,394634000,751047000,588968000,202915999,267796000,None,None,None,None,None,None,None,2.031,1.563,None,None,None,None,None,None,None,-0.0624,None,None,2025-10-28,quarterly,-0.3,USD,pre-market,None,-85344000,0.0131,-0.078,0.041,24.44,None,4222823000,227693000,None,36.91,37.85,0.0,6427567000,669735000,641759000,5385758000,5757832000,4743999000,2017041000,1041809000,None,38.31,34.61
2025-12-28,FYBR,-1.53,6106000000.0,None,0.946,18.77,137513000,None,263749000,263749000,-545898000,-104182000,None,None,None,None,None,None,85989000,22778000,None,677026000,677026000,140494000,None,None,203070000,None,None,520204000,297849000,100054000,100054000,None,-0.595,0.0,601947000,1122151000,-0.3,2013-06-30,133.33,1921465000,3972000000.0,1340015000,263212000,75270000,558733000,558733000,None,338735000,None,None,None,None,None,None,None,-38460000,None,None,None,0.0929,321415000,751047000,588968000,202915999,267796000,None,None,None,None,None,None,None,2.031,1.563,None,None,None,None,None,None,None,-0.0624,None,None,2025-10-28,quarterly,-0.3,USD,pre-market,None,-85344000,0.0131,-0.078,0.041,24.44,None,4222823000,227693000,None,36.91,37.85,0.0,6427567000,669735000,641759000,5385758000,5757832000,4743999000,2017041000,1041809000,None,38.31,34.61
2025-12-28,FYBR,-1.53,6106000000.0,None,0.946,18.77,189009000,None,263749000,263749000,-624220000,-184309000,None,None,None,None,None,None,85989000,22778000,None,677026000,677026000,140494000,None,None,203070000,None,None,520204000,303675000,99812000,99812000,None,-0.595,0.0,601947000,1122151000,-0.3,2013-03-31,133.33,1921465000,3972000000.0,1340015000,263212000,75270000,558733000,558733000,None,338735000,None,None,None,None,None,None,None,48140000,None,None,None,0.0929,359292000,751047000,588968000,202915999,267796000,None,None,None,None,None,None,None,2.031,1.563,None,None,None,None,None,None,None,-0.0624,None,None,2025-10-28,quarterly,-0.3,USD,pre-market,None,-85344000,0.0131,-0.078,0.041,24.44,None,4222823000,227693000,None,36.91,37.85,0.0,6427567000,669735000,641759000,5385758000,5757832000,4743999000,2017041000,1041809000,None,38.31,34.61
2025-12-28,FYBR,-1.53,6106000000.0,None,0.946,18.77,192629000,None,263749000,263749000,-57844000,-107301000,None,None,None,None,None,None,85989000,22778000,None,677026000,677026000,140494000,None,None,203070000,None,None,520204000,304044000,99843000,99843000,None,-0.595,0.0,601947000,1122151000,-0.3,2012-12-31,133.33,1921465000,3972000000.0,1340015000,263212000,75270000,558733000,558733000,None,338735000,None,None,None,None,None,None,None,24879000,None,None,None,0.0929,392188000,751047000,588968000,202915999,267796000,None,None,None,None,None,None,None,2.031,1.563,None,None,None,None,None,None,None,-0.0624,None,None,2025-10-28,quarterly,-0.3,None,pre-market,None,-85344000,0.0131,-0.078,0.041,24.44,None,4222823000,227693000,None,36.91,37.85,0.0,6427567000,669735000,641759000,5385758000,5757832000,4743999000,2017041000,1041809000,None,38.31,34.61
2025-12-28,FYBR,-1.53,6106000000.0,None,0.946,18.77,0,None,263749000,263749000,-2731000,None,None,None,None,None,None,None,85989000,22778000,None,677026000,677026000,140494000,None,None,203070000,None,None,520204000,None,2731000,2731000,None,-0.595,0.0,601947000,1122151000,-0.3,2012-03-31,133.33,1921465000,3972000000.0,1340015000,263212000,75270000,558733000,558733000,None,338735000,None,None,None,None,None,None,None,None,None,None,None,0.0929,None,751047000,588968000,202915999,267796000,None,None,None,None,None,None,None,2.031,1.563,None,None,None,None,None,None,None,-0.0624,None,None,2025-10-28,quarterly,-0.3,USD,pre-market,None,-85344000,0.0131,-0.078,0.041,24.44,None,4222823000,227693000,None,36.91,37.85,0.0,6427567000,669735000,641759000,5385758000,5757832000,4743999000,2017041000,1041809000,None,38.31,34.61
2025-12-28,FYBR,-1.53,6106000000.0,None,0.946,18.77,0,None,263749000,263749000,-865000,None,None,None,None,None,None,None,85989000,22778000,None,677026000,677026000,140494000,None,None,203070000,None,None,520204000,None,865000,865000,None,-0.595,0.0,601947000,1122151000,-0.3,2011-09-30,133.33,1921465000,3972000000.0,1340015000,263212000,75270000,558733000,558733000,None,338735000,None,None,None,None,None,None,None,28995000,None,None,None,0.0929,28995000,751047000,588968000,202915999,267796000,None,None,None,None,None,None,None,2.031,1.563,None,None,None,None,None,None,None,-0.0624,None,None,2025-10-28,quarterly,-0.3,USD,pre-market,None,-85344000,0.0131,-0.078,0.041,24.44,None,4222823000,227693000,None,36.91,37.85,0.0,6427567000,669735000,641759000,5385758000,5757832000,4743999000,2017041000,1041809000,None,38.31,34.61
2025-12-28,FYBR,-1.53,6106000000.0,None,0.946,18.77,0,None,263749000,263749000,-955000,None,None,None,None,None,None,None,85989000,22778000,None,677026000,677026000,140494000,None,None,203070000,None,None,520204000,None,955000,955000,None,-0.595,0.0,601947000,1122151000,-0.3,2011-06-30,133.33,1921465000,3972000000.0,1340015000,263212000,75270000,558733000,558733000,None,338735000,None,None,None,None,None,None,None,32261000,None,None,None,0.0929,32261000,751047000,588968000,202915999,267796000,None,None,None,None,None,None,None,2.031,1.563,None,None,None,None,None,None,None,-0.0624,None,None,2025-10-28,quarterly,-0.3,USD,pre-market,None,-85344000,0.0131,-0.078,0.041,24.44,None,4222823000,227693000,None,36.91,37.85,0.0,6427567000,669735000,641759000,5385758000,5757832000,4743999000,2017041000,1041809000,None,38.31,34.61
2025-12-28,FYBR,-1.53,6106000000.0,None,0.946,18.77,2783000000,None,263749000,263749000,-268000000,-1681000000,None,None,None,None,None,None,85989000,22778000,None,677026000,677026000,140494000,None,None,203070000,None,None,520204000,1625000000,None,None,None,-0.595,0.0,601947000,1122151000,-0.3,2024-12-31,133.33,1921465000,3972000000.0,1340015000,263212000,75270000,558733000,558733000,None,338735000,None,None,None,None,None,None,None,-322000000,None,None,None,0.0929,1621000000,751047000,588968000,202915999,267796000,None,None,None,None,None,None,None,2.031,1.563,None,None,None,None,None,-65000000,None,-0.0624,None,None,2025-10-28,annual,-0.3,USD,pre-market,None,-85344000,0.0131,-0.078,0.041,24.44,None,4222823000,227693000,None,36.91,37.85,0.0,6427567000,669735000,641759000,5385758000,5757832000,4743999000,2017041000,1041809000,None,38.31,34.61
2025-12-28,FYBR,-1.53,6106000000.0,None,0.946,18.77,3211000000,None,263749000,263749000,2129000000,-2556000000,None,None,None,None,None,None,85989000,22778000,None,677026000,677026000,140494000,None,None,203070000,None,None,520204000,1415000000,None,None,None,-0.595,0.0,601947000,1122151000,-0.3,2023-12-31,133.33,1921465000,3972000000.0,1340015000,263212000,75270000,558733000,558733000,None,338735000,None,None,None,None,None,None,None,29000000,None,None,None,0.0929,1344000000,751047000,588968000,202915999,267796000,None,None,None,None,None,None,None,2.031,1.563,None,None,None,None,None,-9000000,None,-0.0624,None,None,2025-10-28,annual,-0.3,USD,pre-market,None,-85344000,0.0131,-0.078,0.041,24.44,None,4222823000,227693000,None,36.91,37.85,0.0,6427567000,669735000,641759000,5385758000,5757832000,4743999000,2017041000,1041809000,None,38.31,34.61
2025-12-28,FYBR,-1.53,6106000000.0,None,0.946,18.77,2738000000,None,263749000,263749000,1211000000,-4468000000,-1856000000,None,None,None,None,-7000000,85989000,22778000,None,677026000,677026000,140494000,None,None,203070000,None,None,520204000,1182000000,None,None,None,-0.595,0.0,601947000,1122151000,-0.3,2022-12-31,133.33,1921465000,3972000000.0,1340015000,263212000,75270000,558733000,558733000,None,338735000,None,None,None,None,None,None,None,441000000,None,None,None,0.0929,1401000000,751047000,588968000,202915999,267796000,None,None,None,None,None,None,None,2.031,1.563,None,None,None,None,None,-8000000,None,-0.0624,None,None,2025-10-28,annual,-0.3,USD,pre-market,None,-85344000,0.0131,-0.078,0.041,24.44,None,4222823000,227693000,None,36.91,37.85,0.0,6427567000,669735000,641759000,5385758000,5757832000,4743999000,2017041000,1041809000,None,38.31,34.61
2025-12-28,FYBR,-1.53,6106000000.0,None,0.946,18.77,1705000000,None,263749000,263749000,1177000000,-1683000000,None,None,None,None,None,None,85989000,22778000,None,677026000,677026000,140494000,None,None,203070000,None,None,520204000,1240000000,None,None,None,-0.595,0.0,601947000,1122151000,-0.3,2021-12-31,133.33,1921465000,3972000000.0,1340015000,263212000,75270000,558733000,558733000,None,338735000,None,None,None,None,None,None,None,4955000000,None,None,None,0.0929,797000000,751047000,588968000,202915999,267796000,None,None,None,None,None,None,None,2.031,1.563,None,None,None,None,None,None,None,-0.0624,None,None,2025-10-28,annual,-0.3,USD,pre-market,None,-85344000,0.0131,-0.078,0.041,24.44,None,4222823000,227693000,None,36.91,37.85,0.0,6427567000,669735000,641759000,5385758000,5757832000,4743999000,2017041000,1041809000,None,38.31,34.61
2025-12-28,FYBR,-1.53,6106000000.0,None,0.946,18.77,1181000000,None,263749000,263749000,-893000000,-19000000,None,None,-33000000,None,None,None,85989000,22778000,None,677026000,677026000,140494000,None,None,203070000,None,None,520204000,1598000000,None,None,None,-0.595,0.0,601947000,1122151000,-0.3,2020-12-31,133.33,1921465000,3972000000.0,1340015000,263212000,75270000,558733000,558733000,None,338735000,None,None,None,None,None,None,None,-402000000,None,None,None,0.0929,1989000000,751047000,588968000,202915999,267796000,None,None,None,None,None,None,None,2.031,1.563,None,None,None,None,None,None,None,-0.0624,None,None,2025-10-28,annual,-0.3,USD,pre-market,None,-85344000,0.0131,-0.078,0.041,24.44,None,4222823000,227693000,None,36.91,37.85,0.0,6427567000,669735000,641759000,5385758000,5757832000,4743999000,2017041000,1041809000,None,38.31,34.61
2025-12-28,FYBR,-1.53,6106000000.0,None,0.946,18.77,1226000000,None,263749000,263749000,32000000,-1134000000,None,None,None,None,None,None,85989000,22778000,None,677026000,677026000,140494000,None,None,203070000,None,None,520204000,1780000000,None,None,None,-0.595,0.0,601947000,1122151000,-0.3,2019-12-31,133.33,1921465000,3972000000.0,1340015000,263212000,75270000,558733000,558733000,None,338735000,None,None,None,None,None,None,None,-5911000000,None,None,None,0.0929,1508000000,751047000,588968000,202915999,267796000,None,None,None,None,None,None,None,2.031,1.563,None,None,None,None,None,None,None,-0.0624,None,None,2025-10-28,annual,-0.3,USD,pre-market,None,-85344000,0.0131,-0.078,0.041,24.44,None,4222823000,227693000,None,36.91,37.85,0.0,6427567000,669735000,641759000,5385758000,5757832000,4743999000,2017041000,1041809000,None,38.31,34.61
2025-12-28,FYBR,-1.53,6106000000.0,None,0.946,18.77,1192000000,None,263749000,263749000,-608000000,-1176000000,None,None,None,None,None,None,85989000,22778000,None,677026000,677026000,140494000,None,None,203070000,None,None,520204000,1954000000,107000000,107000000,None,-0.595,0.0,601947000,1122151000,-0.3,2018-12-31,133.33,1921465000,3972000000.0,1340015000,263212000,75270000,558733000,558733000,None,338735000,None,None,None,None,None,None,None,-643000000,None,None,None,0.0929,1812000000,751047000,588968000,202915999,267796000,None,None,None,None,None,None,None,2.031,1.563,None,None,None,None,None,None,None,-0.0624,None,None,2025-10-28,annual,-0.3,USD,pre-market,None,-85344000,0.0131,-0.078,0.041,24.44,None,4222823000,227693000,None,36.91,37.85,0.0,6427567000,669735000,641759000,5385758000,5757832000,4743999000,2017041000,1041809000,None,38.31,34.61
2025-12-28,FYBR,-1.53,6106000000.0,None,0.946,18.77,1188000000,None,263749000,263749000,-942000000,-1054000000,None,None,None,None,None,None,85989000,22778000,None,677026000,677026000,140494000,None,None,203070000,None,None,520204000,2184000000,480000000,480000000,None,-0.595,0.0,601947000,1122151000,-0.3,2017-12-31,133.33,1921465000,3972000000.0,1340015000,263212000,75270000,558733000,558733000,None,338735000,None,None,None,None,None,None,None,-1806000000,None,None,None,0.0929,1850000000,751047000,588968000,202915999,267796000,None,None,None,None,None,None,None,2.031,1.563,None,None,None,None,None,None,None,-0.0624,None,None,2025-10-28,annual,-0.3,USD,pre-market,None,-85344000,0.0131,-0.078,0.041,24.44,None,4222823000,227693000,None,36.91,37.85,0.0,6427567000,669735000,641759000,5385758000,5757832000,4743999000,2017041000,1041809000,None,38.31,34.61
2025-12-28,FYBR,-1.53,6106000000.0,None,0.946,18.77,1401000000,None,263749000,263749000,735000000,-11259000000,None,None,None,None,None,None,85989000,22778000,None,677026000,677026000,140494000,None,None,203070000,None,None,520204000,2031000000,707000000,707000000,None,-0.595,0.0,601947000,1122151000,-0.3,2016-12-31,133.33,1921465000,3972000000.0,1340015000,263212000,75270000,558733000,558733000,None,338735000,None,None,None,None,None,None,None,-376000000,None,None,None,0.0929,1666000000,751047000,588968000,202915999,267796000,None,None,None,None,None,None,None,2.031,1.563,None,None,None,None,None,None,None,-0.0624,None,None,2025-10-28,annual,-0.3,USD,pre-market,None,-85344000,0.0131,-0.078,0.041,24.44,None,4222823000,227693000,None,36.91,37.85,0.0,6427567000,669735000,641759000,5385758000,5757832000,4743999000,2017041000,1041809000,None,38.31,34.61
2025-12-28,FYBR,-1.53,6106000000.0,None,0.946,18.77,863000000,None,263749000,263749000,8275000000,-878000000,None,None,None,None,None,None,85989000,22778000,None,677026000,677026000,140494000,None,None,203070000,None,None,520204000,1320000000,576000000,576000000,None,-0.595,0.0,601947000,1122151000,-0.3,2015-12-31,133.33,1921465000,3972000000.0,1340015000,263212000,75270000,558733000,558733000,None,338735000,None,None,None,None,None,None,None,-199000000,None,None,None,0.0929,1301000000,751047000,588968000,202915999,267796000,None,None,None,None,None,None,None,2.031,1.563,None,None,None,None,None,None,None,-0.0624,None,None,2025-10-28,annual,-0.3,None,pre-market,None,-85344000,0.0131,-0.078,0.041,24.44,None,4222823000,227693000,None,36.91,37.85,0.0,6427567000,669735000,641759000,5385758000,5757832000,4743999000,2017041000,1041809000,None,38.31,34.61
2025-12-28,FYBR,-1.53,6106000000.0,None,0.946,18.77,688000000,None,263749000,263749000,1208000000,-2675721000,None,None,None,None,None,None,85989000,22778000,None,677026000,677026000,140494000,None,None,203070000,None,None,520204000,1139000000,401000000,401000000,None,-0.595,0.0,601947000,1122151000,-0.3,2014-12-31,133.33,1921465000,3972000000.0,1340015000,263212000,75270000,558733000,558733000,None,338735000,None,None,None,None,None,None,None,133000000,None,None,None,0.0929,1270000000,751047000,588968000,202915999,267796000,None,None,None,None,None,None,None,2.031,1.563,None,None,None,None,None,None,None,-0.0624,None,None,2025-10-28,annual,-0.3,None,pre-market,None,-85344000,0.0131,-0.078,0.041,24.44,None,4222823000,227693000,None,36.91,37.85,0.0,6427567000,669735000,641759000,5385758000,5757832000,4743999000,2017041000,1041809000,None,38.31,34.61
2025-12-28,FYBR,-1.53,6106000000.0,None,0.946,18.77,635000000,None,263749000,263749000,-1400000000,-543000000,None,None,None,None,None,None,85989000,22778000,None,677026000,677026000,140494000,None,None,203070000,None,None,520204000,1170000000,400000000,400000000,None,-0.595,0.0,601947000,1122151000,-0.3,2013-12-31,133.33,1921465000,3972000000.0,1340015000,263212000,75270000,558733000,558733000,None,338735000,None,None,None,None,None,None,None,113000000,None,None,None,0.0929,1496000000,751047000,588968000,202915999,267796000,None,None,None,None,None,None,None,2.031,1.563,None,None,None,None,None,None,None,-0.0624,None,None,2025-10-28,annual,-0.3,None,pre-market,None,-85344000,0.0131,-0.078,0.041,24.44,None,4222823000,227693000,None,36.91,37.85,0.0,6427567000,669735000,641759000,5385758000,5757832000,4743999000,2017041000,1041809000,None,38.31,34.61
2025-12-28,FYBR,-1.53,6106000000.0,None,0.946,18.77,802504000,None,263749000,263749000,82904000,-634939000,None,None,None,None,None,None,85989000,22778000,None,677026000,677026000,140494000,None,None,203070000,None,None,520204000,1228807000,399390000,399390000,None,-0.595,0.0,601947000,1122151000,-0.3,2012-12-31,133.33,1921465000,3972000000.0,1340015000,263212000,75270000,558733000,558733000,None,338735000,None,None,None,None,None,None,None,133735000,None,None,None,0.0929,1552473000,751047000,588968000,202915999,267796000,None,None,None,None,None,None,None,2.031,1.563,None,None,None,None,None,None,None,-0.0624,None,None,2025-10-28,annual,-0.3,None,pre-market,None,-85344000,0.0131,-0.078,0.041,24.44,None,4222823000,227693000,None,36.91,37.85,0.0,6427567000,669735000,641759000,5385758000,5757832000,4743999000,2017041000,1041809000,None,38.31,34.61
2025-12-28,FYBR,-1.53,6106000000.0,None,0.946,18.77,824839000,None,263749000,263749000,-735178000,-762672000,None,None,None,None,None,None,85989000,22778000,None,677026000,677026000,140494000,None,None,203070000,None,None,520204000,1403175000,746387000,746387000,None,-0.595,0.0,601947000,1122151000,-0.3,2011-12-31,133.33,1921465000,3972000000.0,1340015000,263212000,75270000,558733000,558733000,None,338735000,None,None,None,None,None,None,None,145871000,None,None,None,0.0929,1572681000,751047000,588968000,202915999,267796000,None,None,None,None,None,None,None,2.031,1.563,None,None,None,None,None,None,None,-0.0624,None,None,2025-10-28,annual,-0.3,None,pre-market,None,-85344000,0.0131,-0.078,0.041,24.44,None,4222823000,227693000,None,36.91,37.85,0.0,6427567000,669735000,641759000,5385758000,5757832000,4743999000,2017041000,1041809000,None,38.31,34.61
2025-12-28,FYBR,-1.53,6106000000.0,None,0.946,18.77,577879000,None,263749000,263749000,-555655000,-773955000,None,None,None,None,None,None,85989000,22778000,None,677026000,677026000,140494000,None,None,203070000,None,None,520204000,893719000,529389000,529389000,None,-0.595,0.0,601947000,1122151000,-0.3,2010-12-31,133.33,1921465000,3972000000.0,1340015000,263212000,75270000,558733000,558733000,None,338735000,None,None,None,None,None,None,None,149601000,None,None,None,0.0929,1222180000,751047000,588968000,202915999,267796000,None,None,None,None,None,None,None,2.031,1.563,None,None,None,None,None,None,None,-0.0624,None,None,2025-10-28,annual,-0.3,None,pre-market,None,-85344000,0.0131,-0.078,0.041,24.44,None,4222823000,227693000,None,36.91,37.85,0.0,6427567000,669735000,641759000,5385758000,5757832000,4743999000,2017041000,1041809000,None,38.31,34.61
2025-12-28,FYBR,-1.53,6106000000.0,None,0.946,18.77,255965000,None,263749000,263749000,-292362000,-255292000,None,None,None,None,None,None,85989000,22778000,None,677026000,677026000,140494000,None,None,203070000,None,None,520204000,476391000,312366000,312366000,None,-0.595,0.0,601947000,1122151000,-0.3,2009-12-31,133.33,1921465000,3972000000.0,1340015000,263212000,75270000,558733000,558733000,None,338735000,None,None,None,None,None,None,None,118535000,None,None,None,0.0929,742720000,751047000,588968000,202915999,267796000,None,None,None,None,None,None,None,2.031,1.563,None,None,None,None,None,None,None,-0.0624,None,None,2025-10-28,annual,-0.3,None,pre-market,None,-85344000,0.0131,-0.078,0.041,24.44,None,4222823000,227693000,None,36.91,37.85,0.0,6427567000,669735000,641759000,5385758000,5757832000,4743999000,2017041000,1041809000,None,38.31,34.61
2025-12-28,FYBR,-1.53,6106000000.0,None,0.946,18.77,288264000,None,263749000,263749000,-519330000,-282775000,None,None,None,None,None,None,85989000,22778000,None,677026000,677026000,140494000,None,None,203070000,None,None,520204000,561801000,318437000,318437000,None,-0.595,0.0,601947000,1122151000,-0.3,2008-12-31,133.33,1921465000,3972000000.0,1340015000,263212000,75270000,558733000,558733000,None,338735000,None,None,None,None,None,None,None,182660000,None,None,None,0.0929,739266000,751047000,588968000,202915999,267796000,None,None,None,None,None,None,None,2.031,1.563,None,None,None,None,None,-200000000,None,-0.0624,None,None,2025-10-28,annual,-0.3,None,pre-market,None,-85344000,0.0131,-0.078,0.041,24.44,None,4222823000,227693000,None,36.91,37.85,0.0,6427567000,669735000,641759000,5385758000,5757832000,4743999000,2017041000,1041809000,None,38.31,34.61
2025-12-28,FYBR,-1.53,6106000000.0,None,0.946,18.77,315793000,None,263749000,263749000,-601611000,-1034712000,None,None,None,None,None,None,85989000,22778000,None,677026000,677026000,140494000,None,None,203070000,None,None,520204000,545856000,336025000,336025000,None,-0.595,0.0,601947000,1122151000,-0.3,2007-12-31,133.33,1921465000,3972000000.0,1340015000,263212000,75270000,558733000,558733000,None,338735000,None,None,None,None,None,None,None,214654000,None,None,None,0.0929,821683000,751047000,588968000,202915999,267796000,None,None,None,None,None,None,None,2.031,1.563,None,None,None,None,None,-250000000,None,-0.0624,None,None,2025-10-28,annual,-0.3,None,pre-market,None,-85344000,0.0131,-0.078,0.041,24.44,None,4222823000,227693000,None,36.91,37.85,0.0,6427567000,669735000,641759000,5385758000,5757832000,4743999000,2017041000,1041809000,None,38.31,34.61
2025-12-28,FYBR,-1.53,6106000000.0,None,0.946,18.77,268806000,None,263749000,263749000,-116615000,64789000,None,None,None,None,None,None,85989000,22778000,None,677026000,677026000,140494000,None,None,203070000,None,None,520204000,476487000,323671000,323671000,None,-0.595,0.0,601947000,1122151000,-0.3,2006-12-31,133.33,1921465000,3972000000.0,1340015000,263212000,75270000,558733000,558733000,None,338735000,None,None,None,None,None,None,None,254008000,None,None,None,0.0929,829183000,751047000,588968000,202915999,267796000,None,None,None,None,None,None,None,2.031,1.563,None,None,None,None,None,-135239000,None,-0.0624,None,None,2025-10-28,annual,-0.3,None,pre-market,None,-85344000,0.0131,-0.078,0.041,24.44,None,4222823000,227693000,None,36.91,37.85,0.0,6427567000,669735000,641759000,5385758000,5757832000,4743999000,2017041000,1041809000,None,38.31,34.61
2025-12-28,FYBR,-1.53,6106000000.0,None,0.946,18.77,259448000,None,263749000,263749000,-548775000,-174737000,None,None,None,None,None,None,85989000,22778000,None,677026000,677026000,140494000,None,None,203070000,None,None,520204000,520204000,338364000,338364000,None,-0.595,0.0,601947000,1122151000,-0.3,2005-12-31,133.33,1921465000,3972000000.0,1340015000,263212000,75270000,558733000,558733000,None,338735000,None,None,None,None,None,None,None,187942000,None,None,None,0.0929,819168000,751047000,588968000,202915999,267796000,None,None,None,None,None,None,None,2.031,1.563,None,None,None,None,None,-250000000,None,-0.0624,None,None,2025-10-28,annual,-0.3,None,pre-market,None,-85344000,0.0131,-0.078,0.041,24.44,None,4222823000,227693000,None,36.91,37.85,0.0,6427567000,669735000,641759000,5385758000,5757832000,4743999000,2017041000,1041809000,None,38.31,34.61
