date,symbol,eps,revenue_ttm,accumulateddepreciationamortizationppe,beta,book_value,capitalexpenditures,capitalleaseobligations,cashandcashequivalentsatcarryingvalue,cashandshortterminvestments,cashflowfromfinancing,cashflowfrominvestment,changeincashandcashequivalents,changeinexchangerate,changeininventory,changeinoperatingassets,changeinoperatingliabilities,changeinreceivables,commonstock,commonstocksharesoutstanding,comprehensiveincomenetoftax,costofgoodsandservicessold,costofrevenue,currentaccountspayable,currentdebt,currentlongtermdebt,currentnetreceivables,deferredrevenue,depreciation,depreciationandamortization,depreciationdepletionandamortization,dividendpayout,dividendpayoutcommonstock,dividendpayoutpreferredstock,earnings_growth_yoy,earnings_surprise,ebit,ebitda,estimated_eps,fiscaldateending,goodwill,gross_profit_ttm,grossprofit,incomebeforetax,incometaxexpense,intangibleassets,intangibleassetsexcludinggoodwill,interestanddebtexpense,interestexpense,interestincome,inventory,investmentincomenet,investments,longtermdebt,longtermdebtnoncurrent,longterminvestments,netincome,netincomefromcontinuingoperations,netinterestincome,noninterestincome,operating_margin_ttm,operatingcashflow,operatingexpenses,operatingincome,othercurrentassets,othercurrentliabilities,othernoncurrentassets,othernoncurrentliabilities,othernonoperatingincome,paymentsforoperatingactivities,paymentsforrepurchaseofcommonstock,paymentsforrepurchaseofequity,paymentsforrepurchaseofpreferredstock,price_to_book,price_to_sales_ttm,proceedsfromissuanceofcommonstock,proceedsfromissuanceoflongtermdebtandcapitalsecuritiesnet,proceedsfromissuanceofpreferredstock,proceedsfromoperatingactivities,proceedsfromrepaymentsofshorttermdebt,proceedsfromrepurchaseofequity,proceedsfromsaleoftreasurystock,profit_margin,profitloss,propertyplantequipment,report_date,report_type,reported_eps,reportedcurrency,reporttime,researchanddevelopment,retainedearnings,return_on_assets_ttm,return_on_equity_ttm,revenue_growth_yoy,revenue_per_share_ttm,sellinggeneralandadministrative,shortlongtermdebttotal,shorttermdebt,shortterminvestments,sma_200,sma_50,surprise_pct,totalassets,totalcurrentassets,totalcurrentliabilities,totalliabilities,totalnoncurrentassets,totalnoncurrentliabilities,totalrevenue,totalshareholderequity,treasurystock,week_52_high,week_52_low
2018-06-30,GH,,,,,,,,,,,,,,,,,,,,,,,,,,,,,,,,,,,-0.28,,,0.0,,,,,,,,,,,,,,,,,,,,,,,,,,,,,,,,,,,,,,,,,,,,,,,2018-08-29,,-0.28,,pre-market,,,,,,,,,,,,,,,,,,,,,,,,
2018-09-30,GH,,,,,,,,,,,,,,,,,,,,,,,,,,,,,,,,,,,-1.65,,,-0.29,,,,,,,,,,,,,,,,,,,,,,,,,,,,,,,,,,,,,,,,,,,,,,,2018-11-19,,-1.94,,post-market,,,,,,,,,,,,,-568.9655,,,,,,,,,,,
2018-12-31,GH,,,,,,,,,,,,,,,,,,,,,,,,,,,,,,,,,,,0.05,,,-0.35,,,,,,,,,,,,,,,,,,,,,,,,,,,,,,,,,,,,,,,,,,,,,,,2019-03-12,,-0.3,,post-market,,,,,,,,,,,,,14.2857,,,,,,,,,,,
2019-03-31,GH,,,,,,,,,,,,,,,,,,,,,,,,,,,,,,,,,,,0.07,,,-0.37,,,,,,,,,,,,,,,,,,,,,,,,,,,,,,,,,,,,,,,,,,,,,,,2019-05-09,,-0.3,,post-market,,,,,,,,,,,,,18.9189,,,,,,,,,,,
2019-06-30,GH,,,,,,,,,,,,,,,,,,,,,,,,,,,,,,,,,,,0.23,,,-0.36,,,,,,,,,,,,,,,,,,,,,,,,,,,,,,,,,,,,,,,,,,,,,,,2019-08-06,,-0.13,,post-market,,,,,,,,,,,,,63.8889,,,,,,,,,,,
2019-09-30,GH,,,,,,,,,,,,,,,,,,,,,,,,,,,,,,,,,,,0.23,,,-0.37,,,,,,,,,,,,,,,,,,,,,,,,,,,,,,,,,,,,,,,,,,,,,,,2019-11-07,,-0.14,,post-market,,,,,,,,,,,,,62.1622,,,,,,,,,,,
2019-12-31,GH,,,,,,,,,,,,,,,,,,,,,,,,,,,,,,,,,,,0.04,,,-0.31,,,,,,,,,,,,,,,,,,,,,,,,,,,,,,,,,,,,,,,,,,,,,,,2020-02-24,,-0.27,,post-market,,,,,,,,,,,,,12.9032,,,,,,,,,,,
2020-03-31,GH,,,,,,,,,,,,,,,,,,,,,,,,,,,,,,,,,,,0.1,,,-0.39,,,,,,,,,,,,,,,,,,,,,,,,,,,,,,,,,,,,,,,,,,,,,,,2020-05-07,,-0.29,,post-market,,,,,,,,,,,,,25.641,,,,,,,,,,,
2020-06-30,GH,,,,,,,,,,,,,,,,,,,,,,,,,,,,,,,,,,,-0.19,,,-0.38,,,,,,,,,,,,,,,,,,,,,,,,,,,,,,,,,,,,,,,,,,,,,,,2020-08-06,,-0.57,,post-market,,,,,,,,,,,,,-50.0,,,,,,,,,,,
2020-09-30,GH,,,,,,,,,,,,,,,,,,,,,,,,,,,,,,,,,,,-0.39,,,-0.39,,,,,,,,,,,,,,,,,,,,,,,,,,,,,,,,,,,,,,,,,,,,,,,2020-11-05,,-0.78,,post-market,,,,,,,,,,,,,-100.0,,,,,,,,,,,
2020-12-31,GH,,,,,,,,,,,,,,,,,,,,,,,,,,,,,,,,,,,-0.37,,,-0.57,,,,,,,,,,,,,,,,,,,,,,,,,,,,,,,,,,,,,,,,,,,,,,,2021-02-24,,-0.94,,post-market,,,,,,,,,,,,,-64.9123,,,,,,,,,,,
2021-03-31,GH,,,,,,,,,,,,,,,,,,,,,,,,,,,,,,,,,,,-0.2,,,-0.89,,,,,,,,,,,,,,,,,,,,,,,,,,,,,,,,,,,,,,,,,,,,,,,2021-05-06,,-1.09,,post-market,,,,,,,,,,,,,-22.4719,,,,,,,,,,,
2021-06-30,GH,,,,,,,,,,,,,,,,,,,,,,,,,,,,,,,,,,,-0.11,,,-0.85,,,,,,,,,,,,,,,,,,,,,,,,,,,,,,,,,,,,,,,,,,,,,,,2021-08-05,,-0.96,,post-market,,,,,,,,,,,,,-12.9412,,,,,,,,,,,
2021-09-30,GH,,,,,,,,,,,,,,,,,,,,,,,,,,,,,,,,,,,-0.09,,,-0.97,,,,,,,,,,,,,,,,,,,,,,,,,,,,,,,,,,,,,,,,,,,,,,,2021-11-04,,-1.06,,post-market,,,,,,,,,,,,,-9.2784,,,,,,,,,,,
2021-12-31,GH,,,,,,,,,,,,,,,,,,,,,,,,,,,,,,,,,,,0.26,,,-1.15,,,,,,,,,,,,,,,,,,,,,,,,,,,,,,,,,,,,,,,,,,,,,,,2022-02-23,,-0.89,,post-market,,,,,,,,,,,,,22.6087,,,,,,,,,,,
2022-03-31,GH,,,,,,,,,,,,,,,,,,,,,,,,,,,,,,,,,,,0.0,,,-1.21,,,,,,,,,,,,,,,,,,,,,,,,,,,,,,,,,,,,,,,,,,,,,,,2022-05-05,,-1.21,,post-market,,,,,,,,,,,,,0.0,,,,,,,,,,,
2022-06-30,GH,,,,,,,,,,,,,,,,,,,,,,,,,,,,,,,,,,,-0.06,,,-1.21,,,,,,,,,,,,,,,,,,,,,,,,,,,,,,,,,,,,,,,,,,,,,,,2022-08-04,,-1.27,,post-market,,,,,,,,,,,,,-4.9587,,,,,,,,,,,
2022-09-30,GH,,,,,,,,,,,,,,,,,,,,,,,,,,,,,,,,,,,-0.15,,,-1.26,,,,,,,,,,,,,,,,,,,,,,,,,,,,,,,,,,,,,,,,,,,,,,,2022-11-03,,-1.41,,post-market,,,,,,,,,,,,,-11.9048,,,,,,,,,,,
2022-12-31,GH,,,,,,,,,,,,,,,,,,,,,,,,,,,,,,,,,,,0.01,,,-1.37,,,,,,,,,,,,,,,,,,,,,,,,,,,,,,,,,,,,,,,,,,,,,,,2023-02-23,,-1.36,,post-market,,,,,,,,,,,,,0.7299,,,,,,,,,,,
2023-03-31,GH,,,,,,,,,,,,,,,,,,,,,,,,,,,,,,,,,,,0.02,,,-1.32,,,,,,,,,,,,,,,,,,,,,,,,,,,,,,,,,,,,,,,,,,,,,,,2023-05-09,,-1.3,,post-market,,,,,,,,,,,,,1.5152,,,,,,,,,,,
2023-06-30,GH,,,,,,,,,,,,,,,,,,,,,,,,,,,,,,,,,,,0.51,,,-1.18,,,,,,,,,,,,,,,,,,,,,,,,,,,,,,,,,,,,,,,,,,,,,,,2023-08-03,,-0.67,,post-market,,,,,,,,,,,,,43.2203,,,,,,,,,,,
2023-09-30,GH,,,,,,,,,,,,,,,,,,,,,,,,,,,,,,,,,,,0.22,,,-0.95,,,,,,,,,,,,,,,,,,,,,,,,,,,,,,,,,,,,,,,,,,,,,,,2023-11-06,,-0.73,,post-market,,,,,,,,,,,,,23.1579,,,,,,,,,,,
2023-12-31,GH,,,,,,,,,,,,,,,,,,,,,,,,,,,,,,,,,,,0.01,,,-0.86,,,,,,,,,,,,,,,,,,,,,,,,,,,,,,,,,,,,,,,,,,,,,,,2024-02-22,,-0.85,,post-market,,,,,,,,,,,,,1.1628,,,,,,,,,,,
2024-03-31,GH,,,,,,,,,,,,,,,,,,,,,,,,,,,,,,,,,,,-0.09,,,-0.85,,,,,,,,,,,,,,,,,,,,,,,,,,,,,,,,,,,,,,,,,,,,,,,2024-05-09,,-0.94,,post-market,,,,,,,,,,,,,-10.5882,,,,,,,,,,,
2024-06-30,GH,,,,,,,,,,,,,,,,,,,,,,,,,,,,,,,,,,,-0.1,,,-0.74,,,,,,,,,,,,,,,,,,,,,,,,,,,,,,,,,,,,,,,,,,,,,,,2024-08-07,,-0.84,,post-market,,,,,,,,,,,,,-13.5135,,,,,,,,,,,
2024-09-30,GH,,,,,,,,,,,,,,,,,,,,,,,,,,,,,,,,,,,-0.14,,,-0.74,,,,,,,,,,,,,,,,,,,,,,,,,,,,,,,,,,,,,,,,,,,,,,,2024-11-06,,-0.88,,post-market,,,,,,,,,,,,,-18.9189,,,,,,,,,,,
2024-12-31,GH,,,,,,,,,,,,,,,,,,,,,,,,,,,,,,,,,,,-0.1162,,,-0.5038,,,,,,,,,,,,,,,,,,,,,,,,,,,,,,,,,,,,,,,,,,,,,,,2025-02-20,,-0.62,,post-market,,,,,,,,,,,,,-23.0647,,,,,,,,,,,
2025-03-31,GH,,,,,,,,,,,,,,,,,,,,,,,,,,,,,,,,,,,0.36,,,-0.85,,,,,,,,,,,,,,,,,,,,,,,,,,,,,,,,,,,,,,,,,,,,,,,2025-06-12,,-0.49,,post-market,,,,,,,,,,,,,42.3529,,,,,,,,,,,
2025-06-30,GH,,,,,,,,,,,,,,,,,,,,,,,,,,,,,,,,,,,0.28,,,-0.72,,,,,,,,,,,,,,,,,,,,,,,,,,,,,,,,,,,,,,,,,,,,,,,2025-07-30,,-0.44,,pre-market,,,,,,,,,,,,,38.8889,,,,,,,,,,,
2025-09-30,GH,,,,,,,,,,,,,,,,,,,,,,,,,,,,,,,,,,,0.4,,,-0.79,,,,,,,,,,,,,,,,,,,,,,,,,,,,,,,,,,,,,,,,,,,,,,,2025-10-29,,-0.39,,pre-market,,,,,,,,,,,,,50.6329,,,,,,,,,,,
2025-12-28,GH,-3.22,902569000.0,,1.586,-2.836,,,,,,,,,,,,,,,,,,,,,,,,,,,,,0.0,0.4,,,-0.79,,,575461000.0,,,,,,,,,,,,,,,,,,,-0.373,,,,,,,,,,,,,55.67,14.82,,,,,,,,-0.442,,,2025-10-29,,-0.39,,pre-market,,,-0.196,-45.84,0.385,7.27,,,,,60.95,93.71,50.6329,,,,,,,,,,112.42,29.91
2025-12-28,GH,-3.22,902569000.0,,1.586,-2.836,,,,,,,,,,,,,,,None,93587000,93587000,,,,,,None,9408000,,,,,0.0,0.4,-91646000,-82238000,-0.79,2025-09-30,,575461000.0,171609000,-92589000,136000,,,None,943000,7391000,,None,,,,,-92725000,-92725000,6448000,None,-0.373,,270598000,-98989000,,,,,None,,,,,55.67,14.82,,,,,,,,-0.442,,,2025-10-29,quarterly,-0.39,USD,pre-market,89957000,,-0.196,-45.84,0.385,7.27,53266000,,,,60.95,93.71,50.6329,,,,,,,265196000,,,112.42,29.91
2025-12-28,GH,-3.22,902569000.0,,1.586,-2.836,,,,,,,,,,,,,,,None,81205000,81205000,,,,,,None,10042000,,,,,0.0,0.4,-98878000,-88836000,-0.79,2025-06-30,,575461000.0,150883000,-99861000,38000,,,None,983000,7560000,,None,,,,,-99899000,-99899000,6577000,None,-0.373,,257296000,-106413000,,,,,None,,,,,55.67,14.82,,,,,,,,-0.442,,,2025-10-29,quarterly,-0.39,USD,pre-market,87449000,,-0.196,-45.84,0.385,7.27,50259000,,,,60.95,93.71,50.6329,,,,,,,232088000,,,112.42,29.91
2025-12-28,GH,-3.22,902569000.0,,1.586,-2.836,,,,,,,,,,,,,,,None,74723000,74723000,,,,,,None,10236000,,,,,0.0,0.4,-94078000,-83842000,-0.79,2025-03-31,,575461000.0,128748000,-94869000,290000,,,None,791000,9112000,,None,,,,,-95159000,-95159000,8321000,None,-0.373,,239789000,-111041000,,,,,None,,,,,55.67,14.82,,,,,,,,-0.442,,,2025-10-29,quarterly,-0.39,USD,pre-market,88521000,,-0.196,-45.84,0.385,7.27,46952000,,,,60.95,93.71,50.6329,,,,,,,203471000,,,112.42,29.91
2025-12-28,GH,-3.22,902569000.0,,1.586,-2.836,,,,,,,,,,,,,,,None,77593000,77593000,,,,,,None,10454000,,,,,0.0,0.4,-109645000,-99191000,-0.79,2024-12-31,,575461000.0,124221000,-110290000,716000,,,None,645000,11653000,,None,,,,,-111006000,-111006000,11008000,None,-0.373,,250186000,-125965000,,,,,None,,,,,55.67,14.82,,,,,,,,-0.442,,,2025-10-29,quarterly,-0.39,USD,pre-market,93543000,,-0.196,-45.84,0.385,7.27,51880000,,,,60.95,93.71,50.6329,,,,,,,201814000,,,112.42,29.91
2025-12-28,GH,-3.22,902569000.0,,1.586,-2.836,,,,,,,,,,,,,,,None,74489000,74489000,,,,,,None,10598000,,,,,0.0,0.4,-107078000,-96480000,-0.79,2024-09-30,,575461000.0,116987000,-107724000,30000,,,None,646000,13257000,,None,,,,,-107754000,-107754000,12611000,None,-0.373,,234315000,-117328000,,,,,None,,,,,55.67,14.82,,,,,,,,-0.442,,,2025-10-29,quarterly,-0.39,USD,pre-market,87306000,,-0.196,-45.84,0.385,7.27,49129000,,,,60.95,93.71,50.6329,,,,,,,191476000,,,112.42,29.91
2025-12-28,GH,-3.22,902569000.0,,1.586,-2.836,,,,,,,,,,,,,,,None,72421000,72421000,,,,,,None,10700000,,,,,0.0,0.4,-101850000,-91150000,-0.79,2024-06-30,,575461000.0,104814000,-102495000,133000,,,None,645000,13913000,,None,,,,,-102628000,-102628000,13268000,None,-0.373,,205432000,-100618000,,,,,None,,,,,55.67,14.82,,,,,,,,-0.442,,,2025-10-29,quarterly,-0.39,USD,pre-market,83102000,,-0.196,-45.84,0.385,7.27,40463000,,,,60.95,93.71,50.6329,,,,,,,177235000,,,112.42,29.91
2025-12-28,GH,-3.22,902569000.0,,1.586,-2.836,,,,,,,,,,,,,,,None,65296000,65296000,,,,,,None,10712000,,,,,0.0,0.4,-113935000,-103223000,-0.79,2024-03-31,,575461000.0,103195000,-114580000,405000,,,None,645000,14868000,,None,,,,,-114985000,-114985000,14223000,None,-0.373,,202878000,-99683000,,,,,None,,,,,55.67,14.82,,,,,,,,-0.442,,,2025-10-29,quarterly,-0.39,USD,pre-market,83802000,,-0.196,-45.84,0.385,7.27,38651000,,,,60.95,93.71,50.6329,,,,,,,168491000,,,112.42,29.91
2025-12-28,GH,-3.22,902569000.0,,1.586,-2.836,,,,,,,,,,,,,,,None,-81135000,-81135000,,,,,,None,10868000,,,,,0.0,0.4,-186939000,-176071000,-0.79,2023-12-31,,575461000.0,236189000,-187584000,-541000,,,None,645000,13888000,,None,,,,,-187043000,-187043000,13243000,None,-0.373,,433700000,-197511000,,,,,None,,,,,55.67,14.82,,,,,,,,-0.442,,,2025-10-29,quarterly,-0.39,USD,pre-market,89856000,,-0.196,-45.84,0.385,7.27,37665000,,,,60.95,93.71,50.6329,,,,,,,155054000,,,112.42,29.91
2025-12-28,GH,-3.22,902569000.0,,1.586,-2.836,,,,,,,,,,,,,,,None,57614000,57614000,,,,,,None,11037000,,,,,0.0,0.4,-84968000,-73931000,-0.79,2023-09-30,,575461000.0,85416000,-85612000,490000,,,None,644000,11690000,,None,,,,,-86102000,-86102000,11046000,None,-0.373,,198959000,-113543000,,,,,None,,,,,55.67,14.82,,,,,,,,-0.442,,,2025-10-29,quarterly,-0.39,USD,pre-market,93851000,,-0.196,-45.84,0.385,7.27,36174000,,,,60.95,93.71,50.6329,,,,,,,143030000,,,112.42,29.91
2025-12-28,GH,-3.22,902569000.0,,1.586,-2.836,,,,,,,,,,,,,,,None,53848000,53848000,,,,,,None,10631000,,,,,0.0,0.4,-71630000,-60999000,-0.79,2023-06-30,,575461000.0,83302000,-72275000,496000,,,None,645000,6727000,,None,,,,,-72771000,-72771000,6082000,None,-0.373,,202918000,-119616000,,,,,47986000,,,,,55.67,14.82,,,,,,,,-0.442,,,2025-10-29,quarterly,-0.39,USD,pre-market,90359000,,-0.196,-45.84,0.385,7.27,41516000,,,,60.95,93.71,50.6329,,,,,,,137150000,,,112.42,29.91
2025-12-28,GH,-3.22,902569000.0,,1.586,-2.836,,,,,,,,,,,,,,,None,53073000,53073000,,,,,,None,10345000,,,,,0.0,0.4,-132649000,-122304000,-0.79,2023-03-31,,575461000.0,75641000,-133293000,240000,,,None,644000,3060000,,None,,,,,-133533000,-133533000,2416000,None,-0.373,,209696000,-134055000,,,,,1406000,,,,,55.67,14.82,,,,,,,,-0.442,,,2025-10-29,quarterly,-0.39,USD,pre-market,93128000,,-0.196,-45.84,0.385,7.27,40445000,,,,60.95,93.71,50.6329,,,,,,,128714000,,,112.42,29.91
2025-12-28,GH,-3.22,902569000.0,,1.586,-2.836,,,,,,,,,,,,,,,None,47121000,47121000,,,,,,None,10169000,,,,,0.0,0.4,-138688000,-128519000,-0.79,2022-12-31,,575461000.0,79770000,-139332000,602000,,,None,644000,2150000,,None,,,,,-139934000,-139934000,1506000,None,-0.373,,225889000,-146119000,,,,,7431000,,,,,55.67,14.82,,,,,,,,-0.442,,,2025-10-29,quarterly,-0.39,USD,pre-market,106578000,,-0.196,-45.84,0.385,7.27,37888000,,,,60.95,93.71,50.6329,,,,,,,126891000,,,112.42,29.91
2025-12-28,GH,-3.22,902569000.0,,1.586,-2.836,,,,,,,,,,,,,,,None,40496000,40496000,,,,,,None,9807000,,,,,0.0,0.4,-161235000,-151428000,-0.79,2022-09-30,,575461000.0,76908000,-161879000,115000,,,None,644000,1754000,,None,,,,,-161994000,-161994000,1110000,None,-0.373,,221508000,-144600000,,,,,-16635000,,,,,55.67,14.82,,,,,,,,-0.442,,,2025-10-29,quarterly,-0.39,USD,pre-market,100017000,,-0.196,-45.84,0.385,7.27,41121000,,,,60.95,93.71,50.6329,,,,,,,117404000,,,112.42,29.91
2025-12-28,GH,-3.22,902569000.0,,1.586,-2.836,,,,,,,,,,,,,,,None,36727000,36727000,,,,,,None,8785000,,,,,0.0,0.4,-228341000,-219556000,-0.79,2022-06-30,,575461000.0,72417000,-228986000,446000,,,None,645000,1387000,,None,,,,,-229432000,-229432000,742000,None,-0.373,,202738000,-130321000,,,,,-98020000,,,,,55.67,14.82,,,,,,,,-0.442,,,2025-10-29,quarterly,-0.39,USD,pre-market,85455000,,-0.196,-45.84,0.385,7.27,43680000,,,,60.95,93.71,50.6329,,,,,,,109144000,,,112.42,29.91
2025-12-28,GH,-3.22,902569000.0,,1.586,-2.836,,,,,,,,,,,,,,,None,31981000,31981000,,,,,,None,7201000,,,,,0.0,0.4,-122608000,-115407000,-0.79,2022-03-31,,575461000.0,64118000,-123252000,-24000,,,None,644000,778000,,None,,,,,-123228000,-123228000,134000,None,-0.373,,187456000,-123338000,,,,,730000,,,,,55.67,14.82,,,,,,,,-0.442,,,2025-10-29,quarterly,-0.39,USD,pre-market,81757000,,-0.196,-45.84,0.385,7.27,41267000,,,,60.95,93.71,50.6329,,,,,,,96099000,,,112.42,29.91
2025-12-28,GH,-3.22,902569000.0,,1.586,-2.836,,,,,,,,,,,,,,,None,33422000,33422000,,,,,,None,6090000,,,,,0.0,0.4,-71657000,-65567000,-0.79,2021-12-31,,575461000.0,74686000,-72300000,11000,,,None,643000,653000,,None,,,,,-90911000,-72311000,10000,None,-0.373,,172894000,-98208000,,,,,26551000,,,,,55.67,14.82,,,,,,,,-0.442,,,2025-10-29,quarterly,-0.39,USD,pre-market,73021000,,-0.196,-45.84,0.385,7.27,40274000,,,,60.95,93.71,50.6329,,,,,,,108108000,,,112.42,29.91
2025-12-28,GH,-3.22,902569000.0,,1.586,-2.836,,,,,,,,,,,,,,,None,30816000,30816000,,,,,,None,5500000,,,,,0.0,0.4,-106786000,-101286000,-0.79,2021-09-30,,575461000.0,63963000,-107430000,96000,,,None,644000,689000,,None,,,,,-107526000,-107526000,45000,None,-0.373,,171251000,-107288000,,,,,502000,,,,,55.67,14.82,,,,,,,,-0.442,,,2025-10-29,quarterly,-0.39,USD,pre-market,70968000,,-0.196,-45.84,0.385,7.27,50055000,,,,60.95,93.71,50.6329,,,,,,,94779000,,,112.42,29.91
2025-12-28,GH,-3.22,902569000.0,,1.586,-2.836,,,,,,,,,,,,,,,None,29927000,29927000,,,,,,None,5600000,,,,,0.0,0.4,-96848000,-91248000,-0.79,2021-06-30,,575461000.0,62174000,-97492000,83000,,,None,644000,1037000,,None,,,,,-97575000,-97575000,393000,None,-0.373,,159816000,-97642000,,,,,794000,,,,,55.67,14.82,,,,,,,,-0.442,,,2025-10-29,quarterly,-0.39,USD,pre-market,63724000,,-0.196,-45.84,0.385,7.27,48376000,,,,60.95,93.71,50.6329,,,,,,,92101000,,,112.42,29.91
2025-12-28,GH,-3.22,902569000.0,,1.586,-2.836,,,,,,,,,,,,,,,None,28747000,28747000,,,,,,None,5010000,,,,,0.0,0.4,-106602000,-101592000,-0.79,2021-03-31,,575461000.0,49918000,-107248000,110000,,,None,646000,1551000,,None,,,,,-109658000,-107358000,905000,None,-0.373,,157781000,-107863000,,,,,1261000,,,,,55.67,14.82,,,,,,,,-0.442,,,2025-10-29,quarterly,-0.39,USD,pre-market,55508000,,-0.196,-45.84,0.385,7.27,67935000,,,,60.95,93.71,50.6329,,,,,,,78665000,,,112.42,29.91
2025-12-28,GH,-3.22,902569000.0,,1.586,-2.836,,,,,,,,,,,,,,,None,28407000,28407000,,,,,,None,4603000,,,,,0.0,0.4,-88046000,-83443000,-0.79,2020-12-31,,575461000.0,49909000,-92782000,263000,,,None,4736000,1900000,,None,,,,,-93745000,-93045000,-2836000,None,-0.373,,141075000,-91166000,,,,,None,,,,,55.67,14.82,,,,,,,,-0.442,,,2025-10-29,quarterly,-0.39,USD,pre-market,40282000,,-0.196,-45.84,0.385,7.27,69505000,,,,60.95,93.71,50.6329,,,,,,,78316000,,,112.42,29.91
2025-12-28,GH,-3.22,902569000.0,,1.586,-2.836,,,,,,,,,,,,,,,None,21187000,21187000,,,,,,None,4353000,,,,,0.0,0.4,-71594000,-67241000,-0.79,2020-09-30,,575461000.0,53382000,-71602000,68000,,,None,8000,2313000,,None,,,,,-77670000,-71670000,2305000,None,-0.373,,127634000,-74252000,,,,,2658000,,,,,55.67,14.82,,,,,,,,-0.442,,,2025-10-29,quarterly,-0.39,USD,pre-market,36245000,,-0.196,-45.84,0.385,7.27,66294000,,,,60.95,93.71,50.6329,,,,,,,74569000,,,112.42,29.91
2025-12-28,GH,-3.22,902569000.0,,1.586,-2.836,,,,,,,,,,,,,,,None,22435000,22435000,,,,,,None,5695000,,,,,0.0,0.4,-49695000,-44000000,-0.79,2020-06-30,,575461000.0,43900000,-49705000,34000,,,None,10000,2640000,,None,,,,,-54639000,-49739000,2630000,None,-0.373,,98520000,-54620000,,,,,4925000,,,,,55.67,14.82,,,,,,,,-0.442,,,2025-10-29,quarterly,-0.39,USD,pre-market,36319000,,-0.196,-45.84,0.385,7.27,37186000,,,,60.95,93.71,50.6329,,,,,,,66335000,,,112.42,29.91
2025-12-28,GH,-3.22,902569000.0,,1.586,-2.836,,,,,,,,,,,,,,,None,20506000,20506000,,,,,,None,4800000,,,,,0.0,0.4,-31803000,-27003000,-0.79,2020-03-31,,575461000.0,47004000,-31815000,14000,,,None,12000,3318000,,None,,,,,-27729000,-31829000,3306000,None,-0.373,,81916000,-34912000,,,,,3109000,,,,,55.67,14.82,,,,,,,,-0.442,,,2025-10-29,quarterly,-0.39,USD,pre-market,37016000,,-0.196,-45.84,0.385,7.27,19785000,,,,60.95,93.71,50.6329,,,,,,,67510000,,,112.42,29.91
2025-12-28,GH,-3.22,902569000.0,,1.586,-2.836,,,,,,,,,,,,,,,None,21838000,21838000,,,,,,None,5646000,,,,,0.0,0.4,-22278000,-16632000,-0.79,2019-12-31,,575461000.0,41059000,-22599000,-489000,,,None,321000,3871000,,None,,,,,-25210000,-22110000,3550000,None,-0.373,,67021000,-25962000,,,,,None,,,,,55.67,14.82,,,,,,,,-0.442,,,2025-10-29,quarterly,-0.39,USD,pre-market,25875000,,-0.196,-45.84,0.385,7.27,18859000,,,,60.95,93.71,50.6329,,,,,,,62897000,,,112.42,29.91
2025-12-28,GH,-3.22,902569000.0,,1.586,-2.836,,,,,,,,,,,,,,,None,18514000,18514000,,,,,,None,2952000,,,,,0.0,0.4,-13012000,-10060000,-0.79,2019-09-30,,575461000.0,42334000,-13292000,-202000,,,None,280000,4286000,,None,,,,,-12790000,-13090000,4006000,None,-0.373,,59811000,-17477000,,,,,4465000,,,,,55.67,14.82,,,,,,,,-0.442,,,2025-10-29,quarterly,-0.39,USD,pre-market,24569000,,-0.196,-45.84,0.385,7.27,16440000,,,,60.95,93.71,50.6329,,,,,,,60848000,,,112.42,29.91
2025-12-28,GH,-3.22,902569000.0,,1.586,-2.836,,,,,,,,,,,,,,,None,16833000,16833000,,,,,,None,2657000,,,,,0.0,0.4,-12220000,-9563000,-0.79,2019-06-30,,575461000.0,37142000,-12507000,-1207000,,,None,287000,3099000,,None,,,,,-11600000,-11300000,2812000,None,-0.373,,52410000,-15268000,,,,,3048000,,,,,55.67,14.82,,,,,,,,-0.442,,,2025-10-29,quarterly,-0.39,USD,pre-market,19532000,,-0.196,-45.84,0.385,7.27,13439000,,,,60.95,93.71,50.6329,,,,,,,53975000,,,112.42,29.91
2025-12-28,GH,-3.22,902569000.0,,1.586,-2.836,,,,,,,,,,,,,,,None,13535000,13535000,,,,,,None,2354000,,,,,0.0,0.4,-21032000,-18678000,-0.79,2019-03-31,,575461000.0,23120000,-21325000,26000,,,None,293000,2339000,,None,,,,,-26051000,-21351000,2192000,None,-0.373,,46784000,-23664000,,,,,2632000,,,,,55.67,14.82,,,,,,,,-0.442,,,2025-10-29,quarterly,-0.39,USD,pre-market,16316000,,-0.196,-45.84,0.385,7.27,12661000,,,,60.95,93.71,50.6329,,,,,,,36655000,,,112.42,29.91
2025-12-28,GH,-3.22,902569000.0,,1.586,-2.836,,,,,,,,,,,,,,,None,13947000,13947000,,,,,,None,2169000,,,,,0.0,0.4,-24938000,-22769000,-0.79,2018-12-31,,575461000.0,18926000,-25237000,35000,,,None,299000,None,,None,,,,,-25122000,-25272000,None,None,-0.373,,46313000,-27387000,,,,,None,,,,,55.67,14.82,,,,,,,,-0.442,,,2025-10-29,quarterly,-0.39,USD,pre-market,16652000,,-0.196,-45.84,0.385,7.27,12547000,,,,60.95,93.71,50.6329,,,,,,,32873000,,,112.42,29.91
2025-12-28,GH,-3.22,902569000.0,,1.586,-2.836,,,,,,,,,,,,,,,None,10051000,10051000,,,,,,None,2003000,,,,,0.0,0.4,-23204000,-21201000,-0.79,2018-09-30,,575461000.0,11641000,-23508000,950000,,,None,304000,None,,None,,,,,-24458000,-23508000,None,None,-0.373,,35846000,-24205000,,,,,1001000,,,,,55.67,14.82,,,,,,,,-0.442,,,2025-10-29,quarterly,-0.39,USD,pre-market,14253000,,-0.196,-45.84,0.385,7.27,8129000,,,,60.95,93.71,50.6329,,,,,,,21692000,,,112.42,29.91
2025-12-28,GH,-3.22,902569000.0,,1.586,-2.836,,,,,,,,,,,,,,,None,9959000,9959000,,,,,,None,1569000,,,,,0.0,0.4,-21319000,-19750000,-0.79,2018-06-30,,575461000.0,9423000,-21636000,3000,,,None,317000,None,,None,,,,,-21639000,-21639000,None,None,-0.373,,32126000,-22703000,,,,,None,,,,,55.67,14.82,,,,,,,,-0.442,,,2025-10-29,quarterly,-0.39,USD,pre-market,11554000,,-0.196,-45.84,0.385,7.27,8997000,,,,60.95,93.71,50.6329,,,,,,,19382000,,,112.42,29.91
2025-12-28,GH,-3.22,902569000.0,,1.586,-2.836,,,,,,,,,,,,,,,None,9253000,9253000,,,,,,None,1395000,,,,,0.0,0.4,-14908000,-13513000,-0.79,2018-03-31,,575461000.0,7439000,-13844000,4480000,,,None,331000,None,,None,,,,,-13844000,-17741500,None,None,-0.373,,26086000,-18647000,,,,,None,,,,,55.67,14.82,,,,,,,,-0.442,,,2025-10-29,quarterly,-0.39,USD,pre-market,8255000,,-0.196,-45.84,0.385,7.27,6519000,,,,60.95,93.71,50.6329,,,,,,,16692000,,,112.42,29.91
2025-12-28,GH,-3.22,902569000.0,,1.586,-2.836,,,,,,,,,,,,,,,None,9148000,9148000,,,,,,None,1392000,,,,,0.0,0.4,-14749000,-13357000,-0.79,2017-12-31,,575461000.0,10854000,-15053000,7000,,,None,304000,None,,None,,,,,-15060000,-54631000,None,None,-0.373,,26471000,-15617000,,,,,None,,,,,55.67,14.82,,,,,,,,-0.442,,,2025-10-29,quarterly,-0.39,USD,pre-market,8120000,,-0.196,-45.84,0.385,7.27,8795000,,,,60.95,93.71,50.6329,,,,,,,20002000,,,112.42,29.91
2025-12-28,GH,-3.22,902569000.0,,1.586,-2.836,,,,,,,,,,,,,,,None,8661000,8661000,,,,,,None,1339000,,,,,0.0,0.4,-28678000,-27339000,-0.79,2017-09-30,,575461000.0,2471000,-28590000,37000,,,None,303000,None,,None,,,,,-28590000,-28590000,None,None,-0.373,,31149000,-28678000,,,,,None,,,,,55.67,14.82,,,,,,,,-0.442,,,2025-10-29,quarterly,-0.39,USD,pre-market,7246000,,-0.196,-45.84,0.385,7.27,16095000,,,,60.95,93.71,50.6329,,,,,,,11132000,,,112.42,29.91
2025-12-28,GH,-3.22,902569000.0,,1.586,-2.836,,,,,,,,,,,,,,,None,7435000,7435000,,,,,,None,1237501,,,,,0.0,0.4,-17337000,-16099499,-0.79,2017-06-30,,575461000.0,2761000,-23553000,0,,,None,1056000,None,,None,,,,,-23553000,0,None,None,-0.373,,25618000,-17337000,,,,,None,,,,,55.67,14.82,,,,,,,,-0.442,,,2025-10-29,quarterly,-0.39,USD,pre-market,5975000,,-0.196,-45.84,0.385,7.27,6675000,,,,60.95,93.71,50.6329,,,,,,,10196000,,,112.42,29.91
2025-12-28,GH,-3.22,902569000.0,,1.586,-2.836,,,,,,,,,,,,,,,None,6904500,6904500,,,,,,None,1237500,,,,,0.0,0.4,-16158500,-14921000,-0.79,2017-03-31,,575461000.0,2449500,-19785500,529000,,,None,1039000,None,,None,,,,,-20314500,0,None,None,-0.373,,21470000,-16158500,,,,,None,,,,,55.67,14.82,,,,,,,,-0.442,,,2025-10-29,quarterly,-0.39,USD,pre-market,5340000,,-0.196,-45.84,0.385,7.27,5943500,,,,60.95,93.71,50.6329,,,,,,,9354000,,,112.42,29.91
2025-12-28,GH,-3.22,902569000.0,,1.586,-2.836,,,,,,,,,,,,,,,None,18431000,18431000,,,,,,None,None,,,,,0.0,0.4,-43847000,None,-0.79,2016-12-31,,575461000.0,3125000,-46133000,6000,,,None,3018000,None,,None,,,,,-46139000,-46139000,None,None,-0.373,,69096000,-43847000,,,,,None,,,,,55.67,14.82,,,,,,,,-0.442,,,2025-10-29,quarterly,-0.39,USD,pre-market,10859000,,-0.196,-45.84,0.385,7.27,46972000,,,,60.95,93.71,50.6329,,,,,,,25249000,,,112.42,29.91
2025-12-28,GH,-3.22,902569000.0,,1.586,-2.836,,,,,,,,,,,,,,,None,289799000,289799000,,,,,,None,42387000,,,,,0.0,0.4,-432508000,-390121000,-0.79,2024-12-31,,575461000.0,449217000,-435089000,1284000,,,None,2581000,53691000,,None,,,,,-436373000,-436373000,51110000,None,-0.373,,892811000,-443594000,,,,,None,,,,,55.67,14.82,,,,,,,,-0.442,,,2025-10-29,annual,-0.39,USD,pre-market,347753000,,-0.196,-45.84,0.385,7.27,180123000,,,,60.95,93.71,50.6329,,,,,,,739016000,,,112.42,29.91
2025-12-28,GH,-3.22,902569000.0,,1.586,-2.836,,,,,,,,,,,,,,,None,227052000,227052000,,,,,,None,42881000,,,,,0.0,0.4,-476186000,-433305000,-0.79,2023-12-31,,575461000.0,336896000,-478764000,685000,,,None,2578000,35365000,,None,,,,,-479449000,-479449000,32787000,None,-0.373,,901621000,-564725000,,,,,None,,,,,55.67,14.82,,,,,,,,-0.442,,,2025-10-29,annual,-0.39,USD,pre-market,367194000,,-0.196,-45.84,0.385,7.27,155800000,,,,60.95,93.71,50.6329,,,,,,,563948000,,,112.42,29.91
2025-12-28,GH,-3.22,902569000.0,,1.586,-2.836,,,,,,,,,,,,,,,None,156325000,156325000,,,,,,None,35962000,,,,,0.0,0.4,-650872000,-614910000,-0.79,2022-12-31,,575461000.0,293213000,-653449000,1139000,,,None,2577000,6069000,,None,,,,,-654588000,-654588000,3492000,None,-0.373,,837591000,-544378000,,,,,-106494000,,,,,55.67,14.82,,,,,,,,-0.442,,,2025-10-29,annual,-0.39,USD,pre-market,373807000,,-0.196,-45.84,0.385,7.27,163956000,,,,60.95,93.71,50.6329,,,,,,,449538000,,,112.42,29.91
2025-12-28,GH,-3.22,902569000.0,,1.586,-2.836,,,,,,,,,,,,,,,None,122912000,122912000,,,,,,None,22271000,,,,,0.0,0.4,-381893000,-359622000,-0.79,2021-12-31,,575461000.0,250741000,-384470000,300000,,,None,2577000,3930000,,None,,,,,-405670000,-384770000,1353000,None,-0.373,,661742000,-411001000,,,,,29108000,,,,,55.67,14.82,,,,,,,,-0.442,,,2025-10-29,annual,-0.39,USD,pre-market,263221000,,-0.196,-45.84,0.385,7.27,206640000,,,,60.95,93.71,50.6329,,,,,,,373653000,,,112.42,29.91
2025-12-28,GH,-3.22,902569000.0,,1.586,-2.836,,,,,,,,,,,,,,,None,92535000,92535000,,,,,,None,16065000,,,,,0.0,0.4,-241138000,-225073000,-0.79,2020-12-31,,575461000.0,194195000,-245904000,379000,,,None,4766000,10171000,,None,,,,,-253783000,-246283000,5405000,None,-0.373,,449145000,-254950000,,,,,13812000,,,,,55.67,14.82,,,,,,,,-0.442,,,2025-10-29,annual,-0.39,USD,pre-market,149862000,,-0.196,-45.84,0.385,7.27,192770000,,,,60.95,93.71,50.6329,,,,,,,286730000,,,112.42,29.91
2025-12-28,GH,-3.22,902569000.0,,1.586,-2.836,,,,,,,,,,,,,,,None,70720000,70720000,,,,,,None,13609000,,,,,0.0,0.4,-68542000,-54933000,-0.79,2019-12-31,,575461000.0,143655000,-69723000,-1872000,,,None,1181000,13741000,,None,,,,,-75651000,-67851000,12560000,None,-0.373,,226026000,-82371000,,,,,13829000,,,,,55.67,14.82,,,,,,,,-0.442,,,2025-10-29,annual,-0.39,USD,pre-market,86292000,,-0.196,-45.84,0.385,7.27,61399000,,,,60.95,93.71,50.6329,,,,,,,214375000,,,112.42,29.91
2025-12-28,GH,-3.22,902569000.0,,1.586,-2.836,,,,,,,,,,,,,,,None,43210000,43210000,,,,,,None,7136000,,,,,0.0,0.4,-82974000,-75838000,-0.79,2018-12-31,,575461000.0,47429000,-84225000,38000,,,None,1251000,5266000,,None,,,,,-85063000,-84263000,4015000,None,-0.373,,140371000,-92942000,,,,,9968000,,,,,55.67,14.82,,,,,,,,-0.442,,,2025-10-29,annual,-0.39,USD,pre-market,50714000,,-0.196,-45.84,0.385,7.27,36192000,,,,60.95,93.71,50.6329,,,,,,,90639000,,,112.42,29.91
2025-12-28,GH,-3.22,902569000.0,,1.586,-2.836,,,,,,,,,,,,,,,None,31618000,31618000,,,,,,None,5206000,,,,,0.0,0.4,-80512000,-75306000,-0.79,2017-12-31,,575461000.0,18224000,-83214000,7000,,,None,2702000,2234000,,None,,,,,-83221000,-83221000,-468000,None,-0.373,,94836000,-76612000,,,,,None,,,,,55.67,14.82,,,,,,,,-0.442,,,2025-10-29,annual,-0.39,USD,pre-market,25562000,,-0.196,-45.84,0.385,7.27,36777000,,,,60.95,93.71,50.6329,,,,,,,49842000,,,112.42,29.91
2025-12-28,GH,-3.22,902569000.0,,1.586,-2.836,,,,,,,,,,,,,,,None,22124000,22124000,,,,,,None,3693000,,,,,0.0,0.4,-43115000,-39422000,-0.79,2016-12-31,,575461000.0,3125000,-46133000,6000,,,None,3018000,733000,,None,,,,,-46139000,-46139000,-2285000,None,-0.373,,46972000,-43847000,,,,,None,,,,,55.67,14.82,,,,,,,,-0.442,,,2025-10-29,annual,-0.39,USD,pre-market,10859000,,-0.196,-45.84,0.385,7.27,9921000,,,,60.95,93.71,50.6329,,,,,,,25249000,,,112.42,29.91
2025-12-28,GH,-3.22,902569000.0,None,1.586,-2.836,,211782000,580013000,580013000,,,,,,,,,1000,125304000,None,22124000,22124000,20142000,None,None,115585000,None,None,3693000,,,,,0.0,0.4,-43115000,-39422000,-0.79,2025-09-30,3290000,575461000.0,3125000,-46133000,6000,5477000,5477000,None,3018000,733000,90489000,None,None,1114594000,None,None,-46139000,-46139000,-2285000,None,-0.373,,46972000,-43847000,42798000,143521000,None,94359000,None,,,,,55.67,14.82,,,,,,,,-0.442,,None,2025-10-29,quarterly,-0.39,USD,pre-market,10859000,-2866018000,-0.196,-45.84,0.385,7.27,9921000,1326376000,26395000,0,60.95,93.71,50.6329,1276786000,828885000,236919000,1631259000,447901000,1394340000,25249000,-354473000,None,112.42,29.91
2025-12-28,GH,-3.22,902569000.0,None,1.586,-2.836,,218625000,629143000,629143000,,,,,,,,,1000,124114000,None,22124000,22124000,44802000,None,None,130252000,None,None,3693000,,,,,0.0,0.4,-43115000,-39422000,-0.79,2025-06-30,3290000,575461000.0,3125000,-46133000,6000,5864000,5864000,None,3018000,733000,84061000,None,None,1115526000,None,None,-46139000,-46139000,-2285000,None,-0.373,,46972000,-43847000,39976000,112996000,None,91170000,None,,,,,55.67,14.82,,,,,,,,-0.442,,None,2025-10-29,quarterly,-0.39,USD,pre-market,10859000,-2773293000,-0.196,-45.84,0.385,7.27,9921000,1334151000,26277000,0,60.95,93.71,50.6329,1331999000,883432000,238430000,1637474000,448567000,1399044000,25249000,-305475000,None,112.42,29.91
2025-12-28,GH,-3.22,902569000.0,None,1.586,-2.836,,190044000,698572000,698572000,,,,,,,,,1000,123871000,None,22124000,22124000,49770000,None,None,115426000,None,None,3693000,,,,,0.0,0.4,-43115000,-39422000,-0.79,2025-03-31,3290000,575461000.0,3125000,-46133000,6000,6280000,6280000,None,3018000,733000,77256000,None,None,1116339000,None,None,-46139000,-46139000,-2285000,None,-0.373,,46972000,-43847000,35772000,110015000,None,92545000,None,,,,,55.67,14.82,,,,,,,,-0.442,,None,2025-10-29,quarterly,-0.39,USD,pre-market,10859000,-2673394000,-0.196,-45.84,0.385,7.27,9921000,1306383000,29666000,0,60.95,93.71,50.6329,1344226000,927026000,225753000,1595015000,417200000,1369262000,25249000,-250789000,None,112.42,29.91
2025-12-28,GH,-3.22,902569000.0,None,1.586,-2.836,,193505000,525540000,525540000,,,,,,,,,1000,123754000,None,22124000,22124000,38551000,None,None,110253000,None,None,3693000,,,,,0.0,0.4,-43115000,-39422000,-0.79,2024-12-31,3290000,575461000.0,3125000,-46133000,6000,6760000,6760000,None,3018000,733000,71083000,None,None,1142547000,None,None,-46139000,-46139000,-2285000,None,-0.373,,46972000,-43847000,33800000,122351000,None,92834000,None,,,,,55.67,14.82,,,,,,,,-0.442,,None,2025-10-29,quarterly,-0.39,USD,pre-market,10859000,-2578235000,-0.196,-45.84,0.385,7.27,9921000,1336052000,29213000,314438000,60.95,93.71,50.6329,1485609000,1055114000,225583000,1625256000,430495000,1399673000,25249000,-139647000,None,112.42,29.91
2025-12-28,GH,-3.22,902569000.0,None,1.586,-2.836,,197514000,688368000,688368000,,,,,,,,,1000,123051000,None,22124000,22124000,15473000,None,None,88465000,None,None,3693000,,,,,0.0,0.4,-43115000,-39422000,-0.79,2024-09-30,3290000,575461000.0,3125000,-46133000,6000,7251000,7251000,None,3018000,733000,72298000,None,None,1141901000,None,None,-46139000,-46139000,-2285000,None,-0.373,,46972000,-43847000,66883000,124935000,None,89446000,None,,,,,55.67,14.82,,,,,,,,-0.442,,None,2025-10-29,quarterly,-0.39,USD,pre-market,10859000,-2467229000,-0.196,-45.84,0.385,7.27,9921000,1339415000,27383000,310701000,60.95,93.71,50.6329,1538727000,1226715000,197345000,1598823000,312012000,1401478000,25249000,-60096000,None,112.42,29.91
2025-12-28,GH,-3.22,902569000.0,None,1.586,-2.836,,199857000,1035239000,1035239000,,,,,,,,,1000,122447000,None,22124000,22124000,42447000,None,None,100519000,None,None,3693000,,,,,0.0,0.4,-43115000,-39422000,-0.79,2024-06-30,3290000,575461000.0,3125000,-46133000,6000,7742000,7742000,None,3018000,733000,66984000,None,None,1141256000,None,None,-46139000,-46139000,-2285000,None,-0.373,,46972000,-43847000,87232000,102084000,None,95934000,None,,,,,55.67,14.82,,,,,,,,-0.442,,None,2025-10-29,quarterly,-0.39,USD,pre-market,10859000,-2359475000,-0.196,-45.84,0.385,7.27,9921000,1341113000,27663000,52463000,60.95,93.71,50.6329,1609340000,1289974000,201569000,1610953000,319366000,1409384000,25249000,-1613000,None,112.42,29.91
2025-12-28,GH,-3.22,902569000.0,None,1.586,-2.836,,206864000,1129257000,1129257000,,,,,,,,,1000,121712000,None,22124000,22124000,37603000,None,None,84562000,None,None,3693000,,,,,0.0,0.4,-43115000,-39422000,-0.79,2024-03-31,3290000,575461000.0,3125000,-46133000,6000,8294000,8294000,None,3018000,733000,62991000,None,None,1140611000,None,None,-46139000,-46139000,-2285000,None,-0.373,,46972000,-43847000,31736000,131893000,None,96786000,None,,,,,55.67,14.82,,,,,,,,-0.442,,None,2025-10-29,quarterly,-0.39,USD,pre-market,10859000,-2256847000,-0.196,-45.84,0.385,7.27,9921000,1347475000,27957000,0,60.95,93.71,50.6329,1704598000,1308546000,220009000,1636313000,396052000,1416304000,25249000,68285000,None,112.42,29.91
2025-12-28,GH,-3.22,902569000.0,None,1.586,-2.836,,213798000,1133537000,1133537000,,,,,,,,,1000,118508000,None,22124000,22124000,51741000,None,None,88783000,None,None,3693000,,,,,0.0,0.4,-43115000,-39422000,-0.79,2023-12-31,3290000,575461000.0,3125000,-46133000,6000,8979000,8979000,None,3018000,733000,61948000,None,None,1139966000,None,None,-46139000,-46139000,-2285000,None,-0.373,,46972000,-43847000,27741000,108261000,None,96006000,None,,,,,55.67,14.82,,,,,,,,-0.442,,None,2025-10-29,quarterly,-0.39,USD,pre-market,10859000,-2141862000,-0.196,-45.84,0.385,7.27,9921000,1353764000,27950000,35097000,60.95,93.71,50.6329,1786421000,1347106000,205917000,1627737000,439315000,1421820000,25249000,158684000,None,112.42,29.91
2025-12-28,GH,-3.22,902569000.0,None,1.586,-2.836,,219033000,457339000,457339000,,,,,,,,,1000,117736000,None,22124000,22124000,77828000,None,None,88801000,None,None,3693000,,,,,0.0,0.4,-43115000,-39422000,-0.79,2023-09-30,3290000,575461000.0,3125000,-46133000,6000,9670000,9670000,None,3018000,733000,77036000,None,None,1139322000,None,None,-46139000,-46139000,-2285000,None,-0.373,,46972000,-43847000,26239000,101082000,None,10182000,None,,,,,55.67,14.82,,,,,,,,-0.442,,None,2025-10-29,quarterly,-0.39,USD,pre-market,10859000,-1954819000,-0.196,-45.84,0.385,7.27,9921000,1358355000,26356000,697482000,60.95,93.71,50.6329,1797231000,1346897000,226751000,1568932000,450334000,1342181000,25249000,228299000,None,112.42,29.91
2025-12-28,GH,-3.22,902569000.0,None,1.586,-2.836,,198230000,271073000,271073000,,,,,,,,,1000,108808000,None,22124000,22124000,79784000,None,None,86468000,None,None,3693000,,,,,0.0,0.4,-43115000,-39422000,-0.79,2023-06-30,3290000,575461000.0,3125000,-46133000,6000,10361000,10361000,None,3018000,733000,60529000,None,None,1138678000,None,None,-46139000,-46139000,-2285000,None,-0.373,,46972000,-43847000,25809000,84205000,None,207680000,None,,,,,55.67,14.82,,,,,,,,-0.442,,155741000,2025-10-29,quarterly,-0.39,USD,pre-market,10859000,-1868717000,-0.196,-45.84,0.385,7.27,9921000,1361615000,24707000,953776000,60.95,93.71,50.6329,1840017000,1397655000,200933000,1547291000,442362000,1346358000,25249000,292726000,None,112.42,29.91
2025-12-28,GH,-3.22,902569000.0,None,1.586,-2.836,,204857000,223640000,223640000,,,,,,,,,1000,102663000,None,22124000,22124000,67320000,None,None,87204000,None,None,3693000,,,,,0.0,0.4,-43115000,-39422000,-0.79,2023-03-31,3290000,575461000.0,3125000,-46133000,6000,11047000,11047000,None,3018000,733000,46474000,None,None,1138034000,None,None,-46139000,-46139000,-2285000,None,-0.373,,46972000,-43847000,33762000,99595000,None,213993000,None,,,,,55.67,14.82,,,,,,,,-0.442,,163229000,2025-10-29,quarterly,-0.39,USD,pre-market,10859000,-1795946000,-0.196,-45.84,0.385,7.27,9921000,1366510000,23619000,713380000,60.95,93.71,50.6329,1511631000,1104460000,204155000,1556182000,407171000,1352027000,25249000,-44551000,None,112.42,29.91
2025-12-28,GH,-3.22,902569000.0,None,1.586,-2.836,,231893000,141647000,141647000,,,,,,,,,1000,102516000,None,22124000,22124000,68911000,None,None,97256000,None,None,3693000,,,,,0.0,0.4,-43115000,-39422000,-0.79,2022-12-31,3290000,575461000.0,3125000,-46133000,6000,11727000,11727000,None,3018000,733000,51598000,None,None,1137391000,None,0,-46139000,-46139000,-2285000,None,-0.373,,46972000,-43847000,31509000,85028000,None,9179000,None,,,,,55.67,14.82,,,,,,,,-0.442,,167920000,2025-10-29,quarterly,-0.39,USD,pre-market,10859000,-1662413000,-0.196,-45.84,0.385,7.27,9921000,1369284000,21878000,869584000,60.95,93.71,50.6329,1609985000,1191594000,193220000,1549805000,418391000,1356585000,25249000,60180000,None,112.42,29.91
2025-12-28,GH,-3.22,902569000.0,None,1.586,-2.836,,236666000,158310000,158310000,,,,,,,,,1000,102289000,None,22124000,22124000,40911000,None,None,86200000,None,None,3693000,,,,,0.0,0.4,-43115000,-39422000,-0.79,2022-09-30,3290000,575461000.0,3125000,-46133000,6000,12417000,12417000,None,3018000,733000,63047000,None,None,1136748000,None,156741000,-46139000,-46139000,-2285000,None,-0.373,,46972000,-43847000,23565000,96734000,None,223162000,None,,,,,55.67,14.82,,,,,,,,-0.442,,168007000,2025-10-29,quarterly,-0.39,USD,pre-market,10859000,-1522479000,-0.196,-45.84,0.385,7.27,9921000,1373414000,20492000,799727000,60.95,93.71,50.6329,1701779000,1130849000,175124000,1535034000,570930000,1359910000,25249000,166745000,None,112.42,29.91
2025-12-28,GH,-3.22,902569000.0,None,1.586,-2.836,,240805000,215169000,215169000,,,,,,,,,1000,102047000,None,22124000,22124000,36971000,None,None,95276000,None,None,3693000,,,,,0.0,0.4,-43115000,-39422000,-0.79,2022-06-30,3290000,575461000.0,3125000,-46133000,6000,13108000,13108000,None,3018000,733000,59890000,None,None,1136105000,None,382575000,-46139000,-46139000,-2285000,None,-0.373,,46972000,-43847000,28283000,93305000,None,230790000,None,,,,,55.67,14.82,,,,,,,,-0.442,,163362000,2025-10-29,quarterly,-0.39,USD,pre-market,10859000,-1360485000,-0.196,-45.84,0.385,7.27,9921000,1376910000,19302000,638521000,60.95,93.71,50.6329,1853737000,1037139000,167755000,1534650000,816598000,1366895000,25249000,319087000,None,112.42,29.91
2025-12-28,GH,-3.22,902569000.0,None,1.586,-2.836,,241933000,573604000,573604000,,,,,,,,,1000,101853000,None,22124000,22124000,32230000,None,None,84331000,None,None,3693000,,,,,0.0,0.4,-43115000,-39422000,-0.79,2022-03-31,3290000,575461000.0,3125000,-46133000,6000,13727000,13727000,None,3018000,733000,36613000,None,None,1135463000,None,588453000,-46139000,-46139000,-2285000,None,-0.373,,46972000,-43847000,30070000,165052000,None,232286000,None,,,,,55.67,14.82,,,,,,,,-0.442,,151322000,2025-10-29,quarterly,-0.39,USD,pre-market,10859000,-1131053000,-0.196,-45.84,0.385,7.27,9921000,1377396000,16556000,388662000,60.95,93.71,50.6329,2129598000,1113280000,228809000,1596558000,1016318000,1367749000,25249000,533040000,None,112.42,29.91
2025-12-28,GH,-3.22,902569000.0,None,1.586,-2.836,,226053000,492202000,492202000,,,,,,,,,1000,101697000,None,22124000,22124000,38517000,None,None,97652000,None,None,3693000,,,,,0.0,0.4,-43115000,-39422000,-0.79,2021-12-31,3290000,575461000.0,3125000,-46133000,6000,14207000,14207000,None,3018000,733000,30674000,None,None,1134821000,None,698034000,-46139000,-46139000,-2285000,None,-0.373,,46972000,-43847000,53052000,127765000,None,3933000,None,,,,,55.67,14.82,,,,,,,,-0.442,,313904000,2025-10-29,quarterly,-0.39,USD,pre-market,10859000,-1007825000,-0.196,-45.84,0.385,7.27,9921000,1373730000,12856000,440546000,60.95,93.71,50.6329,2204499000,1114126000,194687000,1559494000,1090373000,1364807000,25249000,645005000,None,112.42,29.91
2025-12-28,GH,-3.22,902569000.0,None,1.586,-2.836,,225059000,832370000,832370000,,,,,,,,,1000,101420000,None,22124000,22124000,15674000,None,None,60744000,None,None,3693000,,,,,0.0,0.4,-43115000,-39422000,-0.79,2021-09-30,3290000,575461000.0,3125000,-46133000,6000,14698000,14698000,None,3018000,733000,24739000,None,None,1134180000,None,250226000,-46139000,-46139000,-2285000,None,-0.373,,46972000,-43847000,21958000,66983000,None,220230000,None,,,,,55.67,14.82,,,,,,,,-0.442,,106156000,2025-10-29,quarterly,-0.39,USD,pre-market,10859000,-916914000,-0.196,-45.84,0.385,7.27,9921000,1359239000,8253000,653601000,60.95,93.71,50.6329,2225534000,1593412000,102304000,1456714000,632122000,1354410000,25249000,709420000,None,112.42,29.91
2025-12-28,GH,-3.22,902569000.0,None,1.586,-2.836,,219330000,938590000,938590000,,,,,,,,,1000,101172000,None,22124000,22124000,21399000,None,None,53667000,None,None,3693000,,,,,0.0,0.4,-43115000,-39422000,-0.79,2021-06-30,3290000,575461000.0,3125000,-46133000,6000,15189000,15189000,None,3018000,733000,26494000,None,None,1133539000,None,55368000,-46139000,-46139000,-2285000,None,-0.373,,46972000,-43847000,19236000,54686000,None,2486000,None,,,,,55.67,14.82,,,,,,,,-0.442,,290695000,2025-10-29,quarterly,-0.39,USD,pre-market,10859000,-809388000,-0.196,-45.84,0.385,7.27,9921000,1352869000,7547000,853072000,60.95,93.71,50.6329,2291885000,1891059000,96612000,1444420000,400826000,1347808000,25249000,788065000,None,112.42,29.91
2025-12-28,GH,-3.22,902569000.0,None,1.586,-2.836,,217324000,869372000,869372000,,,,,,,,,1000,100955000,None,22124000,22124000,22318000,None,None,48039000,None,None,3693000,,,,,0.0,0.4,-43115000,-39422000,-0.79,2021-03-31,3290000,575461000.0,3125000,-46133000,6000,15674000,15674000,None,3018000,733000,28876000,None,None,1132899000,None,0,-46139000,-46139000,-2285000,None,-0.373,,46972000,-43847000,15679000,52620000,None,211895000,None,,,,,55.67,14.82,,,,,,,,-0.442,,71765000,2025-10-29,quarterly,-0.39,USD,pre-market,10859000,-711813000,-0.196,-45.84,0.385,7.27,9921000,1350223000,7080000,1071078000,60.95,93.71,50.6329,2346741000,2033044000,95501000,1440295000,313697000,1344794000,25249000,847046000,None,112.42,29.91
2025-12-28,GH,-3.22,902569000.0,None,1.586,-2.836,,41565000,832977000,832977000,,,,,,,,,1000,100018000,None,22124000,22124000,7340000,None,None,53299000,None,None,3693000,,,,,0.0,0.4,-43115000,-39422000,-0.79,2020-12-31,3290000,575461000.0,3125000,-46133000,6000,16155000,16155000,None,3018000,733000,22716000,None,None,806292000,None,246597000,-46139000,-46139000,-2285000,None,-0.373,,46972000,-43847000,17466000,39653000,None,43085000,None,,,,,55.67,14.82,,,,,,,,-0.442,,62782000,2025-10-29,quarterly,-0.39,USD,pre-market,10859000,-606592000,-0.196,-45.84,0.385,7.27,9921000,854489000,6632000,961903000,60.95,93.71,50.6329,2271781000,1888361000,66809000,916186000,383420000,849377000,25249000,1298495000,None,112.42,29.91
2025-12-28,GH,-3.22,902569000.0,None,1.586,-2.836,,47120000,142945000,142945000,,,,,,,,,1000,99554000,None,22124000,22124000,18281000,None,None,36255000,None,None,3693000,,,,,0.0,0.4,-43115000,-39422000,-0.79,2020-09-30,3290000,575461000.0,3125000,-46133000,6000,16695000,16695000,None,3018000,733000,27731000,None,None,None,None,51398000,-46139000,-46139000,-2285000,None,-0.373,,46972000,-43847000,9898000,35160000,None,41538000,None,,,,,55.67,14.82,,,,,,,,-0.442,,61882000,2025-10-29,quarterly,-0.39,USD,pre-market,10859000,-512847000,-0.196,-45.84,0.385,7.27,9921000,47120000,7438000,870459000,60.95,93.71,50.6329,1262109000,1087288000,71967000,113505000,174821000,41538000,25249000,1092204000,None,112.42,29.91
2025-12-28,GH,-3.22,902569000.0,None,1.586,-2.836,,49357000,164671000,164671000,,,,,,,,,1000,96011000,None,22124000,22124000,15982000,None,None,41017000,None,None,3693000,,,,,0.0,0.4,-43115000,-39422000,-0.79,2020-06-30,3290000,575461000.0,3125000,-46133000,6000,17203000,17203000,None,3018000,733000,20354000,None,None,None,None,146118000,-46139000,-46139000,-2285000,None,-0.373,,46972000,-43847000,11101000,31073000,None,1382000,None,,,,,55.67,14.82,,,,,,,,-0.442,,95498000,2025-10-29,quarterly,-0.39,USD,pre-market,10859000,-435177000,-0.196,-45.84,0.385,7.27,9921000,49357000,8240000,773160000,60.95,93.71,50.6329,1277536000,1010303000,70048000,112547000,267233000,42499000,25249000,1114589000,None,112.42,29.91
2025-12-28,GH,-3.22,902569000.0,None,1.586,-2.836,,41080000,152239000,152239000,,,,,,,,,1000,94382000,None,22124000,22124000,24378000,None,None,48015000,None,None,3693000,,,,,0.0,0.4,-43115000,-39422000,-0.79,2020-03-31,3290000,575461000.0,3125000,-46133000,6000,17741000,17741000,None,3018000,733000,25148000,None,None,None,None,238206000,-46139000,-46139000,-2285000,None,-0.373,,46972000,-43847000,14137000,35339000,None,1459000,None,,,,,55.67,14.82,,,,,,,,-0.442,,76817000,2025-10-29,quarterly,-0.39,USD,pre-market,10859000,-380538000,-0.196,-45.84,0.385,7.27,9921000,41080000,7307000,367853000,60.95,93.71,50.6329,948167000,607392000,82322000,117554000,340775000,35232000,25249000,785113000,None,112.42,29.91
2025-12-28,GH,-3.22,902569000.0,None,1.586,-2.836,,40396000,143228000,143228000,,,,,,,,,1000,93997000,None,22124000,22124000,16197000,None,None,47986000,None,None,3693000,,,,,0.0,0.4,-43115000,-39422000,-0.79,2019-12-31,3290000,575461000.0,3125000,-46133000,6000,15414000,15414000,None,3018000,733000,15181000,None,None,None,None,268783000,-46139000,-46139000,-2285000,None,-0.373,,46972000,-43847000,11389000,34070000,None,8552000,None,,,,,55.67,14.82,,,,,,,,-0.442,,72808000,2025-10-29,quarterly,-0.39,USD,pre-market,10859000,-352809000,-0.196,-45.84,0.385,7.27,9921000,40396000,7140000,379574000,60.95,93.71,50.6329,962535000,597358000,72734000,114542000,365177000,41808000,25249000,798393000,None,112.42,29.91
2025-12-28,GH,-3.22,902569000.0,None,1.586,-2.836,,137000,147188000,147188000,,,,,,,,,1000,93303000,None,22124000,22124000,12054000,None,None,39689000,None,None,3693000,,,,,0.0,0.4,-43115000,-39422000,-0.79,2019-09-30,2928000,575461000.0,3125000,-46133000,6000,15888000,15888000,None,3018000,733000,14760000,None,None,None,None,302624000,-46139000,-46139000,-2285000,None,-0.373,,46972000,-43847000,5657000,40704000,None,8000000,None,,,,,55.67,14.82,,,,,,,,-0.442,,40759000,2025-10-29,quarterly,-0.39,USD,pre-market,10859000,-327599000,-0.196,-45.84,0.385,7.27,9921000,137000,80000,375768000,60.95,93.71,50.6329,948334000,583062000,67817000,86438000,365272000,18621000,25249000,815396000,None,112.42,29.91
2025-12-28,GH,-3.22,902569000.0,None,1.586,-2.836,,154000,174653000,174653000,,,,,,,,,1000,89036000,None,22124000,22124000,15700000,None,None,40363000,None,None,3693000,,,,,0.0,0.4,-43115000,-39422000,-0.79,2019-06-30,2935000,575461000.0,3125000,-46133000,6000,16300000,16300000,None,3018000,733000,14176000,None,None,None,None,277301000,-46139000,-46139000,-2285000,None,-0.373,,46972000,-43847000,4082000,23066000,None,8439000,None,,,,,55.67,14.82,,,,,,,,-0.442,,34811000,2025-10-29,quarterly,-0.39,USD,pre-market,10859000,-314809000,-0.196,-45.84,0.385,7.27,9921000,154000,74000,370974000,60.95,93.71,50.6329,939989000,604248000,57049000,77715000,335741000,20666000,25249000,815474000,None,112.42,29.91
2025-12-28,GH,-3.22,902569000.0,None,1.586,-2.836,,196000,153790000,153790000,,,,,,,,,1000,85935000,None,22124000,22124000,7163000,None,None,28989000,None,None,3693000,,,,,0.0,0.4,-43115000,-39422000,-0.79,2019-03-31,None,575461000.0,3125000,-46133000,6000,7557000,7557000,None,3018000,733000,10256000,None,None,None,None,25916000,-46139000,-46139000,-2285000,None,-0.373,,46972000,-43847000,6151000,22410000,None,7270000,None,,,,,55.67,14.82,,,,,,,,-0.442,,30581000,2025-10-29,quarterly,-0.39,USD,pre-market,10859000,-303209000,-0.196,-45.84,0.385,7.27,9921000,196000,96000,313069000,60.95,93.71,50.6329,579171000,512255000,48192000,64537000,66916000,16345000,25249000,468134000,None,112.42,29.91
2025-12-28,GH,-3.22,902569000.0,None,1.586,-2.836,,119000,140544000,140544000,,,,,,,,,1000,84123000,None,22124000,22124000,10642000,None,None,35690000,None,None,3693000,,,,,0.0,0.4,-43115000,-39422000,-0.79,2018-12-31,None,575461000.0,3125000,-46133000,6000,7800000,7800000,None,3018000,733000,9136000,None,None,None,None,77563000,-46139000,-46139000,-2285000,None,-0.373,,46972000,-43847000,5204000,18694000,None,7544000,None,,,,,55.67,14.82,,,,,,,,-0.442,,31003000,2025-10-29,quarterly,-0.39,USD,pre-market,10859000,-280799000,-0.196,-45.84,0.385,7.27,9921000,216000,97000,278417000,60.95,93.71,50.6329,587403000,468991000,46944000,62451000,118412000,15507000,25249000,483152000,None,112.42,29.91
2025-12-28,GH,-3.22,902569000.0,None,1.586,-2.836,,137000,113957000,113957000,,,,,,,,,None,83557281,None,22124000,22124000,13081000,None,None,14640000,None,None,3693000,,,,,0.0,0.4,-43115000,-39422000,-0.79,2018-09-30,None,575461000.0,3125000,-46133000,6000,8044000,8044000,None,3018000,733000,7075000,None,None,137000,None,2963000,-46139000,-46139000,-2285000,None,-0.373,,46972000,-43847000,4024000,13770000,None,7652000,None,,,,,55.67,14.82,,,,,,,,-0.442,,30318000,2025-10-29,quarterly,-0.39,USD,pre-market,10859000,-255677000,-0.196,-45.84,0.385,7.27,9921000,239000,102000,157385000,60.95,93.71,50.6329,344599000,297081000,32050000,47462000,47518000,15412000,25249000,255187000,None,112.42,29.91
2025-12-28,GH,-3.22,902569000.0,None,1.586,-2.836,,None,110771000,110771000,,,,,,,,,None,83557281,None,22124000,22124000,8617000,None,260000,10563000,None,None,3693000,,,,,0.0,0.4,-43115000,-39422000,-0.79,2018-06-30,None,575461000.0,3125000,-46133000,6000,8310000,8310000,None,3018000,733000,6728000,None,None,154000,None,37768000,-46139000,-46139000,-2285000,None,-0.373,,46972000,-43847000,3037000,16059000,None,None,None,,,,,55.67,14.82,,,,,,,,-0.442,,29254000,2025-10-29,quarterly,-0.39,USD,pre-market,10859000,-231219000,-0.196,-45.84,0.385,7.27,9921000,260000,106000,152662000,60.95,93.71,50.6329,362847000,283761000,29806000,45066000,79086000,15260000,25249000,276781000,None,112.42,29.91
2025-12-28,GH,-3.22,902569000.0,None,1.586,-2.836,,None,-221320000,-221320000,,,,,,,,,None,70716000,None,22124000,22124000,None,None,659000,None,None,None,3693000,,,,,0.0,0.4,-43115000,-39422000,-0.79,2018-03-31,None,575461000.0,3125000,-46133000,6000,None,None,None,3018000,733000,None,None,None,None,None,None,-46139000,-46139000,-2285000,None,-0.373,,46972000,-43847000,None,None,None,None,None,,,,,55.67,14.82,,,,,,,,-0.442,,None,2025-10-29,quarterly,-0.39,USD,pre-market,10859000,None,-0.196,-45.84,0.385,7.27,9921000,None,659000,442640000,60.95,93.71,50.6329,None,221320000,None,None,-221320000,None,25249000,308606000,None,112.42,29.91
2025-12-28,GH,-3.22,902569000.0,None,1.586,-2.836,,None,72280000,72280000,,,,,,,,,None,70716000,None,22124000,22124000,4998000,None,659000,12787000,None,None,3693000,,,,,0.0,0.4,-43115000,-39422000,-0.79,2017-12-31,None,575461000.0,3125000,-46133000,6000,8739000,8739000,None,3018000,733000,7287000,None,None,460000,None,73254000,-46139000,-46139000,-2285000,None,-0.373,,46972000,-43847000,1541000,10412000,None,None,None,,,,,55.67,14.82,,,,,,,,-0.442,,16036000,2025-10-29,quarterly,-0.39,USD,pre-market,10859000,-195736000,-0.196,-45.84,0.385,7.27,9921000,659000,199000,149040000,60.95,93.71,50.6329,342938000,242935000,19627000,34332000,100003000,14705000,25249000,308606000,None,112.42,29.91
2025-12-28,GH,-3.22,902569000.0,None,1.586,-2.836,,None,72280000,72280000,,,,,,,,,None,70716000,None,22124000,22124000,4998000,None,659000,12787000,None,None,3693000,,,,,0.0,0.4,-43115000,-39422000,-0.79,2017-09-30,None,575461000.0,3125000,-46133000,6000,8739000,8739000,None,3018000,733000,7287000,None,None,None,None,73254000,-46139000,-46139000,-2285000,None,-0.373,,46972000,-43847000,None,7018000,None,None,None,,,,,55.67,14.82,,,,,,,,-0.442,,16036000,2025-10-29,quarterly,-0.39,USD,pre-market,10859000,-195736000,-0.196,-45.84,0.385,7.27,9921000,None,659000,149040000,60.95,93.71,50.6329,342938000,242935000,19627000,34332000,None,None,25249000,-191368000,None,112.42,29.91
2025-12-28,GH,-3.22,902569000.0,None,1.586,-2.836,,None,None,None,,,,,,,,,None,13223589,None,22124000,22124000,None,None,None,None,None,None,3693000,,,,,0.0,0.4,-43115000,-39422000,-0.79,2017-06-30,None,575461000.0,3125000,-46133000,6000,None,None,None,3018000,733000,None,None,None,None,None,None,-46139000,-46139000,-2285000,None,-0.373,,46972000,-43847000,None,None,None,None,None,,,,,55.67,14.82,,,,,,,,-0.442,,None,2025-10-29,quarterly,-0.39,None,pre-market,10859000,None,-0.196,-45.84,0.385,7.27,9921000,None,None,None,60.95,93.71,50.6329,None,None,None,None,None,None,25249000,None,None,112.42,29.91
2025-12-28,GH,-3.22,902569000.0,None,1.586,-2.836,,None,-95256000,-95256000,,,,,,,,,None,13223589,None,22124000,22124000,None,None,None,None,None,None,3693000,,,,,0.0,0.4,-43115000,-39422000,-0.79,2017-03-31,None,575461000.0,3125000,-46133000,6000,None,None,None,3018000,733000,None,None,None,None,None,None,-46139000,-46139000,-2285000,None,-0.373,,46972000,-43847000,None,None,None,None,None,,,,,55.67,14.82,,,,,,,,-0.442,,None,2025-10-29,quarterly,-0.39,None,pre-market,10859000,None,-0.196,-45.84,0.385,7.27,9921000,None,None,190512000,60.95,93.71,50.6329,None,95256000,None,None,-95256000,None,25249000,79696000,None,112.42,29.91
2025-12-28,GH,-3.22,902569000.0,None,1.586,-2.836,,None,33591000,33591000,,,,,,,,,None,None,None,22124000,22124000,3157000,None,17039000,3495000,None,None,3693000,,,,,0.0,0.4,-43115000,-39422000,-0.79,2016-12-31,None,575461000.0,3125000,-46133000,6000,None,None,None,3018000,733000,2769000,None,None,16908000,None,None,-46139000,-46139000,-2285000,None,-0.373,,46972000,-43847000,1571000,10645000,None,None,None,,,,,55.67,14.82,,,,,,,,-0.442,,12634000,2025-10-29,quarterly,-0.39,USD,pre-market,10859000,-107625000,-0.196,-45.84,0.385,7.27,9921000,None,17039000,61665000,60.95,93.71,50.6329,116565000,103091000,14278000,36869000,None,None,25249000,79696000,None,112.42,29.91
2025-12-28,GH,-3.22,902569000.0,None,1.586,-2.836,,193505000,525540000,525540000,,,,,,,,,1000,122745000,None,22124000,22124000,38551000,None,None,110253000,None,None,3693000,,,,,0.0,0.4,-43115000,-39422000,-0.79,2024-12-31,3290000,575461000.0,3125000,-46133000,6000,6760000,6760000,None,3018000,733000,71083000,None,None,1142547000,None,None,-46139000,-46139000,-2285000,None,-0.373,,46972000,-43847000,33800000,122351000,None,92834000,None,,,,,55.67,14.82,,,,,,,,-0.442,,None,2025-10-29,annual,-0.39,USD,pre-market,10859000,-2578235000,-0.196,-45.84,0.385,7.27,9921000,1336052000,29213000,314438000,60.95,93.71,50.6329,1485609000,1055114000,225583000,1625256000,430495000,1399673000,25249000,-139647000,None,112.42,29.91
2025-12-28,GH,-3.22,902569000.0,None,1.586,-2.836,,213798000,1133537000,1133537000,,,,,,,,,1000,111988000,None,22124000,22124000,51741000,None,None,88783000,None,None,3693000,,,,,0.0,0.4,-43115000,-39422000,-0.79,2023-12-31,3290000,575461000.0,3125000,-46133000,6000,8979000,8979000,None,3018000,733000,61948000,None,None,1139966000,None,None,-46139000,-46139000,-2285000,None,-0.373,,46972000,-43847000,27741000,108261000,None,96006000,None,,,,,55.67,14.82,,,,,,,,-0.442,,None,2025-10-29,annual,-0.39,USD,pre-market,10859000,-2141862000,-0.196,-45.84,0.385,7.27,9921000,1353764000,27950000,35097000,60.95,93.71,50.6329,1786421000,1347106000,205917000,1627737000,439315000,1421820000,25249000,158684000,None,112.42,29.91
2025-12-28,GH,-3.22,902569000.0,None,1.586,-2.836,,231893000,141647000,141647000,,,,,,,,,1000,102178000,None,22124000,22124000,68911000,None,None,97256000,None,None,3693000,,,,,0.0,0.4,-43115000,-39422000,-0.79,2022-12-31,3290000,575461000.0,3125000,-46133000,6000,11727000,11727000,None,3018000,733000,51598000,None,None,1137391000,None,0,-46139000,-46139000,-2285000,None,-0.373,,46972000,-43847000,31509000,85028000,None,9179000,None,,,,,55.67,14.82,,,,,,,,-0.442,,167920000,2025-10-29,annual,-0.39,USD,pre-market,10859000,-1662413000,-0.196,-45.84,0.385,7.27,9921000,1369284000,21878000,869584000,60.95,93.71,50.6329,1609985000,1191594000,193220000,1549805000,418391000,1356585000,25249000,60180000,None,112.42,29.91
2025-12-28,GH,-3.22,902569000.0,None,1.586,-2.836,,226053000,492202000,492202000,,,,,,,,,1000,101314000,None,22124000,22124000,38517000,None,None,97652000,None,None,3693000,,,,,0.0,0.4,-43115000,-39422000,-0.79,2021-12-31,3290000,575461000.0,3125000,-46133000,6000,14207000,14207000,None,3018000,733000,30674000,None,None,1134821000,None,698034000,-46139000,-46139000,-2285000,None,-0.373,,46972000,-43847000,53052000,127765000,None,3933000,None,,,,,55.67,14.82,,,,,,,,-0.442,,313904000,2025-10-29,annual,-0.39,USD,pre-market,10859000,-1007825000,-0.196,-45.84,0.385,7.27,9921000,1373730000,12856000,440546000,60.95,93.71,50.6329,2204499000,1114126000,194687000,1559494000,1090373000,1364807000,25249000,645005000,None,112.42,29.91
2025-12-28,GH,-3.22,902569000.0,None,1.586,-2.836,,41565000,832977000,832977000,,,,,,,,,1000,97504000,None,22124000,22124000,7340000,None,None,53299000,None,None,3693000,,,,,0.0,0.4,-43115000,-39422000,-0.79,2020-12-31,3290000,575461000.0,3125000,-46133000,6000,16155000,16155000,None,3018000,733000,22716000,None,None,806292000,None,246597000,-46139000,-46139000,-2285000,None,-0.373,,46972000,-43847000,17466000,39653000,None,43085000,None,,,,,55.67,14.82,,,,,,,,-0.442,,62782000,2025-10-29,annual,-0.39,USD,pre-market,10859000,-606592000,-0.196,-45.84,0.385,7.27,9921000,854489000,6632000,961903000,60.95,93.71,50.6329,2271781000,1888361000,66809000,916186000,383420000,849377000,25249000,1298495000,None,112.42,29.91
2025-12-28,GH,-3.22,902569000.0,None,1.586,-2.836,,40396000,143228000,143228000,,,,,,,,,1000,90597000,None,22124000,22124000,16197000,None,None,47986000,None,None,3693000,,,,,0.0,0.4,-43115000,-39422000,-0.79,2019-12-31,3290000,575461000.0,3125000,-46133000,6000,15414000,15414000,None,3018000,733000,15181000,None,None,None,None,268783000,-46139000,-46139000,-2285000,None,-0.373,,46972000,-43847000,11389000,34070000,None,8552000,None,,,,,55.67,14.82,,,,,,,,-0.442,,72808000,2025-10-29,annual,-0.39,USD,pre-market,10859000,-352809000,-0.196,-45.84,0.385,7.27,9921000,40396000,7140000,379574000,60.95,93.71,50.6329,962535000,597358000,72734000,114542000,365177000,41808000,25249000,798393000,None,112.42,29.91
2025-12-28,GH,-3.22,902569000.0,None,1.586,-2.836,,216000,140544000,140544000,,,,,,,,,1000,85029000,None,22124000,22124000,10642000,None,None,35690000,None,None,3693000,,,,,0.0,0.4,-43115000,-39422000,-0.79,2018-12-31,None,575461000.0,3125000,-46133000,6000,7800000,7800000,None,3018000,733000,9136000,None,None,None,None,77563000,-46139000,-46139000,-2285000,None,-0.373,,46972000,-43847000,5204000,18694000,None,7544000,None,,,,,55.67,14.82,,,,,,,,-0.442,,31003000,2025-10-29,annual,-0.39,USD,pre-market,10859000,-280799000,-0.196,-45.84,0.385,7.27,9921000,216000,97000,278417000,60.95,93.71,50.6329,587403000,468991000,46944000,62451000,118412000,15507000,25249000,483152000,None,112.42,29.91
2025-12-28,GH,-3.22,902569000.0,None,1.586,-2.836,,659000,72280000,72280000,,,,,,,,,None,70716000,None,22124000,22124000,4998000,None,659000,12787000,None,None,3693000,,,,,0.0,0.4,-43115000,-39422000,-0.79,2017-12-31,None,575461000.0,3125000,-46133000,6000,8739000,8739000,None,3018000,733000,7287000,None,None,460000,None,73254000,-46139000,-46139000,-2285000,None,-0.373,,46972000,-43847000,1541000,10412000,None,7708000,None,,,,,55.67,14.82,,,,,,,,-0.442,,16036000,2025-10-29,annual,-0.39,USD,pre-market,10859000,-195736000,-0.196,-45.84,0.385,7.27,9921000,659000,199000,149040000,60.95,93.71,50.6329,342938000,242935000,19627000,34332000,100003000,14705000,25249000,308606000,None,112.42,29.91
2025-12-28,GH,-3.22,902569000.0,None,1.586,-2.836,,557000,33591000,33591000,,,,,,,,,None,13223589,None,22124000,22124000,3157000,None,17039000,3495000,None,None,3693000,,,,,0.0,0.4,-43115000,-39422000,-0.79,2016-12-31,None,575461000.0,3125000,-46133000,6000,None,None,None,3018000,733000,2769000,None,None,16482000,None,0,-46139000,-46139000,-2285000,None,-0.373,,46972000,-43847000,1571000,8747000,None,57000,None,,,,,55.67,14.82,,,,,,,,-0.442,,12634000,2025-10-29,annual,-0.39,USD,pre-market,10859000,-107625000,-0.196,-45.84,0.385,7.27,9921000,17039000,131000,61665000,60.95,93.71,50.6329,116565000,103091000,14278000,36869000,13474000,22591000,25249000,79696000,None,112.42,29.91
2025-12-28,GH,-3.22,902569000.0,None,1.586,-2.836,10350000,557000,33591000,33591000,4331000,-14350000,None,None,-6428000,None,None,None,None,13223589,None,22124000,22124000,3157000,None,17039000,3495000,None,None,3693000,9408000,None,None,None,0.0,0.4,-43115000,-39422000,-0.79,2025-09-30,None,575461000.0,3125000,-46133000,6000,None,None,None,3018000,733000,2769000,None,None,16482000,None,0,-92725000,-46139000,-2285000,None,-0.373,-35413000,46972000,-43847000,1571000,8747000,None,57000,None,None,None,None,None,55.67,14.82,None,None,None,None,None,52690000,None,-0.442,None,12634000,2025-10-29,quarterly,-0.39,USD,pre-market,10859000,-107625000,-0.196,-45.84,0.385,7.27,9921000,17039000,131000,61665000,60.95,93.71,50.6329,116565000,103091000,14278000,36869000,13474000,22591000,25249000,79696000,None,112.42,29.91
2025-12-28,GH,-3.22,902569000.0,None,1.586,-2.836,5649000,557000,33591000,33591000,1624000,-10649000,None,None,-6805000,None,None,None,None,13223589,None,22124000,22124000,3157000,None,17039000,3495000,None,None,3693000,10042000,None,None,None,0.0,0.4,-43115000,-39422000,-0.79,2025-06-30,None,575461000.0,3125000,-46133000,6000,None,None,None,3018000,733000,2769000,None,None,16482000,None,0,-99899000,-46139000,-2285000,None,-0.373,-60285000,46972000,-43847000,1571000,8747000,None,57000,None,None,None,None,None,55.67,14.82,None,None,None,None,None,7680000,None,-0.442,None,12634000,2025-10-29,quarterly,-0.39,USD,pre-market,10859000,-107625000,-0.196,-45.84,0.385,7.27,9921000,17039000,131000,61665000,60.95,93.71,50.6329,116565000,103091000,14278000,36869000,13474000,22591000,25249000,79696000,None,112.42,29.91
2025-12-28,GH,-3.22,902569000.0,None,1.586,-2.836,4459000,557000,33591000,33591000,-66850000,302864000,None,None,-6173000,None,None,None,None,13223589,None,22124000,22124000,3157000,None,17039000,3495000,None,None,3693000,10236000,None,None,None,0.0,0.4,-43115000,-39422000,-0.79,2025-03-31,None,575461000.0,3125000,-46133000,6000,None,None,None,3018000,733000,2769000,None,None,16482000,None,0,-95159000,-46139000,-2285000,None,-0.373,-62689000,46972000,-43847000,1571000,8747000,None,57000,None,None,None,None,None,55.67,14.82,None,None,None,None,None,-45010000,None,-0.442,None,12634000,2025-10-29,quarterly,-0.39,USD,pre-market,10859000,-107625000,-0.196,-45.84,0.385,7.27,9921000,17039000,131000,61665000,60.95,93.71,50.6329,116565000,103091000,14278000,36869000,13474000,22591000,25249000,79696000,None,112.42,29.91
2025-12-28,GH,-3.22,902569000.0,None,1.586,-2.836,18875000,557000,33591000,33591000,-2935000,10530000,None,None,1214000,None,None,None,None,13223589,None,22124000,22124000,3157000,None,17039000,3495000,None,None,3693000,10454000,None,None,None,0.0,0.4,-43115000,-39422000,-0.79,2024-12-31,None,575461000.0,3125000,-46133000,6000,None,None,None,3018000,733000,2769000,None,None,16482000,None,0,-111006000,-46139000,-2285000,None,-0.373,-64513000,46972000,-43847000,1571000,8747000,None,57000,None,None,None,None,None,55.67,14.82,None,None,None,None,None,None,None,-0.442,None,12634000,2025-10-29,quarterly,-0.39,USD,pre-market,10859000,-107625000,-0.196,-45.84,0.385,7.27,9921000,17039000,131000,61665000,60.95,93.71,50.6329,116565000,103091000,14278000,36869000,13474000,22591000,25249000,79696000,None,112.42,29.91
2025-12-28,GH,-3.22,902569000.0,None,1.586,-2.836,4199000,557000,33591000,33591000,-2885000,-294827000,None,None,-5314000,None,None,None,None,13223589,None,22124000,22124000,3157000,None,17039000,3495000,None,None,3693000,10598000,None,None,None,0.0,0.4,-43115000,-39422000,-0.79,2024-09-30,None,575461000.0,3125000,-46133000,6000,None,None,None,3018000,733000,2769000,None,None,16482000,None,0,-107754000,-46139000,-2285000,None,-0.373,-51059000,46972000,-43847000,1571000,8747000,None,57000,None,None,None,None,None,55.67,14.82,None,None,None,None,None,1544000,None,-0.442,None,12634000,2025-10-29,quarterly,-0.39,USD,pre-market,10859000,-107625000,-0.196,-45.84,0.385,7.27,9921000,17039000,131000,61665000,60.95,93.71,50.6329,116565000,103091000,14278000,36869000,13474000,22591000,25249000,79696000,None,112.42,29.91
2025-12-28,GH,-3.22,902569000.0,None,1.586,-2.836,5077000,557000,33591000,33591000,5898000,-5077000,None,None,-3993000,None,None,None,None,13223589,None,22124000,22124000,3157000,None,17039000,3495000,None,None,3693000,10623000,None,None,None,0.0,0.4,-43115000,-39422000,-0.79,2024-06-30,None,575461000.0,3125000,-46133000,6000,None,None,None,3018000,733000,2769000,None,None,16482000,None,0,-102628000,-46139000,-2285000,None,-0.373,-94002000,46972000,-43847000,1571000,8747000,None,57000,None,None,None,None,None,55.67,14.82,None,None,None,None,None,7212000,None,-0.442,None,12634000,2025-10-29,quarterly,-0.39,USD,pre-market,10859000,-107625000,-0.196,-45.84,0.385,7.27,9921000,17039000,131000,61665000,60.95,93.71,50.6329,116565000,103091000,14278000,36869000,13474000,22591000,25249000,79696000,None,112.42,29.91
2025-12-28,GH,-3.22,902569000.0,None,1.586,-2.836,6934000,557000,33591000,33591000,-1074000,28066000,None,None,-1042000,None,None,None,None,13223589,None,22124000,22124000,3157000,None,17039000,3495000,None,None,3693000,10712000,None,None,None,0.0,0.4,-43115000,-39422000,-0.79,2024-03-31,None,575461000.0,3125000,-46133000,6000,None,None,None,3018000,733000,2769000,None,None,16482000,None,0,-114985000,-46139000,-2285000,None,-0.373,-30284000,46972000,-43847000,1571000,8747000,None,57000,None,None,None,None,None,55.67,14.82,None,None,None,None,None,-1544000,None,-0.442,None,12634000,2025-10-29,quarterly,-0.39,USD,pre-market,10859000,-107625000,-0.196,-45.84,0.385,7.27,9921000,17039000,131000,61665000,60.95,93.71,50.6329,116565000,103091000,14278000,36869000,13474000,22591000,25249000,79696000,None,112.42,29.91
2025-12-28,GH,-3.22,902569000.0,None,1.586,-2.836,4077000,557000,33591000,33591000,90568000,663454000,None,None,15085000,None,None,None,None,13223589,None,22124000,22124000,3157000,None,17039000,3495000,None,None,3693000,10868000,21194000,21194000,None,0.0,0.4,-43115000,-39422000,-0.79,2023-12-31,None,575461000.0,3125000,-46133000,6000,None,None,None,3018000,733000,2769000,None,None,16482000,None,0,-187043000,-46139000,-2285000,None,-0.373,-78728000,46972000,-43847000,1571000,8747000,None,57000,None,None,None,None,None,55.67,14.82,None,None,None,None,None,-3085000,None,-0.442,None,12634000,2025-10-29,quarterly,-0.39,USD,pre-market,10859000,-107625000,-0.196,-45.84,0.385,7.27,9921000,17039000,131000,61665000,60.95,93.71,50.6329,116565000,103091000,14278000,36869000,13474000,22591000,25249000,79696000,None,112.42,29.91
2025-12-28,GH,-3.22,902569000.0,None,1.586,-2.836,2372000,557000,33591000,33591000,3807000,260699000,None,None,-16504000,None,None,None,None,13223589,None,22124000,22124000,3157000,None,17039000,3495000,None,None,3693000,11037000,4594000,4594000,None,0.0,0.4,-43115000,-39422000,-0.79,2023-09-30,None,575461000.0,3125000,-46133000,6000,None,None,None,3018000,733000,2769000,None,None,16482000,None,0,-86102000,-46139000,-2285000,None,-0.373,-77791000,46972000,-43847000,1571000,8747000,None,57000,None,None,None,None,None,55.67,14.82,None,None,None,None,None,-3003000,None,-0.442,None,12634000,2025-10-29,quarterly,-0.39,USD,pre-market,10859000,-107625000,-0.196,-45.84,0.385,7.27,9921000,17039000,131000,61665000,60.95,93.71,50.6329,116565000,103091000,14278000,36869000,13474000,22591000,25249000,79696000,None,112.42,29.91
2025-12-28,GH,-3.22,902569000.0,None,1.586,-2.836,6513000,557000,33591000,33591000,383854000,-241127000,48712000,None,-14056000,None,None,-1654000,None,13223589,None,22124000,22124000,3157000,None,17039000,3495000,None,None,3693000,10631000,21194000,21194000,None,0.0,0.4,-43115000,-39422000,-0.79,2023-06-30,None,575461000.0,3125000,-46133000,6000,None,None,None,3018000,733000,2769000,None,None,16482000,None,0,-72771000,-46139000,-2285000,None,-0.373,-94015000,46972000,-43847000,1571000,8747000,None,57000,None,None,None,None,None,55.67,14.82,None,None,None,None,None,6697000,None,-0.442,None,12634000,2025-10-29,quarterly,-0.39,USD,pre-market,10859000,-107625000,-0.196,-45.84,0.385,7.27,9921000,17039000,131000,61665000,60.95,93.71,50.6329,116565000,103091000,14278000,36869000,13474000,22591000,25249000,79696000,None,112.42,29.91
2025-12-28,GH,-3.22,902569000.0,None,1.586,-2.836,7524000,557000,33591000,33591000,-854000,157224000,81929000,None,5125000,None,None,12349000,None,13223589,None,22124000,22124000,3157000,None,17039000,3495000,None,None,3693000,10345000,993000,993000,None,0.0,0.4,-43115000,-39422000,-0.79,2023-03-31,None,575461000.0,3125000,-46133000,6000,None,None,None,3018000,733000,2769000,None,None,16482000,None,0,-133533000,-46139000,-2285000,None,-0.373,-74441000,46972000,-43847000,1571000,8747000,None,57000,None,None,None,None,None,55.67,14.82,None,None,None,None,None,-993000,None,-0.442,None,12634000,2025-10-29,quarterly,-0.39,USD,pre-market,10859000,-107625000,-0.196,-45.84,0.385,7.27,9921000,17039000,131000,61665000,60.95,93.71,50.6329,116565000,103091000,14278000,36869000,13474000,22591000,25249000,79696000,None,112.42,29.91
2025-12-28,GH,-3.22,902569000.0,None,1.586,-2.836,10001000,557000,33591000,33591000,2318000,70627000,-17804000,None,11449000,None,None,-11056000,None,13223589,None,22124000,22124000,3157000,None,17039000,3495000,None,None,3693000,10169000,None,None,None,0.0,0.4,-43115000,-39422000,-0.79,2022-12-31,None,575461000.0,3125000,-46133000,6000,None,None,None,3018000,733000,2769000,None,None,16482000,None,0,-139934000,-46139000,-2285000,None,-0.373,-90749000,46972000,-43847000,1571000,8747000,None,57000,None,None,None,None,None,55.67,14.82,None,None,None,None,None,-1359000,None,-0.442,None,12634000,2025-10-29,quarterly,-0.39,USD,pre-market,10859000,-107625000,-0.196,-45.84,0.385,7.27,9921000,17039000,131000,61665000,60.95,93.71,50.6329,116565000,103091000,14278000,36869000,13474000,22591000,25249000,79696000,None,112.42,29.91
2025-12-28,GH,-3.22,902569000.0,None,1.586,-2.836,21726000,557000,33591000,33591000,-19312000,41274000,-56198000,None,-3157000,None,None,9076000,None,13223589,None,22124000,22124000,3157000,None,17039000,3495000,None,None,3693000,9807000,3993000,3993000,None,0.0,0.4,-43115000,-39422000,-0.79,2022-09-30,None,575461000.0,3125000,-46133000,6000,None,None,None,3018000,733000,2769000,None,None,16482000,None,0,-161994000,-46139000,-2285000,None,-0.373,-78160000,46972000,-43847000,1571000,8747000,None,57000,None,None,None,None,None,55.67,14.82,None,None,None,None,None,-4340000,None,-0.442,None,12634000,2025-10-29,quarterly,-0.39,USD,pre-market,10859000,-107625000,-0.196,-45.84,0.385,7.27,9921000,17039000,131000,61665000,60.95,93.71,50.6329,116565000,103091000,14278000,36869000,13474000,22591000,25249000,79696000,None,112.42,29.91
2025-12-28,GH,-3.22,902569000.0,None,1.586,-2.836,23034000,557000,33591000,33591000,-172087000,-72893000,-356915000,None,-23281000,None,None,-10944000,None,13223589,None,22124000,22124000,3157000,None,17039000,3495000,None,None,3693000,8785000,None,None,None,0.0,0.4,-43115000,-39422000,-0.79,2022-06-30,None,575461000.0,3125000,-46133000,6000,None,None,None,3018000,733000,2769000,None,None,16482000,None,0,-229432000,-46139000,-2285000,None,-0.373,-111935000,46972000,-43847000,1571000,8747000,None,57000,None,None,None,None,None,55.67,14.82,None,None,None,None,None,-1222000,None,-0.442,None,12634000,2025-10-29,quarterly,-0.39,USD,pre-market,10859000,-107625000,-0.196,-45.84,0.385,7.27,9921000,17039000,131000,61665000,60.95,93.71,50.6329,116565000,103091000,14278000,36869000,13474000,22591000,25249000,79696000,None,112.42,29.91
2025-12-28,GH,-3.22,902569000.0,None,1.586,-2.836,22700000,557000,33591000,33591000,-12000,110808000,82177000,None,-5937000,None,None,13299000,None,13223589,None,22124000,22124000,3157000,None,17039000,3495000,None,None,3693000,7201000,None,None,None,0.0,0.4,-43115000,-39422000,-0.79,2022-03-31,None,575461000.0,3125000,-46133000,6000,None,None,None,3018000,733000,2769000,None,None,16482000,None,0,-123228000,-46139000,-2285000,None,-0.373,-28619000,46972000,-43847000,1571000,8747000,None,57000,None,None,None,None,None,55.67,14.82,None,None,None,None,None,-957000,None,-0.442,None,12634000,2025-10-29,quarterly,-0.39,USD,pre-market,10859000,-107625000,-0.196,-45.84,0.385,7.27,9921000,17039000,131000,61665000,60.95,93.71,50.6329,116565000,103091000,14278000,36869000,13474000,22591000,25249000,79696000,None,112.42,29.91
2025-12-28,GH,-3.22,902569000.0,None,1.586,-2.836,24625000,557000,33591000,33591000,3780000,-266697000,-339905000,None,-5934000,None,None,-36908000,None,13223589,None,22124000,22124000,3157000,None,17039000,3495000,None,None,3693000,6090000,12466000,12466000,None,0.0,0.4,-43115000,-39422000,-0.79,2021-12-31,None,575461000.0,3125000,-46133000,6000,None,None,None,3018000,733000,2769000,None,None,16482000,None,0,-72311000,-46139000,-2285000,None,-0.373,-76988000,46972000,-43847000,1571000,8747000,None,57000,None,None,None,None,None,55.67,14.82,None,None,None,None,None,-1602000,None,-0.442,None,12634000,2025-10-29,quarterly,-0.39,USD,pre-market,10859000,-107625000,-0.196,-45.84,0.385,7.27,9921000,17039000,131000,61665000,60.95,93.71,50.6329,116565000,103091000,14278000,36869000,13474000,22591000,25249000,79696000,None,112.42,29.91
2025-12-28,GH,-3.22,902569000.0,None,1.586,-2.836,22149000,557000,33591000,33591000,-5560000,-47394000,-106099000,None,1755000,None,None,-7077000,None,13223589,None,22124000,22124000,3157000,None,17039000,3495000,None,None,3693000,5544000,None,None,None,0.0,0.4,-43115000,-39422000,-0.79,2021-09-30,None,575461000.0,3125000,-46133000,6000,None,None,None,3018000,733000,2769000,None,None,16482000,None,0,-107526000,-46139000,-2285000,None,-0.373,-53145000,46972000,-43847000,1571000,8747000,None,57000,None,None,None,None,None,55.67,14.82,None,None,None,None,None,-7199000,None,-0.442,None,12634000,2025-10-29,quarterly,-0.39,USD,pre-market,10859000,-107625000,-0.196,-45.84,0.385,7.27,9921000,17039000,131000,61665000,60.95,93.71,50.6329,116565000,103091000,14278000,36869000,13474000,22591000,25249000,79696000,None,112.42,29.91
2025-12-28,GH,-3.22,902569000.0,None,1.586,-2.836,18675000,557000,33591000,33591000,4909000,127066000,69382000,None,2382000,None,None,-5628000,None,13223589,None,22124000,22124000,3157000,None,17039000,3495000,None,None,3693000,5627000,None,None,None,0.0,0.4,-43115000,-39422000,-0.79,2021-06-30,None,575461000.0,3125000,-46133000,6000,None,None,None,3018000,733000,2769000,None,None,16482000,None,0,-97575000,-46139000,-2285000,None,-0.373,-62593000,46972000,-43847000,1571000,8747000,None,57000,None,None,None,None,None,55.67,14.82,None,None,None,None,None,-1382000,None,-0.442,None,12634000,2025-10-29,quarterly,-0.39,USD,pre-market,10859000,-107625000,-0.196,-45.84,0.385,7.27,9921000,17039000,131000,61665000,60.95,93.71,50.6329,116565000,103091000,14278000,36869000,13474000,22591000,25249000,79696000,None,112.42,29.91
2025-12-28,GH,-3.22,902569000.0,None,1.586,-2.836,9586000,557000,33591000,33591000,-69953000,123870000,37626000,None,-6160000,None,None,5260000,None,13223589,None,22124000,22124000,3157000,None,17039000,3495000,None,None,3693000,5010000,None,None,None,0.0,0.4,-43115000,-39422000,-0.79,2021-03-31,None,575461000.0,3125000,-46133000,6000,None,None,None,3018000,733000,2769000,None,None,16482000,None,0,-107358000,-46139000,-2285000,None,-0.373,-16291000,46972000,-43847000,1571000,8747000,None,57000,None,None,None,None,None,55.67,14.82,None,None,None,None,None,-73576000,None,-0.442,None,12634000,2025-10-29,quarterly,-0.39,USD,pre-market,10859000,-107625000,-0.196,-45.84,0.385,7.27,9921000,17039000,131000,61665000,60.95,93.71,50.6329,116565000,103091000,14278000,36869000,13474000,22591000,25249000,79696000,None,112.42,29.91
2025-12-28,GH,-3.22,902569000.0,None,1.586,-2.836,7282000,557000,33591000,33591000,1046724000,-297685000,None,None,5015000,None,None,None,None,13223589,None,22124000,22124000,3157000,None,17039000,3495000,None,None,3693000,4603000,1490913000,1490913000,None,0.0,0.4,-43115000,-39422000,-0.79,2020-12-31,None,575461000.0,3125000,-46133000,6000,None,None,None,3018000,733000,2769000,None,None,16482000,None,0,-93045000,-46139000,-2285000,None,-0.373,-59223000,46972000,-43847000,1571000,8747000,None,57000,None,None,None,None,None,55.67,14.82,None,None,None,None,None,7095000,None,-0.442,None,12634000,2025-10-29,quarterly,-0.39,USD,pre-market,10859000,-107625000,-0.196,-45.84,0.385,7.27,9921000,17039000,131000,61665000,60.95,93.71,50.6329,116565000,103091000,14278000,36869000,13474000,22591000,25249000,79696000,None,112.42,29.91
2025-12-28,GH,-3.22,902569000.0,None,1.586,-2.836,9786000,557000,33591000,33591000,797000,-14656000,-21916000,None,-7377000,None,None,4687000,None,13223589,None,22124000,22124000,3157000,None,17039000,3495000,None,None,3693000,4353000,None,None,None,0.0,0.4,-43115000,-39422000,-0.79,2020-09-30,None,575461000.0,3125000,-46133000,6000,None,None,None,3018000,733000,2769000,None,None,16482000,None,0,-71670000,-46139000,-2285000,None,-0.373,-8057000,46972000,-43847000,1571000,8747000,None,57000,None,None,None,None,None,55.67,14.82,None,None,None,None,None,-2247000,None,-0.442,None,12634000,2025-10-29,quarterly,-0.39,USD,pre-market,10859000,-107625000,-0.196,-45.84,0.385,7.27,9921000,17039000,131000,61665000,60.95,93.71,50.6329,116565000,103091000,14278000,36869000,13474000,22591000,25249000,79696000,None,112.42,29.91
2025-12-28,GH,-3.22,902569000.0,None,1.586,-2.836,9507000,557000,33591000,33591000,361320000,-325549000,12406000,None,4794000,None,None,7073000,None,13223589,None,22124000,22124000,3157000,None,17039000,3495000,None,None,3693000,3805000,None,None,None,0.0,0.4,-43115000,-39422000,-0.79,2020-06-30,None,575461000.0,3125000,-46133000,6000,None,None,None,3018000,733000,2769000,None,None,16482000,None,0,-49739000,-46139000,-2285000,None,-0.373,-23365000,46972000,-43847000,1571000,8747000,None,57000,None,None,None,None,None,55.67,14.82,None,None,None,None,None,361361000,None,-0.442,None,12634000,2025-10-29,quarterly,-0.39,USD,pre-market,10859000,-107625000,-0.196,-45.84,0.385,7.27,9921000,17039000,131000,61665000,60.95,93.71,50.6329,116565000,103091000,14278000,36869000,13474000,22591000,25249000,79696000,None,112.42,29.91
2025-12-28,GH,-3.22,902569000.0,None,1.586,-2.836,27484000,557000,33591000,33591000,1466000,20804000,8988000,None,-9967000,None,None,-179000,None,13223589,None,22124000,22124000,3157000,None,17039000,3495000,None,None,3693000,3304000,None,None,None,0.0,0.4,-43115000,-39422000,-0.79,2020-03-31,None,575461000.0,3125000,-46133000,6000,None,None,None,3018000,733000,2769000,None,None,16482000,None,0,-31829000,-46139000,-2285000,None,-0.373,-13282000,46972000,-43847000,1571000,8747000,None,57000,None,None,None,None,None,55.67,14.82,None,None,None,None,None,-723000,None,-0.442,None,12634000,2025-10-29,quarterly,-0.39,USD,pre-market,10859000,-107625000,-0.196,-45.84,0.385,7.27,9921000,17039000,131000,61665000,60.95,93.71,50.6329,116565000,103091000,14278000,36869000,13474000,22591000,25249000,79696000,None,112.42,29.91
2025-12-28,GH,-3.22,902569000.0,None,1.586,-2.836,7089000,557000,33591000,33591000,3077000,23358000,-3907000,None,-421000,None,None,-8297000,None,13223589,None,22124000,22124000,3157000,None,17039000,3495000,None,None,3693000,5646000,2567000,2567000,None,0.0,0.4,-43115000,-39422000,-0.79,2019-12-31,None,575461000.0,3125000,-46133000,6000,None,None,None,3018000,733000,2769000,None,None,16482000,None,0,-22110000,-46139000,-2285000,None,-0.373,-30342000,46972000,-43847000,1571000,8747000,None,57000,None,None,None,None,None,55.67,14.82,None,None,None,None,None,-723000,None,-0.442,None,12634000,2025-10-29,quarterly,-0.39,USD,pre-market,10859000,-107625000,-0.196,-45.84,0.385,7.27,9921000,17039000,131000,61665000,60.95,93.71,50.6329,116565000,103091000,14278000,36869000,13474000,22591000,25249000,79696000,None,112.42,29.91
2025-12-28,GH,-3.22,902569000.0,None,1.586,-2.836,8444000,557000,33591000,33591000,6871000,-35730000,-27512000,None,-584000,None,None,674000,None,13223589,None,22124000,22124000,3157000,None,17039000,3495000,None,None,3693000,1319000,None,None,None,0.0,0.4,-43115000,-39422000,-0.79,2019-09-30,None,575461000.0,3125000,-46133000,6000,None,None,None,3018000,733000,2769000,None,None,16482000,None,0,-13090000,-46139000,-2285000,None,-0.373,1347000,46972000,-43847000,1571000,8747000,None,57000,None,None,None,None,None,55.67,14.82,None,None,None,None,None,6965000,None,-0.442,None,12634000,2025-10-29,quarterly,-0.39,USD,pre-market,10859000,-107625000,-0.196,-45.84,0.385,7.27,9921000,17039000,131000,61665000,60.95,93.71,50.6329,116565000,103091000,14278000,36869000,13474000,22591000,25249000,79696000,None,112.42,29.91
2025-12-28,GH,-3.22,902569000.0,None,1.586,-2.836,3047000,557000,33591000,33591000,355068000,-320527000,20705000,None,-3920000,None,None,-11374000,None,13223589,None,22124000,22124000,3157000,None,17039000,3495000,None,None,3693000,3488000,None,None,None,0.0,0.4,-43115000,-39422000,-0.79,2019-06-30,None,575461000.0,3125000,-46133000,6000,None,None,None,3018000,733000,2769000,None,None,16482000,None,0,-11300000,-46139000,-2285000,None,-0.373,-13836000,46972000,-43847000,1571000,8747000,None,57000,None,None,None,None,None,55.67,14.82,None,None,None,None,None,355187000,None,-0.442,None,12634000,2025-10-29,quarterly,-0.39,USD,pre-market,10859000,-107625000,-0.196,-45.84,0.385,7.27,9921000,17039000,131000,61665000,60.95,93.71,50.6329,116565000,103091000,14278000,36869000,13474000,22591000,25249000,79696000,None,112.42,29.91
2025-12-28,GH,-3.22,902569000.0,None,1.586,-2.836,2705000,557000,33591000,33591000,2288000,15329000,13314000,None,-1120000,None,None,11608000,None,13223589,None,22124000,22124000,3157000,None,17039000,3495000,None,None,3693000,3156000,1395000,1395000,None,0.0,0.4,-43115000,-39422000,-0.79,2019-03-31,None,575461000.0,3125000,-46133000,6000,None,None,None,3018000,733000,2769000,None,None,16482000,None,0,-21351000,-46139000,-2285000,None,-0.373,-4303000,46972000,-43847000,1571000,8747000,None,57000,None,None,None,None,None,55.67,14.82,None,None,None,None,None,1933000,None,-0.442,None,12634000,2025-10-29,quarterly,-0.39,USD,pre-market,10859000,-107625000,-0.196,-45.84,0.385,7.27,9921000,17039000,131000,61665000,60.95,93.71,50.6329,116565000,103091000,14278000,36869000,13474000,22591000,25249000,79696000,None,112.42,29.91
2025-12-28,GH,-3.22,902569000.0,None,1.586,-2.836,2931000,557000,33591000,33591000,250364000,-197688000,None,None,-2061000,None,None,None,None,13223589,None,22124000,22124000,3157000,None,17039000,3495000,None,None,3693000,2169000,172000,172000,None,0.0,0.4,-43115000,-39422000,-0.79,2018-12-31,None,575461000.0,3125000,-46133000,6000,None,None,None,3018000,733000,2769000,None,None,16482000,None,0,-25272000,-46139000,-2285000,None,-0.373,-26538000,46972000,-43847000,1571000,8747000,None,57000,None,None,None,None,None,55.67,14.82,None,None,None,None,None,-172000,None,-0.442,None,12634000,2025-10-29,quarterly,-0.39,USD,pre-market,10859000,-107625000,-0.196,-45.84,0.385,7.27,9921000,17039000,131000,61665000,60.95,93.71,50.6329,116565000,103091000,14278000,36869000,13474000,22591000,25249000,79696000,None,112.42,29.91
2025-12-28,GH,-3.22,902569000.0,None,1.586,-2.836,5912000,557000,33591000,33591000,796000,24465000,None,None,-347000,None,None,None,None,13223589,None,22124000,22124000,3157000,None,17039000,3495000,None,None,3693000,2003000,None,None,None,0.0,0.4,-43115000,-39422000,-0.79,2018-09-30,None,575461000.0,3125000,-46133000,6000,None,None,None,3018000,733000,2769000,None,None,16482000,None,0,-23508000,-46139000,-2285000,None,-0.373,-22047000,46972000,-43847000,1571000,8747000,None,57000,None,None,None,None,None,55.67,14.82,None,None,None,None,None,None,None,-0.442,None,12634000,2025-10-29,quarterly,-0.39,USD,pre-market,10859000,-107625000,-0.196,-45.84,0.385,7.27,9921000,17039000,131000,61665000,60.95,93.71,50.6329,116565000,103091000,14278000,36869000,13474000,22591000,25249000,79696000,None,112.42,29.91
2025-12-28,GH,-3.22,902569000.0,None,1.586,-2.836,7339000,557000,33591000,33591000,40734000,11725000,None,None,238000,None,None,None,None,13223589,None,22124000,22124000,3157000,None,17039000,3495000,None,None,3693000,1569000,None,None,None,0.0,0.4,-43115000,-39422000,-0.79,2018-06-30,None,575461000.0,3125000,-46133000,6000,None,None,None,3018000,733000,2769000,None,None,16482000,None,0,-21639000,-46139000,-2285000,None,-0.373,-17041000,46972000,-43847000,1571000,8747000,None,57000,None,None,None,None,None,55.67,14.82,None,None,None,None,None,-172000,None,-0.442,None,12634000,2025-10-29,quarterly,-0.39,USD,pre-market,10859000,-107625000,-0.196,-45.84,0.385,7.27,9921000,17039000,131000,61665000,60.95,93.71,50.6329,116565000,103091000,14278000,36869000,13474000,22591000,25249000,79696000,None,112.42,29.91
2025-12-28,GH,-3.22,902569000.0,None,1.586,-2.836,4021000,557000,33591000,33591000,1267000,8470000,None,None,321000,None,None,None,None,13223589,None,22124000,22124000,3157000,None,17039000,3495000,None,None,3693000,1395000,None,None,None,0.0,0.4,-43115000,-39422000,-0.79,2018-03-31,None,575461000.0,3125000,-46133000,6000,None,None,None,3018000,733000,2769000,None,None,16482000,None,0,-13844000,-46139000,-2285000,None,-0.373,-6559000,46972000,-43847000,1571000,8747000,None,57000,None,None,None,None,None,55.67,14.82,None,None,None,None,None,None,None,-0.442,None,12634000,2025-10-29,quarterly,-0.39,USD,pre-market,10859000,-107625000,-0.196,-45.84,0.385,7.27,9921000,17039000,131000,61665000,60.95,93.71,50.6329,116565000,103091000,14278000,36869000,13474000,22591000,25249000,79696000,None,112.42,29.91
2025-12-28,GH,-3.22,902569000.0,None,1.586,-2.836,4162000,557000,33591000,33591000,44000,-95825000,None,None,-1898000,None,None,None,None,13223589,None,22124000,22124000,3157000,None,17039000,3495000,None,None,3693000,1392000,None,None,None,0.0,0.4,-43115000,-39422000,-0.79,2017-12-31,None,575461000.0,3125000,-46133000,6000,None,None,None,3018000,733000,2769000,None,None,16482000,None,0,-15060000,-46139000,-2285000,None,-0.373,-17989000,46972000,-43847000,1571000,8747000,None,57000,None,None,None,None,None,55.67,14.82,None,None,None,None,None,None,None,-0.442,None,12634000,2025-10-29,quarterly,-0.39,USD,pre-market,10859000,-107625000,-0.196,-45.84,0.385,7.27,9921000,17039000,131000,61665000,60.95,93.71,50.6329,116565000,103091000,14278000,36869000,13474000,22591000,25249000,79696000,None,112.42,29.91
2025-12-28,GH,-3.22,902569000.0,None,1.586,-2.836,2766000,557000,33591000,33591000,175563000,15228000,None,None,-1564000,None,None,None,None,13223589,None,22124000,22124000,3157000,None,17039000,3495000,None,None,3693000,1339000,None,None,None,0.0,0.4,-43115000,-39422000,-0.79,2017-09-30,None,575461000.0,3125000,-46133000,6000,None,None,None,3018000,733000,2769000,None,None,16482000,None,0,-28590000,-46139000,-2285000,None,-0.373,-26733000,46972000,-43847000,1571000,8747000,None,57000,None,None,None,None,None,55.67,14.82,None,None,None,None,None,-7222000,None,-0.442,None,12634000,2025-10-29,quarterly,-0.39,USD,pre-market,10859000,-107625000,-0.196,-45.84,0.385,7.27,9921000,17039000,131000,61665000,60.95,93.71,50.6329,116565000,103091000,14278000,36869000,13474000,22591000,25249000,79696000,None,112.42,29.91
2025-12-28,GH,-3.22,902569000.0,None,1.586,-2.836,476500,557000,33591000,33591000,53024500,-44909500,None,None,-528000,None,None,None,None,13223589,None,22124000,22124000,3157000,None,17039000,3495000,None,None,3693000,1237500,None,None,None,0.0,0.4,-43115000,-39422000,-0.79,2017-06-30,None,575461000.0,3125000,-46133000,6000,None,None,None,3018000,733000,2769000,None,None,16482000,None,0,-23553000,-46139000,-2285000,None,-0.373,-13756500,46972000,-43847000,1571000,8747000,None,57000,None,None,None,None,None,55.67,14.82,None,None,None,None,None,None,None,-0.442,None,12634000,2025-10-29,quarterly,-0.39,None,pre-market,10859000,-107625000,-0.196,-45.84,0.385,7.27,9921000,17039000,131000,61665000,60.95,93.71,50.6329,116565000,103091000,14278000,36869000,13474000,22591000,25249000,79696000,None,112.42,29.91
2025-12-28,GH,-3.22,902569000.0,None,1.586,-2.836,476500,557000,33591000,33591000,53024500,-44909500,None,None,-528000,None,None,None,None,13223589,None,22124000,22124000,3157000,None,17039000,3495000,None,None,3693000,1237500,None,None,None,0.0,0.4,-43115000,-39422000,-0.79,2017-03-31,None,575461000.0,3125000,-46133000,6000,None,None,None,3018000,733000,2769000,None,None,16482000,None,0,-19785500,-46139000,-2285000,None,-0.373,-13756500,46972000,-43847000,1571000,8747000,None,57000,None,None,None,None,None,55.67,14.82,None,None,None,None,None,None,None,-0.442,None,12634000,2025-10-29,quarterly,-0.39,None,pre-market,10859000,-107625000,-0.196,-45.84,0.385,7.27,9921000,17039000,131000,61665000,60.95,93.71,50.6329,116565000,103091000,14278000,36869000,13474000,22591000,25249000,79696000,None,112.42,29.91
2025-12-28,GH,-3.22,902569000.0,None,1.586,-2.836,1766000,557000,33591000,33591000,39840000,26202000,None,None,-351000,None,None,None,None,13223589,None,22124000,22124000,3157000,None,17039000,3495000,None,None,3693000,3693000,None,None,None,0.0,0.4,-43115000,-39422000,-0.79,2016-12-31,None,575461000.0,3125000,-46133000,6000,None,None,None,3018000,733000,2769000,None,None,16482000,None,0,-46139000,-46139000,-2285000,None,-0.373,-36710000,46972000,-43847000,1571000,8747000,None,57000,None,None,None,None,None,55.67,14.82,None,None,None,None,None,None,None,-0.442,None,12634000,2025-10-29,quarterly,-0.39,USD,pre-market,10859000,-107625000,-0.196,-45.84,0.385,7.27,9921000,17039000,131000,61665000,60.95,93.71,50.6329,116565000,103091000,14278000,36869000,13474000,22591000,25249000,79696000,None,112.42,29.91
2025-12-28,GH,-3.22,902569000.0,None,1.586,-2.836,35085000,557000,33591000,33591000,-996000,-261308000,None,None,-9135000,None,None,None,None,13223589,None,22124000,22124000,3157000,None,17039000,3495000,None,None,3693000,42387000,None,None,None,0.0,0.4,-43115000,-39422000,-0.79,2024-12-31,None,575461000.0,3125000,-46133000,6000,None,None,None,3018000,733000,2769000,None,None,16482000,None,0,-436373000,-46139000,-2285000,None,-0.373,-239858000,46972000,-43847000,1571000,8747000,None,57000,None,None,None,None,None,55.67,14.82,None,None,None,None,None,11719000,None,-0.442,None,12634000,2025-10-29,annual,-0.39,USD,pre-market,10859000,-107625000,-0.196,-45.84,0.385,7.27,9921000,17039000,131000,61665000,60.95,93.71,50.6329,116565000,103091000,14278000,36869000,13474000,22591000,25249000,79696000,None,112.42,29.91
2025-12-28,GH,-3.22,902569000.0,None,1.586,-2.836,20486000,557000,33591000,33591000,477375000,840250000,None,None,-10350000,None,None,None,None,13223589,None,22124000,22124000,3157000,None,17039000,3495000,None,None,3693000,42881000,None,None,None,0.0,0.4,-43115000,-39422000,-0.79,2023-12-31,None,575461000.0,3125000,-46133000,6000,None,None,None,3018000,733000,2769000,None,None,16482000,None,0,-479449000,-46139000,-2285000,None,-0.373,-324975000,46972000,-43847000,1571000,8747000,None,57000,None,None,None,None,None,55.67,14.82,None,None,None,None,None,10154000,None,-0.442,None,12634000,2025-10-29,annual,-0.39,USD,pre-market,10859000,-107625000,-0.196,-45.84,0.385,7.27,9921000,17039000,131000,61665000,60.95,93.71,50.6329,116565000,103091000,14278000,36869000,13474000,22591000,25249000,79696000,None,112.42,29.91
2025-12-28,GH,-3.22,902569000.0,None,1.586,-2.836,77461000,557000,33591000,33591000,-189093000,149816000,-348740000,None,-20926000,None,None,375000,None,13223589,None,22124000,22124000,3157000,None,17039000,3495000,None,None,3693000,35962000,None,None,None,0.0,0.4,-43115000,-39422000,-0.79,2022-12-31,None,575461000.0,3125000,-46133000,6000,None,None,None,3018000,733000,2769000,None,None,16482000,None,0,-654588000,-46139000,-2285000,None,-0.373,-309463000,46972000,-43847000,1571000,8747000,None,57000,None,None,None,None,None,55.67,14.82,None,None,None,None,None,-7878000,None,-0.442,None,12634000,2025-10-29,annual,-0.39,USD,pre-market,10859000,-107625000,-0.196,-45.84,0.385,7.27,9921000,17039000,131000,61665000,60.95,93.71,50.6329,116565000,103091000,14278000,36869000,13474000,22591000,25249000,79696000,None,112.42,29.91
2025-12-28,GH,-3.22,902569000.0,None,1.586,-2.836,75035000,557000,33591000,33591000,-66824000,-63155000,-338996000,None,-7957000,None,None,-44353000,None,13223589,None,22124000,22124000,3157000,None,17039000,3495000,None,None,3693000,22271000,17865000,17865000,None,0.0,0.4,-43115000,-39422000,-0.79,2021-12-31,None,575461000.0,3125000,-46133000,6000,None,None,None,3018000,733000,2769000,None,None,16482000,None,0,-384770000,-46139000,-2285000,None,-0.373,-209017000,46972000,-43847000,1571000,8747000,None,57000,None,None,None,None,None,55.67,14.82,None,None,None,None,None,-83759000,None,-0.442,None,12634000,2025-10-29,annual,-0.39,USD,pre-market,10859000,-107625000,-0.196,-45.84,0.385,7.27,9921000,17039000,131000,61665000,60.95,93.71,50.6329,116565000,103091000,14278000,36869000,13474000,22591000,25249000,79696000,None,112.42,29.91
2025-12-28,GH,-3.22,902569000.0,None,1.586,-2.836,54059000,557000,33591000,33591000,1410307000,-617086000,689294000,None,-7535000,None,None,-5463000,None,13223589,None,22124000,22124000,3157000,None,17039000,3495000,None,None,3693000,16065000,7095000,7095000,None,0.0,0.4,-43115000,-39422000,-0.79,2020-12-31,None,575461000.0,3125000,-46133000,6000,None,None,None,3018000,733000,2769000,None,None,16482000,None,0,-246283000,-46139000,-2285000,None,-0.373,-103927000,46972000,-43847000,1571000,8747000,None,57000,None,None,None,None,None,55.67,14.82,None,None,None,None,None,7095000,None,-0.442,None,12634000,2025-10-29,annual,-0.39,USD,pre-market,10859000,-107625000,-0.196,-45.84,0.385,7.27,9921000,17039000,131000,61665000,60.95,93.71,50.6329,116565000,103091000,14278000,36869000,13474000,22591000,25249000,79696000,None,112.42,29.91
2025-12-28,GH,-3.22,902569000.0,None,1.586,-2.836,21285000,557000,33591000,33591000,367304000,-317570000,2600000,None,-6045000,None,None,-7389000,None,13223589,None,22124000,22124000,3157000,None,17039000,3495000,None,None,3693000,11411000,None,None,None,0.0,0.4,-43115000,-39422000,-0.79,2019-12-31,None,575461000.0,3125000,-46133000,6000,None,None,None,3018000,733000,2769000,None,None,16482000,None,0,-67851000,-46139000,-2285000,None,-0.373,-47134000,46972000,-43847000,1571000,8747000,None,57000,None,None,None,None,None,55.67,14.82,None,None,None,None,None,-723000,None,-0.442,None,12634000,2025-10-29,annual,-0.39,USD,pre-market,10859000,-107625000,-0.196,-45.84,0.385,7.27,9921000,17039000,131000,61665000,60.95,93.71,50.6329,116565000,103091000,14278000,36869000,13474000,22591000,25249000,79696000,None,112.42,29.91
2025-12-28,GH,-3.22,902569000.0,None,1.586,-2.836,20203000,557000,33591000,33591000,293161000,-153028000,67948000,None,-1849000,None,None,-22903000,None,13223589,None,22124000,22124000,3157000,None,17039000,3495000,None,None,3693000,7136000,3156000,3156000,None,0.0,0.4,-43115000,-39422000,-0.79,2018-12-31,None,575461000.0,3125000,-46133000,6000,None,None,None,3018000,733000,2769000,None,None,16482000,None,0,-84263000,-46139000,-2285000,None,-0.373,-72185000,46972000,-43847000,1571000,8747000,None,57000,None,None,None,None,None,55.67,14.82,None,None,None,None,None,-172000,None,-0.442,None,12634000,2025-10-29,annual,-0.39,USD,pre-market,10859000,-107625000,-0.196,-45.84,0.385,7.27,9921000,17039000,131000,61665000,60.95,93.71,50.6329,116565000,103091000,14278000,36869000,13474000,22591000,25249000,79696000,None,112.42,29.91
2025-12-28,GH,-3.22,902569000.0,None,1.586,-2.836,8983000,557000,33591000,33591000,281656000,-170416000,None,None,-4518000,None,None,None,None,13223589,None,22124000,22124000,3157000,None,17039000,3495000,None,None,3693000,5206000,None,None,None,0.0,0.4,-43115000,-39422000,-0.79,2017-12-31,None,575461000.0,3125000,-46133000,6000,None,None,None,3018000,733000,2769000,None,None,16482000,None,0,-83221000,-46139000,-2285000,None,-0.373,-72235000,46972000,-43847000,1571000,8747000,None,57000,None,None,None,None,None,55.67,14.82,None,None,None,None,None,-7222000,None,-0.442,None,12634000,2025-10-29,annual,-0.39,USD,pre-market,10859000,-107625000,-0.196,-45.84,0.385,7.27,9921000,17039000,131000,61665000,60.95,93.71,50.6329,116565000,103091000,14278000,36869000,13474000,22591000,25249000,79696000,None,112.42,29.91
2025-12-28,GH,-3.22,902569000.0,None,1.586,-2.836,1766000,557000,33591000,33591000,39840000,26202000,None,None,-351000,None,None,None,None,13223589,None,22124000,22124000,3157000,None,17039000,3495000,None,None,3693000,3693000,None,None,None,0.0,0.4,-43115000,-39422000,-0.79,2016-12-31,None,575461000.0,3125000,-46133000,6000,None,None,None,3018000,733000,2769000,None,None,16482000,None,0,-46139000,-46139000,-2285000,None,-0.373,-36710000,46972000,-43847000,1571000,8747000,None,57000,None,None,None,None,None,55.67,14.82,None,None,None,None,None,-100000,None,-0.442,None,12634000,2025-10-29,annual,-0.39,USD,pre-market,10859000,-107625000,-0.196,-45.84,0.385,7.27,9921000,17039000,131000,61665000,60.95,93.71,50.6329,116565000,103091000,14278000,36869000,13474000,22591000,25249000,79696000,None,112.42,29.91
