date,symbol,eps,revenue_ttm,pe_ratio,accumulateddepreciationamortizationppe,beta,book_value,capitalexpenditures,capitalleaseobligations,cashandcashequivalentsatcarryingvalue,cashandshortterminvestments,cashflowfromfinancing,cashflowfrominvestment,changeincashandcashequivalents,changeinexchangerate,changeininventory,changeinoperatingassets,changeinoperatingliabilities,changeinreceivables,commonstock,commonstocksharesoutstanding,comprehensiveincomenetoftax,costofgoodsandservicessold,costofrevenue,currentaccountspayable,currentdebt,currentlongtermdebt,currentnetreceivables,deferredrevenue,depreciation,depreciationandamortization,depreciationdepletionandamortization,dividend_per_share,dividend_yield,dividendpayout,dividendpayoutcommonstock,dividendpayoutpreferredstock,earnings_growth_yoy,earnings_surprise,ebit,ebitda,estimated_eps,fiscaldateending,forward_pe,goodwill,gross_profit_ttm,grossprofit,incomebeforetax,incometaxexpense,intangibleassets,intangibleassetsexcludinggoodwill,interestanddebtexpense,interestexpense,interestincome,inventory,investmentincomenet,investments,longtermdebt,longtermdebtnoncurrent,longterminvestments,netincome,netincomefromcontinuingoperations,netinterestincome,noninterestincome,operating_margin_ttm,operatingcashflow,operatingexpenses,operatingincome,othercurrentassets,othercurrentliabilities,othernoncurrentassets,othernoncurrentliabilities,othernonoperatingincome,paymentsforoperatingactivities,paymentsforrepurchaseofcommonstock,paymentsforrepurchaseofequity,paymentsforrepurchaseofpreferredstock,peg_ratio,price_to_book,price_to_sales_ttm,proceedsfromissuanceofcommonstock,proceedsfromissuanceoflongtermdebtandcapitalsecuritiesnet,proceedsfromissuanceofpreferredstock,proceedsfromoperatingactivities,proceedsfromrepaymentsofshorttermdebt,proceedsfromrepurchaseofequity,proceedsfromsaleoftreasurystock,profit_margin,profitloss,propertyplantequipment,report_date,report_type,reported_eps,reportedcurrency,reporttime,researchanddevelopment,retainedearnings,return_on_assets_ttm,return_on_equity_ttm,revenue_growth_yoy,revenue_per_share_ttm,sellinggeneralandadministrative,shortlongtermdebttotal,shorttermdebt,shortterminvestments,sma_200,sma_50,surprise_pct,totalassets,totalcurrentassets,totalcurrentliabilities,totalliabilities,totalnoncurrentassets,totalnoncurrentliabilities,totalrevenue,totalshareholderequity,trailing_pe,treasurystock,week_52_high,week_52_low
1996-03-31,GILD,,,,,,,,,,,,,,,,,,,,,,,,,,,,,,,,,,,,,,0.01,,,-0.02,,,,,,,,,,,,,,,,,,,,,,,,,,,,,,,,,,,,,,,,,,,,,,,,,1996-04-26,,-0.01,,pre-market,,,,,,,,,,,,,50.0,,,,,,,,,,,,
1996-06-30,GILD,,,,,,,,,,,,,,,,,,,,,,,,,,,,,,,,,,,,,,0.0,,,-0.01,,,,,,,,,,,,,,,,,,,,,,,,,,,,,,,,,,,,,,,,,,,,,,,,,1996-07-26,,-0.01,,pre-market,,,,,,,,,,,,,0.0,,,,,,,,,,,,
1996-09-30,GILD,,,,,,,,,,,,,,,,,,,,,,,,,,,,,,,,,,,,,,0.01,,,0.0,,,,,,,,,,,,,,,,,,,,,,,,,,,,,,,,,,,,,,,,,,,,,,,,,1996-10-25,,0.01,,pre-market,,,,,,,,,,,,,0.0,,,,,,,,,,,,
1996-12-31,GILD,,,,,,,,,,,,,,,,,,,,,,,,,,,,,,,,,,,,,,0.0,,,-0.01,,,,,,,,,,,,,,,,,,,,,,,,,,,,,,,,,,,,,,,,,,,,,,,,,1997-01-31,,-0.01,,pre-market,,,,,,,,,,,,,0.0,,,,,,,,,,,,
1997-03-31,GILD,,,,,,,,,,,,,,,,,,,,,,,,,,,,,,,,,,,,,,-0.01,,,0.0,,,,,,,,,,,,,,,,,,,,,,,,,,,,,,,,,,,,,,,,,,,,,,,,,1997-04-25,,-0.01,,pre-market,,,,,,,,,,,,,0.0,,,,,,,,,,,,
1997-06-30,GILD,,,,,,,,,,,,,,,,,,,,,,,,,,,,,,,,,,,,,,0.0,,,0.0,,,,,,,,,,,,,,,,,,,,,,,,,,,,,,,,,,,,,,,,,,,,,,,,,1997-07-24,,0.0,,pre-market,,,,,,,,,,,,,0.0,,,,,,,,,,,,
1997-09-30,GILD,,,,,,,,,,,,,,,,,,,,,,,,,,,,,,,,,,,,,,0.0,,,-0.01,,,,,,,,,,,,,,,,,,,,,,,,,,,,,,,,,,,,,,,,,,,,,,,,,1997-10-30,,-0.01,,pre-market,,,,,,,,,,,,,0.0,,,,,,,,,,,,
1997-12-31,GILD,,,,,,,,,,,,,,,,,,,,,,,,,,,,,,,,,,,,,,0.0,,,-0.01,,,,,,,,,,,,,,,,,,,,,,,,,,,,,,,,,,,,,,,,,,,,,,,,,1998-01-29,,-0.01,,pre-market,,,,,,,,,,,,,0.0,,,,,,,,,,,,
1998-03-31,GILD,,,,,,,,,,,,,,,,,,,,,,,,,,,,,,,,,,,,,,0.01,,,-0.02,,,,,,,,,,,,,,,,,,,,,,,,,,,,,,,,,,,,,,,,,,,,,,,,,1998-04-30,,-0.01,,pre-market,,,,,,,,,,,,,50.0,,,,,,,,,,,,
1998-06-30,GILD,,,,,,,,,,,,,,,,,,,,,,,,,,,,,,,,,,,,,,0.0,,,-0.02,,,,,,,,,,,,,,,,,,,,,,,,,,,,,,,,,,,,,,,,,,,,,,,,,1998-07-30,,-0.02,,pre-market,,,,,,,,,,,,,0.0,,,,,,,,,,,,
1998-09-30,GILD,,,,,,,,,,,,,,,,,,,,,,,,,,,,,,,,,,,,,,0.0,,,-0.02,,,,,,,,,,,,,,,,,,,,,,,,,,,,,,,,,,,,,,,,,,,,,,,,,1998-10-28,,-0.02,,pre-market,,,,,,,,,,,,,0.0,,,,,,,,,,,,
1998-12-31,GILD,,,,,,,,,,,,,,,,,,,,,,,,,,,,,,,,,,,,,,0.0,,,-0.02,,,,,,,,,,,,,,,,,,,,,,,,,,,,,,,,,,,,,,,,,,,,,,,,,1999-01-27,,-0.02,,pre-market,,,,,,,,,,,,,0.0,,,,,,,,,,,,
1999-03-31,GILD,,,,,,,,,,,,,,,,,,,,,,,,,,,,,,,,,,,,,,0.0,,,-0.02,,,,,,,,,,,,,,,,,,,,,,,,,,,,,,,,,,,,,,,,,,,,,,,,,1999-04-29,,-0.02,,pre-market,,,,,,,,,,,,,0.0,,,,,,,,,,,,
1999-06-30,GILD,,,,,,,,,,,,,,,,,,,,,,,,,,,,,,,,,,,,,,0.0,,,-0.01,,,,,,,,,,,,,,,,,,,,,,,,,,,,,,,,,,,,,,,,,,,,,,,,,1999-07-29,,-0.01,,pre-market,,,,,,,,,,,,,0.0,,,,,,,,,,,,
1999-09-30,GILD,,,,,,,,,,,,,,,,,,,,,,,,,,,,,,,,,,,,,,0.0,,,-0.01,,,,,,,,,,,,,,,,,,,,,,,,,,,,,,,,,,,,,,,,,,,,,,,,,1999-10-27,,-0.01,,pre-market,,,,,,,,,,,,,0.0,,,,,,,,,,,,
1999-12-31,GILD,,,,,,,,,,,,,,,,,,,,,,,,,,,,,,,,,,,,,,0.0,,,-0.01,,,,,,,,,,,,,,,,,,,,,,,,,,,,,,,,,,,,,,,,,,,,,,,,,2000-01-27,,-0.01,,pre-market,,,,,,,,,,,,,0.0,,,,,,,,,,,,
2000-03-31,GILD,,,,,,,,,,,,,,,,,,,,,,,,,,,,,,,,,,,,,,0.0059,,,-0.01,,,,,,,,,,,,,,,,,,,,,,,,,,,,,,,,,,,,,,,,,,,,,,,,,2000-04-27,,-0.0041,,pre-market,,,,,,,,,,,,,59.0,,,,,,,,,,,,
2000-06-30,GILD,,,,,,,,,,,,,,,,,,,,,,,,,,,,,,,,,,,,,,0.0071,,,-0.01,,,,,,,,,,,,,,,,,,,,,,,,,,,,,,,,,,,,,,,,,,,,,,,,,2000-07-27,,-0.0029,,pre-market,,,,,,,,,,,,,71.0,,,,,,,,,,,,
2000-09-30,GILD,,,,,,,,,,,,,,,,,,,,,,,,,,,,,,,,,,,,,,0.0,,,-0.01,,,,,,,,,,,,,,,,,,,,,,,,,,,,,,,,,,,,,,,,,,,,,,,,,2000-10-26,,-0.01,,pre-market,,,,,,,,,,,,,0.0,,,,,,,,,,,,
2000-12-31,GILD,,,,,,,,,,,,,,,,,,,,,,,,,,,,,,,,,,,,,,0.0,,,-0.01,,,,,,,,,,,,,,,,,,,,,,,,,,,,,,,,,,,,,,,,,,,,,,,,,2001-01-25,,-0.01,,pre-market,,,,,,,,,,,,,0.0,,,,,,,,,,,,
2001-03-31,GILD,,,,,,,,,,,,,,,,,,,,,,,,,,,,,,,,,,,,,,0.01,,,-0.02,,,,,,,,,,,,,,,,,,,,,,,,,,,,,,,,,,,,,,,,,,,,,,,,,2001-04-26,,-0.01,,pre-market,,,,,,,,,,,,,50.0,,,,,,,,,,,,
2001-06-30,GILD,,,,,,,,,,,,,,,,,,,,,,,,,,,,,,,,,,,,,,-0.01,,,-0.01,,,,,,,,,,,,,,,,,,,,,,,,,,,,,,,,,,,,,,,,,,,,,,,,,2001-07-26,,-0.02,,pre-market,,,,,,,,,,,,,-100.0,,,,,,,,,,,,
2001-09-30,GILD,,,,,,,,,,,,,,,,,,,,,,,,,,,,,,,,,,,,,,0.0,,,-0.02,,,,,,,,,,,,,,,,,,,,,,,,,,,,,,,,,,,,,,,,,,,,,,,,,2001-10-25,,-0.02,,pre-market,,,,,,,,,,,,,0.0,,,,,,,,,,,,
2001-12-31,GILD,,,,,,,,,,,,,,,,,,,,,,,,,,,,,,,,,,,,,,0.01,,,-0.02,,,,,,,,,,,,,,,,,,,,,,,,,,,,,,,,,,,,,,,,,,,,,,,,,2002-01-31,,-0.01,,pre-market,,,,,,,,,,,,,50.0,,,,,,,,,,,,
2002-03-31,GILD,,,,,,,,,,,,,,,,,,,,,,,,,,,,,,,,,,,,,,0.0075,,,-0.01,,,,,,,,,,,,,,,,,,,,,,,,,,,,,,,,,,,,,,,,,,,,,,,,,2002-04-30,,-0.0025,,pre-market,,,,,,,,,,,,,75.0,,,,,,,,,,,,
2002-06-30,GILD,,,,,,,,,,,,,,,,,,,,,,,,,,,,,,,,,,,,,,0.0,,,0.01,,,,,,,,,,,,,,,,,,,,,,,,,,,,,,,,,,,,,,,,,,,,,,,,,2002-07-24,,0.01,,pre-market,,,,,,,,,,,,,0.0,,,,,,,,,,,,
2002-09-30,GILD,,,,,,,,,,,,,,,,,,,,,,,,,,,,,,,,,,,,,,0.01,,,0.01,,,,,,,,,,,,,,,,,,,,,,,,,,,,,,,,,,,,,,,,,,,,,,,,,2002-10-31,,0.02,,pre-market,,,,,,,,,,,,,100.0,,,,,,,,,,,,
2002-12-31,GILD,,,,,,,,,,,,,,,,,,,,,,,,,,,,,,,,,,,,,,0.0,,,0.02,,,,,,,,,,,,,,,,,,,,,,,,,,,,,,,,,,,,,,,,,,,,,,,,,2003-01-30,,0.02,,pre-market,,,,,,,,,,,,,0.0,,,,,,,,,,,,
2003-03-31,GILD,,,,,,,,,,,,,,,,,,,,,,,,,,,,,,,,,,,,,,0.01,,,0.02,,,,,,,,,,,,,,,,,,,,,,,,,,,,,,,,,,,,,,,,,,,,,,,,,2003-04-23,,0.03,,pre-market,,,,,,,,,,,,,50.0,,,,,,,,,,,,
2003-06-30,GILD,,,,,,,,,,,,,,,,,,,,,,,,,,,,,,,,,,,,,,0.0,,,0.06,,,,,,,,,,,,,,,,,,,,,,,,,,,,,,,,,,,,,,,,,,,,,,,,,2003-07-31,,0.06,,pre-market,,,,,,,,,,,,,0.0,,,,,,,,,,,,
2003-09-30,GILD,,,,,,,,,,,,,,,,,,,,,,,,,,,,,,,,,,,,,,0.0,,,0.04,,,,,,,,,,,,,,,,,,,,,,,,,,,,,,,,,,,,,,,,,,,,,,,,,2003-10-28,,0.04,,pre-market,,,,,,,,,,,,,0.0,,,,,,,,,,,,
2003-12-31,GILD,,,,,,,,,,,,,,,,,,,,,,,,,,,,,,,,,,,,,,0.0,,,0.05,,,,,,,,,,,,,,,,,,,,,,,,,,,,,,,,,,,,,,,,,,,,,,,,,2004-01-29,,0.05,,pre-market,,,,,,,,,,,,,0.0,,,,,,,,,,,,
2004-03-31,GILD,,,,,,,,,,,,,,,,,,,,,,,,,,,,,,,,,,,,,,0.02,,,0.04,,,,,,,,,,,,,,,,,,,,,,,,,,,,,,,,,,,,,,,,,,,,,,,,,2004-04-22,,0.06,,pre-market,,,,,,,,,,,,,50.0,,,,,,,,,,,,
2004-06-30,GILD,,,,,,,,,,,,,,,,,,,,,,,,,,,,,,,,,,,,,,0.02,,,0.04,,,,,,,,,,,,,,,,,,,,,,,,,,,,,,,,,,,,,,,,,,,,,,,,,2004-07-29,,0.06,,pre-market,,,,,,,,,,,,,50.0,,,,,,,,,,,,
2004-09-30,GILD,,,,,,,,,,,,,,,,,,,,,,,,,,,,,,,,,,,,,,0.01,,,0.05,,,,,,,,,,,,,,,,,,,,,,,,,,,,,,,,,,,,,,,,,,,,,,,,,2004-10-21,,0.06,,pre-market,,,,,,,,,,,,,20.0,,,,,,,,,,,,
2004-12-31,GILD,,,,,,,,,,,,,,,,,,,,,,,,,,,,,,,,,,,,,,0.0,,,0.06,,,,,,,,,,,,,,,,,,,,,,,,,,,,,,,,,,,,,,,,,,,,,,,,,2005-01-27,,0.06,,pre-market,,,,,,,,,,,,,0.0,,,,,,,,,,,,
2005-03-31,GILD,,,,,,,,,,,,,,,,,,,,,,,,,,,,,,,,,,,,,,0.02,,,0.07,,,,,,,,,,,,,,,,,,,,,,,,,,,,,,,,,,,,,,,,,,,,,,,,,2005-04-19,,0.09,,pre-market,,,,,,,,,,,,,28.5714,,,,,,,,,,,,
2005-06-30,GILD,,,,,,,,,,,,,,,,,,,,,,,,,,,,,,,,,,,,,,0.01,,,0.09,,,,,,,,,,,,,,,,,,,,,,,,,,,,,,,,,,,,,,,,,,,,,,,,,2005-07-19,,0.1,,pre-market,,,,,,,,,,,,,11.1111,,,,,,,,,,,,
2005-09-30,GILD,,,,,,,,,,,,,,,,,,,,,,,,,,,,,,,,,,,,,,0.01,,,0.09,,,,,,,,,,,,,,,,,,,,,,,,,,,,,,,,,,,,,,,,,,,,,,,,,2005-10-18,,0.1,,pre-market,,,,,,,,,,,,,11.1111,,,,,,,,,,,,
2005-12-31,GILD,,,,,,,,,,,,,,,,,,,,,,,,,,,,,,,,,,,,,,0.01,,,0.13,,,,,,,,,,,,,,,,,,,,,,,,,,,,,,,,,,,,,,,,,,,,,,,,,2006-01-30,,0.14,,pre-market,,,,,,,,,,,,,7.6923,,,,,,,,,,,,
2006-03-31,GILD,,,,,,,,,,,,,,,,,,,,,,,,,,,,,,,,,,,,,,0.01,,,0.13,,,,,,,,,,,,,,,,,,,,,,,,,,,,,,,,,,,,,,,,,,,,,,,,,2006-04-18,,0.14,,pre-market,,,,,,,,,,,,,7.6923,,,,,,,,,,,,
2006-06-30,GILD,,,,,,,,,,,,,,,,,,,,,,,,,,,,,,,,,,,,,,0.01,,,0.13,,,,,,,,,,,,,,,,,,,,,,,,,,,,,,,,,,,,,,,,,,,,,,,,,2006-07-20,,0.14,,pre-market,,,,,,,,,,,,,7.6923,,,,,,,,,,,,
2006-09-30,GILD,,,,,,,,,,,,,,,,,,,,,,,,,,,,,,,,,,,,,,0.02,,,0.14,,,,,,,,,,,,,,,,,,,,,,,,,,,,,,,,,,,,,,,,,,,,,,,,,2006-10-18,,0.16,,pre-market,,,,,,,,,,,,,14.2857,,,,,,,,,,,,
2006-12-31,GILD,,,,,,,,,,,,,,,,,,,,,,,,,,,,,,,,,,,,,,0.03,,,0.17,,,,,,,,,,,,,,,,,,,,,,,,,,,,,,,,,,,,,,,,,,,,,,,,,2007-01-31,,0.2,,pre-market,,,,,,,,,,,,,17.6471,,,,,,,,,,,,
2007-03-31,GILD,,,,,,,,,,,,,,,,,,,,,,,,,,,,,,,,,,,,,,0.01,,,0.2,,,,,,,,,,,,,,,,,,,,,,,,,,,,,,,,,,,,,,,,,,,,,,,,,2007-04-18,,0.21,,pre-market,,,,,,,,,,,,,5.0,,,,,,,,,,,,
2007-06-30,GILD,,,,,,,,,,,,,,,,,,,,,,,,,,,,,,,,,,,,,,0.01,,,0.2,,,,,,,,,,,,,,,,,,,,,,,,,,,,,,,,,,,,,,,,,,,,,,,,,2007-07-19,,0.21,,pre-market,,,,,,,,,,,,,5.0,,,,,,,,,,,,
2007-09-30,GILD,,,,,,,,,,,,,,,,,,,,,,,,,,,,,,,,,,,,,,0.01,,,0.2,,,,,,,,,,,,,,,,,,,,,,,,,,,,,,,,,,,,,,,,,,,,,,,,,2007-10-18,,0.21,,pre-market,,,,,,,,,,,,,5.0,,,,,,,,,,,,
2007-12-31,GILD,,,,,,,,,,,,,,,,,,,,,,,,,,,,,,,,,,,,,,0.01,,,0.2,,,,,,,,,,,,,,,,,,,,,,,,,,,,,,,,,,,,,,,,,,,,,,,,,2008-01-23,,0.21,,pre-market,,,,,,,,,,,,,5.0,,,,,,,,,,,,
2008-03-31,GILD,,,,,,,,,,,,,,,,,,,,,,,,,,,,,,,,,,,,,,0.02,,,0.24,,,,,,,,,,,,,,,,,,,,,,,,,,,,,,,,,,,,,,,,,,,,,,,,,2008-04-16,,0.26,,pre-market,,,,,,,,,,,,,8.3333,,,,,,,,,,,,
2008-06-30,GILD,,,,,,,,,,,,,,,,,,,,,,,,,,,,,,,,,,,,,,-0.01,,,0.24,,,,,,,,,,,,,,,,,,,,,,,,,,,,,,,,,,,,,,,,,,,,,,,,,2008-07-17,,0.23,,pre-market,,,,,,,,,,,,,-4.1667,,,,,,,,,,,,
2008-09-30,GILD,,,,,,,,,,,,,,,,,,,,,,,,,,,,,,,,,,,,,,0.01,,,0.25,,,,,,,,,,,,,,,,,,,,,,,,,,,,,,,,,,,,,,,,,,,,,,,,,2008-10-16,,0.26,,pre-market,,,,,,,,,,,,,4.0,,,,,,,,,,,,
2008-12-31,GILD,,,,,,,,,,,,,,,,,,,,,,,,,,,,,,,,,,,,,,0.03,,,0.27,,,,,,,,,,,,,,,,,,,,,,,,,,,,,,,,,,,,,,,,,,,,,,,,,2009-01-27,,0.3,,pre-market,,,,,,,,,,,,,11.1111,,,,,,,,,,,,
2009-03-31,GILD,,,,,,,,,,,,,,,,,,,,,,,,,,,,,,,,,,,,,,0.03,,,0.3,,,,,,,,,,,,,,,,,,,,,,,,,,,,,,,,,,,,,,,,,,,,,,,,,2009-04-21,,0.33,,pre-market,,,,,,,,,,,,,10.0,,,,,,,,,,,,
2009-06-30,GILD,,,,,,,,,,,,,,,,,,,,,,,,,,,,,,,,,,,,,,0.04,,,0.31,,,,,,,,,,,,,,,,,,,,,,,,,,,,,,,,,,,,,,,,,,,,,,,,,2009-07-21,,0.35,,pre-market,,,,,,,,,,,,,12.9032,,,,,,,,,,,,
2009-09-30,GILD,,,,,,,,,,,,,,,,,,,,,,,,,,,,,,,,,,,,,,0.05,,,0.34,,,,,,,,,,,,,,,,,,,,,,,,,,,,,,,,,,,,,,,,,,,,,,,,,2009-10-20,,0.39,,pre-market,,,,,,,,,,,,,14.7059,,,,,,,,,,,,
2009-12-31,GILD,,,,,,,,,,,,,,,,,,,,,,,,,,,,,,,,,,,,,,0.05,,,0.42,,,,,,,,,,,,,,,,,,,,,,,,,,,,,,,,,,,,,,,,,,,,,,,,,2010-01-26,,0.47,,pre-market,,,,,,,,,,,,,11.9048,,,,,,,,,,,,
2010-03-31,GILD,,,,,,,,,,,,,,,,,,,,,,,,,,,,,,,,,,,,,,0.02,,,0.48,,,,,,,,,,,,,,,,,,,,,,,,,,,,,,,,,,,,,,,,,,,,,,,,,2010-04-20,,0.5,,pre-market,,,,,,,,,,,,,4.1667,,,,,,,,,,,,
2010-06-30,GILD,,,,,,,,,,,,,,,,,,,,,,,,,,,,,,,,,,,,,,0.0,,,0.43,,,,,,,,,,,,,,,,,,,,,,,,,,,,,,,,,,,,,,,,,,,,,,,,,2010-07-20,,0.43,,pre-market,,,,,,,,,,,,,0.0,,,,,,,,,,,,
2010-09-30,GILD,,,,,,,,,,,,,,,,,,,,,,,,,,,,,,,,,,,,,,0.01,,,0.44,,,,,,,,,,,,,,,,,,,,,,,,,,,,,,,,,,,,,,,,,,,,,,,,,2010-10-19,,0.45,,pre-market,,,,,,,,,,,,,2.2727,,,,,,,,,,,,
2010-12-31,GILD,,,,,,,,,,,,,,,,,,,,,,,,,,,,,,,,,,,,,,0.01,,,0.47,,,,,,,,,,,,,,,,,,,,,,,,,,,,,,,,,,,,,,,,,,,,,,,,,2011-01-25,,0.48,,pre-market,,,,,,,,,,,,,2.1277,,,,,,,,,,,,
2011-03-31,GILD,,,,,,,,,,,,,,,,,,,,,,,,,,,,,,,,,,,,,,-0.04,,,0.48,,,,,,,,,,,,,,,,,,,,,,,,,,,,,,,,,,,,,,,,,,,,,,,,,2011-04-20,,0.44,,pre-market,,,,,,,,,,,,,-8.3333,,,,,,,,,,,,
2011-06-30,GILD,,,,,,,,,,,,,,,,,,,,,,,,,,,,,,,,,,,,,,0.0,,,0.5,,,,,,,,,,,,,,,,,,,,,,,,,,,,,,,,,,,,,,,,,,,,,,,,,2011-07-26,,0.5,,pre-market,,,,,,,,,,,,,0.0,,,,,,,,,,,,
2011-09-30,GILD,,,,,,,,,,,,,,,,,,,,,,,,,,,,,,,,,,,,,,0.01,,,0.5,,,,,,,,,,,,,,,,,,,,,,,,,,,,,,,,,,,,,,,,,,,,,,,,,2011-10-27,,0.51,,pre-market,,,,,,,,,,,,,2.0,,,,,,,,,,,,
2011-12-31,GILD,,,,,,,,,,,,,,,,,,,,,,,,,,,,,,,,,,,,,,-0.03,,,0.52,,,,,,,,,,,,,,,,,,,,,,,,,,,,,,,,,,,,,,,,,,,,,,,,,2012-02-02,,0.49,,pre-market,,,,,,,,,,,,,-5.7692,,,,,,,,,,,,
2012-03-31,GILD,,,,,,,,,,,,,,,,,,,,,,,,,,,,,,,,,,,,,,-0.01,,,0.47,,,,,,,,,,,,,,,,,,,,,,,,,,,,,,,,,,,,,,,,,,,,,,,,,2012-04-26,,0.46,,pre-market,,,,,,,,,,,,,-2.1277,,,,,,,,,,,,
2012-06-30,GILD,,,,,,,,,,,,,,,,,,,,,,,,,,,,,,,,,,,,,,0.02,,,0.48,,,,,,,,,,,,,,,,,,,,,,,,,,,,,,,,,,,,,,,,,,,,,,,,,2012-07-26,,0.5,,pre-market,,,,,,,,,,,,,4.1667,,,,,,,,,,,,
2012-09-30,GILD,,,,,,,,,,,,,,,,,,,,,,,,,,,,,,,,,,,,,,0.03,,,0.47,,,,,,,,,,,,,,,,,,,,,,,,,,,,,,,,,,,,,,,,,,,,,,,,,2012-10-23,,0.5,,pre-market,,,,,,,,,,,,,6.383,,,,,,,,,,,,
2012-12-31,GILD,,,,,,,,,,,,,,,,,,,,,,,,,,,,,,,,,,,,,,0.02,,,0.48,,,,,,,,,,,,,,,,,,,,,,,,,,,,,,,,,,,,,,,,,,,,,,,,,2013-02-04,,0.5,,pre-market,,,,,,,,,,,,,4.1667,,,,,,,,,,,,
2013-03-31,GILD,,,,,,,,,,,,,,,,,,,,,,,,,,,,,,,,,,,,,,-0.02,,,0.5,,,,,,,,,,,,,,,,,,,,,,,,,,,,,,,,,,,,,,,,,,,,,,,,,2013-05-02,,0.48,,pre-market,,,,,,,,,,,,,-4.0,,,,,,,,,,,,
2013-06-30,GILD,,,,,,,,,,,,,,,,,,,,,,,,,,,,,,,,,,,,,,0.0,,,0.5,,,,,,,,,,,,,,,,,,,,,,,,,,,,,,,,,,,,,,,,,,,,,,,,,2013-07-25,,0.5,,pre-market,,,,,,,,,,,,,0.0,,,,,,,,,,,,
2013-09-30,GILD,,,,,,,,,,,,,,,,,,,,,,,,,,,,,,,,,,,,,,0.04,,,0.48,,,,,,,,,,,,,,,,,,,,,,,,,,,,,,,,,,,,,,,,,,,,,,,,,2013-10-29,,0.52,,pre-market,,,,,,,,,,,,,8.3333,,,,,,,,,,,,
2013-12-31,GILD,,,,,,,,,,,,,,,,,,,,,,,,,,,,,,,,,,,,,,0.05,,,0.5,,,,,,,,,,,,,,,,,,,,,,,,,,,,,,,,,,,,,,,,,,,,,,,,,2014-02-04,,0.55,,pre-market,,,,,,,,,,,,,10.0,,,,,,,,,,,,
2014-03-31,GILD,,,,,,,,,,,,,,,,,,,,,,,,,,,,,,,,,,,,,,0.57,,,0.91,,,,,,,,,,,,,,,,,,,,,,,,,,,,,,,,,,,,,,,,,,,,,,,,,2014-04-22,,1.48,,pre-market,,,,,,,,,,,,,62.6374,,,,,,,,,,,,
2014-06-30,GILD,,,,,,,,,,,,,,,,,,,,,,,,,,,,,,,,,,,,,,0.57,,,1.79,,,,,,,,,,,,,,,,,,,,,,,,,,,,,,,,,,,,,,,,,,,,,,,,,2014-07-23,,2.36,,pre-market,,,,,,,,,,,,,31.8436,,,,,,,,,,,,
2014-09-30,GILD,,,,,,,,,,,,,,,,,,,,,,,,,,,,,,,,,,,,,,0.13,,,1.92,,,,,,,,,,,,,,,,,,,,,,,,,,,,,,,,,,,,,,,,,,,,,,,,,2014-10-28,,2.05,,post-market,,,,,,,,,,,,,6.7708,,,,,,,,,,,,
2014-12-31,GILD,,,,,,,,,,,,,,,,,,,,,,,,,,,,,,,,,,,,,,0.21,,,2.22,,,,,,,,,,,,,,,,,,,,,,,,,,,,,,,,,,,,,,,,,,,,,,,,,2015-02-03,,2.43,,post-market,,,,,,,,,,,,,9.4595,,,,,,,,,,,,
2015-03-31,GILD,,,,,,,,,,,,,,,,,,,,,,,,,,,,,,,,,,,,,,0.62,,,2.32,,,,,,,,,,,,,,,,,,,,,,,,,,,,,,,,,,,,,,,,,,,,,,,,,2015-04-30,,2.94,,post-market,,,,,,,,,,,,,26.7241,,,,,,,,,,,,
2015-06-30,GILD,,,,,,,,,,,,,,,,,,,,,,,,,,,,,,,,,,,,,,0.44,,,2.71,,,,,,,,,,,,,,,,,,,,,,,,,,,,,,,,,,,,,,,,,,,,,,,,,2015-07-28,,3.15,,post-market,,,,,,,,,,,,,16.2362,,,,,,,,,,,,
2015-09-30,GILD,,,,,,,,,,,,,,,,,,,,,,,,,,,,,,,,,,,,,,0.35,,,2.87,,,,,,,,,,,,,,,,,,,,,,,,,,,,,,,,,,,,,,,,,,,,,,,,,2015-10-27,,3.22,,post-market,,,,,,,,,,,,,12.1951,,,,,,,,,,,,
2015-12-31,GILD,,,,,,,,,,,,,,,,,,,,,,,,,,,,,,,,,,,,,,0.32,,,3.0,,,,,,,,,,,,,,,,,,,,,,,,,,,,,,,,,,,,,,,,,,,,,,,,,2016-02-02,,3.32,,post-market,,,,,,,,,,,,,10.6667,,,,,,,,,,,,
2016-03-31,GILD,,,,,,,,,,,,,,,,,,,,,,,,,,,,,,,,,,,,,,-0.12,,,3.15,,,,,,,,,,,,,,,,,,,,,,,,,,,,,,,,,,,,,,,,,,,,,,,,,2016-04-28,,3.03,,post-market,,,,,,,,,,,,,-3.8095,,,,,,,,,,,,
2016-06-30,GILD,,,,,,,,,,,,,,,,,,,,,,,,,,,,,,,,,,,,,,0.06,,,3.02,,,,,,,,,,,,,,,,,,,,,,,,,,,,,,,,,,,,,,,,,,,,,,,,,2016-07-25,,3.08,,post-market,,,,,,,,,,,,,1.9868,,,,,,,,,,,,
2016-09-30,GILD,,,,,,,,,,,,,,,,,,,,,,,,,,,,,,,,,,,,,,-0.11,,,2.86,,,,,,,,,,,,,,,,,,,,,,,,,,,,,,,,,,,,,,,,,,,,,,,,,2016-11-01,,2.75,,post-market,,,,,,,,,,,,,-3.8462,,,,,,,,,,,,
2016-12-31,GILD,,,,,,,,,,,,,,,,,,,,,,,,,,,,,,,,,,,,,,0.09,,,2.61,,,,,,,,,,,,,,,,,,,,,,,,,,,,,,,,,,,,,,,,,,,,,,,,,2017-02-07,,2.7,,post-market,,,,,,,,,,,,,3.4483,,,,,,,,,,,,
2017-03-31,GILD,,,,,,,,,,,,,,,,,,,,,,,,,,,,,,,,,,,,,,-0.05,,,2.28,,,,,,,,,,,,,,,,,,,,,,,,,,,,,,,,,,,,,,,,,,,,,,,,,2017-05-02,,2.23,,post-market,,,,,,,,,,,,,-2.193,,,,,,,,,,,,
2017-06-30,GILD,,,,,,,,,,,,,,,,,,,,,,,,,,,,,,,,,,,,,,0.41,,,2.15,,,,,,,,,,,,,,,,,,,,,,,,,,,,,,,,,,,,,,,,,,,,,,,,,2017-07-26,,2.56,,post-market,,,,,,,,,,,,,19.0698,,,,,,,,,,,,
2017-09-30,GILD,,,,,,,,,,,,,,,,,,,,,,,,,,,,,,,,,,,,,,0.14,,,2.13,,,,,,,,,,,,,,,,,,,,,,,,,,,,,,,,,,,,,,,,,,,,,,,,,2017-10-26,,2.27,,post-market,,,,,,,,,,,,,6.5728,,,,,,,,,,,,
2017-12-31,GILD,,,,,,,,,,,,,,,,,,,,,,,,,,,,,,,,,,,,,,0.11,,,1.67,,,,,,,,,,,,,,,,,,,,,,,,,,,,,,,,,,,,,,,,,,,,,,,,,2018-02-06,,1.78,,post-market,,,,,,,,,,,,,6.5868,,,,,,,,,,,,
2018-03-31,GILD,,,,,,,,,,,,,,,,,,,,,,,,,,,,,,,,,,,,,,-0.19,,,1.67,,,,,,,,,,,,,,,,,,,,,,,,,,,,,,,,,,,,,,,,,,,,,,,,,2018-05-01,,1.48,,post-market,,,,,,,,,,,,,-11.3772,,,,,,,,,,,,
2018-06-30,GILD,,,,,,,,,,,,,,,,,,,,,,,,,,,,,,,,,,,,,,0.35,,,1.56,,,,,,,,,,,,,,,,,,,,,,,,,,,,,,,,,,,,,,,,,,,,,,,,,2018-07-25,,1.91,,post-market,,,,,,,,,,,,,22.4359,,,,,,,,,,,,
2018-09-30,GILD,,,,,,,,,,,,,,,,,,,,,,,,,,,,,,,,,,,,,,0.21,,,1.63,,,,,,,,,,,,,,,,,,,,,,,,,,,,,,,,,,,,,,,,,,,,,,,,,2018-10-25,,1.84,,post-market,,,,,,,,,,,,,12.8834,,,,,,,,,,,,
2018-12-31,GILD,,,,,,,,,,,,,,,,,,,,,,,,,,,,,,,,,,,,,,-0.26,,,1.7,,,,,,,,,,,,,,,,,,,,,,,,,,,,,,,,,,,,,,,,,,,,,,,,,2019-02-04,,1.44,,post-market,,,,,,,,,,,,,-15.2941,,,,,,,,,,,,
2019-03-31,GILD,,,,,,,,,,,,,,,,,,,,,,,,,,,,,,,,,,,,,,0.15,,,1.61,,,,,,,,,,,,,,,,,,,,,,,,,,,,,,,,,,,,,,,,,,,,,,,,,2019-05-02,,1.76,,post-market,,,,,,,,,,,,,9.3168,,,,,,,,,,,,
2019-06-30,GILD,,,,,,,,,,,,,,,,,,,,,,,,,,,,,,,,,,,,,,0.1,,,1.72,,,,,,,,,,,,,,,,,,,,,,,,,,,,,,,,,,,,,,,,,,,,,,,,,2019-07-30,,1.82,,post-market,,,,,,,,,,,,,5.814,,,,,,,,,,,,
2019-09-30,GILD,,,,,,,,,,,,,,,,,,,,,,,,,,,,,,,,,,,,,,0.01,,,1.74,,,,,,,,,,,,,,,,,,,,,,,,,,,,,,,,,,,,,,,,,,,,,,,,,2019-10-24,,1.75,,post-market,,,,,,,,,,,,,0.5747,,,,,,,,,,,,
2019-12-31,GILD,,,,,,,,,,,,,,,,,,,,,,,,,,,,,,,,,,,,,,-0.37,,,1.67,,,,,,,,,,,,,,,,,,,,,,,,,,,,,,,,,,,,,,,,,,,,,,,,,2020-02-04,,1.3,,post-market,,,,,,,,,,,,,-22.1557,,,,,,,,,,,,
2020-03-31,GILD,,,,,,,,,,,,,,,,,,,,,,,,,,,,,,,,,,,,,,0.11,,,1.57,,,,,,,,,,,,,,,,,,,,,,,,,,,,,,,,,,,,,,,,,,,,,,,,,2020-04-30,,1.68,,post-market,,,,,,,,,,,,,7.0064,,,,,,,,,,,,
2020-06-30,GILD,,,,,,,,,,,,,,,,,,,,,,,,,,,,,,,,,,,,,,-0.34,,,1.45,,,,,,,,,,,,,,,,,,,,,,,,,,,,,,,,,,,,,,,,,,,,,,,,,2020-07-30,,1.11,,post-market,,,,,,,,,,,,,-23.4483,,,,,,,,,,,,
2020-09-30,GILD,,,,,,,,,,,,,,,,,,,,,,,,,,,,,,,,,,,,,,0.21,,,1.9,,,,,,,,,,,,,,,,,,,,,,,,,,,,,,,,,,,,,,,,,,,,,,,,,2020-10-28,,2.11,,post-market,,,,,,,,,,,,,11.0526,,,,,,,,,,,,
2020-12-31,GILD,,,,,,,,,,,,,,,,,,,,,,,,,,,,,,,,,,,,,,0.04,,,2.15,,,,,,,,,,,,,,,,,,,,,,,,,,,,,,,,,,,,,,,,,,,,,,,,,2021-02-04,,2.19,,post-market,,,,,,,,,,,,,1.8605,,,,,,,,,,,,
2021-03-31,GILD,,,,,,,,,,,,,,,,,,,,,,,,,,,,,,,,,,,,,,-0.01,,,2.09,,,,,,,,,,,,,,,,,,,,,,,,,,,,,,,,,,,,,,,,,,,,,,,,,2021-04-29,,2.08,,post-market,,,,,,,,,,,,,-0.4785,,,,,,,,,,,,
2021-06-30,GILD,,,,,,,,,,,,,,,,,,,,,,,,,,,,,,,,,,,,,,0.14,,,1.73,,,,,,,,,,,,,,,,,,,,,,,,,,,,,,,,,,,,,,,,,,,,,,,,,2021-07-29,,1.87,,post-market,,,,,,,,,,,,,8.0925,,,,,,,,,,,,
2021-09-30,GILD,,,,,,,,,,,,,,,,,,,,,,,,,,,,,,,,,,,,,,0.9,,,1.75,,,,,,,,,,,,,,,,,,,,,,,,,,,,,,,,,,,,,,,,,,,,,,,,,2021-10-28,,2.65,,post-market,,,,,,,,,,,,,51.4286,,,,,,,,,,,,
2021-12-31,GILD,,,,,,,,,,,,,,,,,,,,,,,,,,,,,,,,,,,,,,-0.9,,,1.59,,,,,,,,,,,,,,,,,,,,,,,,,,,,,,,,,,,,,,,,,,,,,,,,,2022-02-01,,0.69,,post-market,,,,,,,,,,,,,-56.6038,,,,,,,,,,,,
2022-03-31,GILD,,,,,,,,,,,,,,,,,,,,,,,,,,,,,,,,,,,,,,0.31,,,1.81,,,,,,,,,,,,,,,,,,,,,,,,,,,,,,,,,,,,,,,,,,,,,,,,,2022-04-28,,2.12,,post-market,,,,,,,,,,,,,17.1271,,,,,,,,,,,,
2022-06-30,GILD,,,,,,,,,,,,,,,,,,,,,,,,,,,,,,,,,,,,,,0.06,,,1.52,,,,,,,,,,,,,,,,,,,,,,,,,,,,,,,,,,,,,,,,,,,,,,,,,2022-08-02,,1.58,,post-market,,,,,,,,,,,,,3.9474,,,,,,,,,,,,
2022-09-30,GILD,,,,,,,,,,,,,,,,,,,,,,,,,,,,,,,,,,,,,,0.47,,,1.43,,,,,,,,,,,,,,,,,,,,,,,,,,,,,,,,,,,,,,,,,,,,,,,,,2022-10-27,,1.9,,post-market,,,,,,,,,,,,,32.8671,,,,,,,,,,,,
2022-12-31,GILD,,,,,,,,,,,,,,,,,,,,,,,,,,,,,,,,,,,,,,0.17,,,1.5,,,,,,,,,,,,,,,,,,,,,,,,,,,,,,,,,,,,,,,,,,,,,,,,,2023-02-02,,1.67,,post-market,,,,,,,,,,,,,11.3333,,,,,,,,,,,,
2023-03-31,GILD,,,,,,,,,,,,,,,,,,,,,,,,,,,,,,,,,,,,,,-0.17,,,1.54,,,,,,,,,,,,,,,,,,,,,,,,,,,,,,,,,,,,,,,,,,,,,,,,,2023-04-27,,1.37,,post-market,,,,,,,,,,,,,-11.039,,,,,,,,,,,,
2023-06-30,GILD,,,,,,,,,,,,,,,,,,,,,,,,,,,,,,,,,,,,,,0.02,,,1.64,,,,,,,,,,,,,,,,,,,,,,,,,,,,,,,,,,,,,,,,,,,,,,,,,2023-08-03,,1.66,,post-market,,,,,,,,,,,,,1.2195,,,,,,,,,,,,
2023-09-30,GILD,,,,,,,,,,,,,,,,,,,,,,,,,,,,,,,,,,,,,,0.37,,,1.92,,,,,,,,,,,,,,,,,,,,,,,,,,,,,,,,,,,,,,,,,,,,,,,,,2023-11-07,,2.29,,post-market,,,,,,,,,,,,,19.2708,,,,,,,,,,,,
2023-12-31,GILD,,,,,,,,,,,,,,,,,,,,,,,,,,,,,,,,,,,,,,-0.04,,,1.76,,,,,,,,,,,,,,,,,,,,,,,,,,,,,,,,,,,,,,,,,,,,,,,,,2024-02-06,,1.72,,post-market,,,,,,,,,,,,,-2.2727,,,,,,,,,,,,
2024-03-31,GILD,,,,,,,,,,,,,,,,,,,,,,,,,,,,,,,,,,,,,,0.17,,,-1.49,,,,,,,,,,,,,,,,,,,,,,,,,,,,,,,,,,,,,,,,,,,,,,,,,2024-04-25,,-1.32,,post-market,,,,,,,,,,,,,11.4094,,,,,,,,,,,,
2024-06-30,GILD,,,,,,,,,,,,,,,,,,,,,,,,,,,,,,,,,,,,,,0.41,,,1.6,,,,,,,,,,,,,,,,,,,,,,,,,,,,,,,,,,,,,,,,,,,,,,,,,2024-08-08,,2.01,,post-market,,,,,,,,,,,,,25.625,,,,,,,,,,,,
2024-09-30,GILD,,,,,,,,,,,,,,,,,,,,,,,,,,,,,,,,,,,,,,0.47,,,1.55,,,,,,,,,,,,,,,,,,,,,,,,,,,,,,,,,,,,,,,,,,,,,,,,,2024-11-06,,2.02,,post-market,,,,,,,,,,,,,30.3226,,,,,,,,,,,,
2024-12-31,GILD,,,,,,,,,,,,,,,,,,,,,,,,,,,,,,,,,,,,,,0.1995,,,1.7005,,,,,,,,,,,,,,,,,,,,,,,,,,,,,,,,,,,,,,,,,,,,,,,,,2025-02-04,,1.9,,post-market,,,,,,,,,,,,,11.7318,,,,,,,,,,,,
2025-03-31,GILD,,,,,,,,,,,,,,,,,,,,,,,,,,,,,,,,,,,,,,0.0374,,,1.7726,,,,,,,,,,,,,,,,,,,,,,,,,,,,,,,,,,,,,,,,,,,,,,,,,2025-05-08,,1.81,,post-market,,,,,,,,,,,,,2.1099,,,,,,,,,,,,
2025-06-30,GILD,,,,,,,,,,,,,,,,,,,,,,,,,,,,,,,,,,,,,,0.05,,,1.96,,,,,,,,,,,,,,,,,,,,,,,,,,,,,,,,,,,,,,,,,,,,,,,,,2025-08-07,,2.01,,pre-market,,,,,,,,,,,,,2.551,,,,,,,,,,,,
2025-09-30,GILD,,,,,,,,,,,,,,,,,,,,,,,,,,,,,,,,,,,,,,0.32,,,2.15,,,,,,,,,,,,,,,,,,,,,,,,,,,,,,,,,,,,,,,,,,,,,,,,,2025-10-30,,2.47,,pre-market,,,,,,,,,,,,,14.8837,,,,,,,,,,,,
2025-12-28,GILD,6.46,29087001000.0,19.3,,0.331,17.34,,,,,,,,,,,,,,,,,,,,,,,,,,3.14,0.025,,,,1.43,0.32,,,2.15,,14.18,,22896001000.0,,,,,,,,,,,,,,,,,,,0.452,,,,,,,,,,,,,0.227,7.18,5.32,,,,,,,,0.279,,,2025-10-30,,2.47,,pre-market,,,0.126,0.407,0.03,23.35,,,,,113.48,122.57,14.8837,,,,,,,,,19.3,,127.86,86.16
2025-12-28,GILD,6.46,29087001000.0,19.3,,0.331,17.34,,,,,,,,,,,,,,,None,1569000000,1569000000,,,,,,None,686000000,,3.14,0.025,,,,1.43,0.32,3897000000,4583000000,2.15,2025-09-30,14.18,,22896001000.0,6200000000,3641000000,589000000,,,None,256000000,88000000,,None,,,,,3052000000,3052000000,-168000000,None,0.452,,2873000000,3327000000,,,,,None,,,,,0.227,7.18,5.32,,,,,,,,0.279,,,2025-10-30,quarterly,2.47,USD,pre-market,1346000000,,0.126,0.407,0.03,23.35,1357000000,,,,113.48,122.57,14.8837,,,,,,,7769000000,,19.3,,127.86,86.16
2025-12-28,GILD,6.46,29087001000.0,19.3,,0.331,17.34,,,,,,,,,,,,,,,None,1501000000,1501000000,,,,,,None,691000000,,3.14,0.025,,,,1.43,0.32,2683000000,3374000000,2.15,2025-06-30,14.18,,22896001000.0,5580000000,2429000000,468000000,,,None,254000000,73000000,,None,,,,,1960000000,1961000000,-181000000,None,0.452,,3106000000,2474000000,,,,,None,,,,,0.227,7.18,5.32,,,,,,,,0.279,,,2025-10-30,quarterly,2.47,USD,pre-market,1491000000,,0.126,0.407,0.03,23.35,501000000,,,,113.48,122.57,14.8837,,,,,,,7081000000,,19.3,,127.86,86.16
2025-12-28,GILD,6.46,29087001000.0,19.3,,0.331,17.34,,,,,,,,,,,,,,,None,1540000000,1540000000,,,,,,None,696000000,,3.14,0.025,,,,1.43,0.32,1909000000,2605000000,2.15,2025-03-31,14.18,,22896001000.0,5127000000,1649000000,334000000,,,None,260000000,94000000,,None,,,,,1315000000,1315000000,-166000000,None,0.452,,2890000000,2237000000,,,,,None,,,,,0.227,7.18,5.32,,,,,,,,0.279,,,2025-10-30,quarterly,2.47,USD,pre-market,1379000000,,0.126,0.407,0.03,23.35,505000000,,,,113.48,122.57,14.8837,,,,,,,6667000000,,19.3,,127.86,86.16
2025-12-28,GILD,6.46,29087001000.0,19.3,,0.331,17.34,,,,,,,,,,,,,,,None,1581000000,1581000000,,,,,,None,693000000,,3.14,0.025,,,,1.43,0.32,2416000000,3109000000,2.15,2024-12-31,14.18,,22896001000.0,5988000000,2167000000,385000000,,,None,249000000,85000000,,None,,,,,1783000000,1782000000,-164000000,None,0.452,,3536000000,2452000000,,,,,None,,,,,0.227,7.18,5.32,,,,,,,,0.279,,,2025-10-30,quarterly,2.47,USD,pre-market,1641000000,,0.126,0.407,0.03,23.35,992000000,,,,113.48,122.57,14.8837,,,,,,,7569000000,,19.3,,127.86,86.16
2025-12-28,GILD,6.46,29087001000.0,19.3,,0.331,17.34,,,,,,,,,,,,,,,None,1574000000,1574000000,,,,,,None,690000000,,3.14,0.025,,,,1.43,0.32,1194000000,1884000000,2.15,2024-09-30,14.18,,22896001000.0,5971000000,956000000,-297000000,,,None,238000000,52000000,,None,,,,,1253000000,1253000000,-186000000,None,0.452,,5083000000,888000000,,,,,None,,,,,0.227,7.18,5.32,,,,,,,,0.279,,,2025-10-30,quarterly,2.47,USD,pre-market,1395000000,,0.126,0.407,0.03,23.35,442000000,,,,113.48,122.57,14.8837,,,,,,,7545000000,,19.3,,127.86,86.16
2025-12-28,GILD,6.46,29087001000.0,19.3,,0.331,17.34,,,,,,,,,,,,,,,None,1544000000,1544000000,,,,,,None,694000000,,3.14,0.025,,,,1.43,0.32,2290000000,2984000000,2.15,2024-06-30,14.18,,22896001000.0,5409000000,2053000000,438000000,,,None,237000000,35000000,,None,,,,,1614000000,1615000000,-237000000,None,0.452,,2765000000,2644000000,,,,,None,,,,,0.227,7.18,5.32,,,,,,,,0.279,,,2025-10-30,quarterly,2.47,USD,pre-market,1351000000,,0.126,0.407,0.03,23.35,572000000,,,,113.48,122.57,14.8837,,,,,,,6953000000,,19.3,,127.86,86.16
2025-12-28,GILD,6.46,29087001000.0,19.3,,0.331,17.34,,,,,,,,,,,,,,,None,1552000000,1552000000,,,,,,None,690000000,,3.14,0.025,,,,1.43,0.32,-4232000000,-3542000000,2.15,2024-03-31,14.18,,22896001000.0,5134000000,-4486000000,-315000000,,,None,254000000,108000000,,None,,,,,-4170000000,-4171000000,-254000000,None,0.452,,9456000000,-4322000000,,,,,None,,,,,0.227,7.18,5.32,,,,,,,,0.279,,,2025-10-30,quarterly,2.47,USD,pre-market,1520000000,,0.126,0.407,0.03,23.35,632000000,,,,113.48,122.57,14.8837,,,,,,,6686000000,,19.3,,127.86,86.16
2025-12-28,GILD,6.46,29087001000.0,19.3,,0.331,17.34,,,,,,,,,,,,,,,None,2090000000,2090000000,,,,,,None,688000000,,3.14,0.025,,,,1.43,0.32,1905000000,2593000000,2.15,2023-12-31,14.18,,22896001000.0,5024000000,1653000000,237000000,,,None,252000000,None,,None,,,,,1429000000,1416000000,-252000000,None,0.452,,3412000000,1612000000,,,,,None,,,,,0.227,7.18,5.32,,,,,,,,0.279,,,2025-10-30,quarterly,2.47,USD,pre-market,1408000000,,0.126,0.407,0.03,23.35,754000000,,,,113.48,122.57,14.8837,,,,,,,7114000000,,19.3,,127.86,86.16
2025-12-28,GILD,6.46,29087001000.0,19.3,,0.331,17.34,,,,,,,,,,,,,,,None,1565000000,1565000000,,,,,,None,684000000,,3.14,0.025,,,,1.43,0.32,2550000000,3234000000,2.15,2023-09-30,14.18,,22896001000.0,5485000000,2318000000,146000000,,,None,232000000,106000000,,None,,,,,2180000000,2172000000,-232000000,None,0.452,,2862000000,2623000000,,,,,None,,,,,0.227,7.18,5.32,,,,,,,,0.279,,,2025-10-30,quarterly,2.47,USD,pre-market,1457000000,,0.126,0.407,0.03,23.35,1315000000,,,,113.48,122.57,14.8837,,,,,,,7050000000,,19.3,,127.86,86.16
2025-12-28,GILD,6.46,29087001000.0,19.3,,0.331,17.34,,,,,,,,,,,,,,,None,1442000000,1442000000,,,,,,None,681000000,,3.14,0.025,,,,1.43,0.32,1818000000,2499000000,2.15,2023-06-30,14.18,,22896001000.0,5157000000,1588000000,549000000,,,None,230000000,None,,None,,,,,1045000000,1039000000,-230000000,None,0.452,,3492000000,1665000000,,,,,152000000,,,,,0.227,7.18,5.32,,,,,,,,0.279,,,2025-10-30,quarterly,2.47,USD,pre-market,1407000000,,0.126,0.407,0.03,23.35,1849000000,,,,113.48,122.57,14.8837,,,,,,,6599000000,,19.3,,127.86,86.16
2025-12-28,GILD,6.46,29087001000.0,19.3,,0.331,17.34,,,,,,,,,,,,,,,None,1401000000,1401000000,,,,,,None,640000000,,3.14,0.025,,,,1.43,0.32,1530000000,2170000000,2.15,2023-03-31,14.18,,22896001000.0,4951000000,1300000000,316000000,,,None,230000000,None,,None,,,,,1010000000,985000000,-230000000,None,0.452,,3246000000,1705000000,,,,,-174000000,,,,,0.227,7.18,5.32,,,,,,,,0.279,,,2025-10-30,quarterly,2.47,USD,pre-market,1447000000,,0.126,0.407,0.03,23.35,6700000,,,,113.48,122.57,14.8837,,,,,,,6352000000,,19.3,,127.86,86.16
2025-12-28,GILD,6.46,29087001000.0,19.3,,0.331,17.34,,,,,,,,,,,,,,,None,1396000000,1396000000,,,,,,None,528000000,,3.14,0.025,,,,1.43,0.32,2257000000,2785000000,2.15,2022-12-31,14.18,,22896001000.0,5993000000,2031000000,398000000,,,None,226000000,None,,None,,,,,1640000000,1633000000,-227000000,None,0.452,,3726000000,2267000000,,,,,-10000000,,,,,0.227,7.18,5.32,,,,,,,,0.279,,,2025-10-30,quarterly,2.47,USD,pre-market,-1152000000,,0.126,0.407,0.03,23.35,1242000000,,,,113.48,122.57,14.8837,,,,,,,7389000000,,19.3,,127.86,86.16
2025-12-28,GILD,6.46,29087001000.0,19.3,,0.331,17.34,,,,,,,,,,,,,,,None,1395000000,1395000000,,,,,,None,525000000,,3.14,0.025,,,,1.43,0.32,2661000000,3186000000,2.15,2022-09-30,14.18,,22896001000.0,5647000000,2432000000,646000000,,,None,229000000,None,,None,,,,,1789000000,1786000000,-229000000,None,0.452,,2810000000,2837000000,,,,,-176000000,,,,,0.227,7.18,5.32,,,,,,,,0.279,,,2025-10-30,quarterly,2.47,USD,pre-market,1149000000,,0.126,0.407,0.03,23.35,1213000000,,,,113.48,122.57,14.8837,,,,,,,7042000000,,19.3,,127.86,86.16
2025-12-28,GILD,6.46,29087001000.0,19.3,,0.331,17.34,,,,,,,,,,,,,,,None,1442000000,1442000000,,,,,,None,525000000,,3.14,0.025,,,,1.43,0.32,1745000000,2270000000,2.15,2022-06-30,14.18,,22896001000.0,4818000000,1503000000,368000000,,,None,242000000,None,,None,,,,,1144000000,1135000000,-242000000,None,0.452,,2789000000,2029000000,,,,,-284000000,,,,,0.227,7.18,5.32,,,,,,,,0.279,,,2025-10-30,quarterly,2.47,USD,pre-market,1102000000,,0.126,0.407,0.03,23.35,6700000,,,,113.48,122.57,14.8837,,,,,,,6260000000,,19.3,,127.86,86.16
2025-12-28,GILD,6.46,29087001000.0,19.3,,0.331,17.34,,,,,,,,,,,,,,,None,1424000000,1424000000,,,,,,None,525000000,,3.14,0.025,,,,1.43,0.32,86000000,611000000,2.15,2022-03-31,14.18,,22896001000.0,5166000000,-152000000,-164000000,,,None,238000000,None,,None,,,,,19000000,12000000,-238000000,None,0.452,,4969000000,197000000,,,,,-111000000,,,,,0.227,7.18,5.32,,,,,,,,0.279,,,2025-10-30,quarterly,2.47,USD,pre-market,3878000000,,0.126,0.407,0.03,23.35,1083000000,,,,113.48,122.57,14.8837,,,,,,,6590000000,,19.3,,127.86,86.16
2025-12-28,GILD,6.46,29087001000.0,19.3,,0.331,17.34,,,,,,,,,,,,,,,None,2627000000,2627000000,,,,,,None,535000000,,3.14,0.025,,,,1.43,0.32,997000000,1532000000,2.15,2021-12-31,14.18,,22896001000.0,4617000000,759000000,383000000,,,None,238000000,None,,None,,,,,382000000,376000000,-238000000,None,0.452,,3677000000,940000000,,,,,57000000,,,,,0.227,7.18,5.32,,,,,,,,0.279,,,2025-10-30,quarterly,2.47,USD,pre-market,2027000000,,0.126,0.407,0.03,23.35,915000000,,,,113.48,122.57,14.8837,,,,,,,7244000000,,19.3,,127.86,86.16
2025-12-28,GILD,6.46,29087001000.0,19.3,,0.331,17.34,,,,,,,,,,,,,,,None,1223000000,1223000000,,,,,,None,523000000,,3.14,0.025,,,,1.43,0.32,3688000000,4211000000,2.15,2021-09-30,14.18,,22896001000.0,6198000000,3438000000,852000000,,,None,250000000,None,,None,,,,,2592000000,2586000000,-250000000,None,0.452,,2356000000,3842000000,,,,,-154000000,,,,,0.227,7.18,5.32,,,,,,,,0.279,,,2025-10-30,quarterly,2.47,USD,pre-market,1101000000,,0.126,0.407,0.03,23.35,1190000000,,,,113.48,122.57,14.8837,,,,,,,7421000000,,19.3,,127.86,86.16
2025-12-28,GILD,6.46,29087001000.0,19.3,,0.331,17.34,,,,,,,,,,,,,,,None,1390000000,1390000000,,,,,,None,519000000,,3.14,0.025,,,,1.43,0.32,2073000000,2592000000,2.15,2021-06-30,14.18,,22896001000.0,4827000000,1817000000,300000000,,,None,256000000,None,,None,,,,,1522000000,1517000000,-256000000,None,0.452,,2581000000,2246000000,,,,,-173000000,,,,,0.227,7.18,5.32,,,,,,,,0.279,,,2025-10-30,quarterly,2.47,USD,pre-market,1092000000,,0.126,0.407,0.03,23.35,1351000000,,,,113.48,122.57,14.8837,,,,,,,6217000000,,19.3,,127.86,86.16
2025-12-28,GILD,6.46,29087001000.0,19.3,,0.331,17.34,,,,,,,,,,,,,,,None,1361000000,1361000000,,,,,,None,473000000,,3.14,0.025,,,,1.43,0.32,2521000000,2994000000,2.15,2021-03-31,14.18,,22896001000.0,5062000000,2264000000,542000000,,,None,257000000,None,,None,,,,,1729000000,1722000000,-257000000,None,0.452,,2172000000,2890000000,,,,,-369000000,,,,,0.227,7.18,5.32,,,,,,,,0.279,,,2025-10-30,quarterly,2.47,USD,pre-market,1055000000,,0.126,0.407,0.03,23.35,1055000000,,,,113.48,122.57,14.8837,,,,,,,6423000000,,19.3,,127.86,86.16
2025-12-28,GILD,6.46,29087001000.0,19.3,,0.331,17.34,,,,,,,,,,,,,,,None,1398000000,1398000000,,,,,,None,427000000,,3.14,0.025,,,,1.43,0.32,2081000000,2508000000,2.15,2020-12-31,14.18,,22896001000.0,6023000000,1814000000,270000000,,,None,267000000,None,,None,,,,,1551000000,1544000000,-267000000,None,0.452,,3372000000,2651000000,,,,,-570000000,,,,,0.227,7.18,5.32,,,,,,,,0.279,,,2025-10-30,quarterly,2.47,USD,pre-market,1578000000,,0.126,0.407,0.03,23.35,935000000,,,,113.48,122.57,14.8837,,,,,,,7421000000,,19.3,,127.86,86.16
2025-12-28,GILD,6.46,29087001000.0,19.3,,0.331,17.34,,,,,,,,,,,,,,,None,1141000000,1141000000,,,,,,None,355000000,,3.14,0.025,,,,1.43,0.32,1061000000,1416000000,2.15,2020-09-30,14.18,,22896001000.0,5436000000,825000000,472000000,,,None,236000000,None,,None,,,,,360000000,353000000,-236000000,None,0.452,,3435000000,2001000000,,,,,-940000000,,,,,0.227,7.18,5.32,,,,,,,,0.279,,,2025-10-30,quarterly,2.47,USD,pre-market,1158000000,,0.126,0.407,0.03,23.35,1106000000,,,,113.48,122.57,14.8837,,,,,,,6577000000,,19.3,,127.86,86.16
2025-12-28,GILD,6.46,29087001000.0,19.3,,0.331,17.34,,,,,,,,,,,,,,,None,1064000000,1064000000,,,,,,None,349000000,,3.14,0.025,,,,1.43,0.32,-2733000000,-2384000000,2.15,2020-06-30,14.18,,22896001000.0,4079000000,-2973000000,373000000,,,None,240000000,None,,None,,,,,-3339000000,-3346000000,-240000000,None,0.452,,7062000000,-2983000000,,,,,250000000,,,,,0.227,7.18,5.32,,,,,,,,0.279,,,2025-10-30,quarterly,2.47,USD,pre-market,1299000000,,0.126,0.407,0.03,23.35,1239000000,,,,113.48,122.57,14.8837,,,,,,,5143000000,,19.3,,127.86,86.16
2025-12-28,GILD,6.46,29087001000.0,19.3,,0.331,17.34,,,,,,,,,,,,,,,None,969000000,969000000,,,,,,None,349000000,,3.14,0.025,,,,1.43,0.32,2244000000,2593000000,2.15,2020-03-31,14.18,,22896001000.0,4579000000,2003000000,465000000,,,None,241000000,500000000,,None,,,,,1551000000,1538000000,-241000000,None,0.452,,2177000000,2402000000,,,,,-158000000,,,,,0.227,7.18,5.32,,,,,,,,0.279,,,2025-10-30,quarterly,2.47,USD,pre-market,1004000000,,0.126,0.407,0.03,23.35,1076000000,,,,113.48,122.57,14.8837,,,,,,,5548000000,,19.3,,127.86,86.16
2025-12-28,GILD,6.46,29087001000.0,19.3,,0.331,17.34,,,,,,,,,,,,,,,None,1683000000,1683000000,,,,,,None,350000000,,3.14,0.025,,,,1.43,0.32,2144000000,2494000000,2.15,2019-12-31,14.18,,22896001000.0,4196000000,1901000000,-788000000,,,None,243000000,638000000,,None,,,,,2696000000,2689000000,-243000000,None,0.452,,3103000000,1093000000,,,,,1051000000,,,,,0.227,7.18,5.32,,,,,,,,0.279,,,2025-10-30,quarterly,2.47,USD,pre-market,1899000000,,0.126,0.407,0.03,23.35,1204000000,,,,113.48,122.57,14.8837,,,,,,,5879000000,,19.3,,127.86,86.16
2025-12-28,GILD,6.46,29087001000.0,19.3,,0.331,17.34,,,,,,,,,,,,,,,None,1035000000,1035000000,,,,,,None,347000000,,3.14,0.025,,,,1.43,0.32,-1251000000,-904000000,2.15,2019-09-30,14.18,,22896001000.0,4569000000,-1501000000,-333000000,,,None,250000000,152000000,,None,,,,,-1165000000,-1168000000,-250000000,None,0.452,,6042000000,-1473000000,,,,,222000000,,,,,0.227,7.18,5.32,,,,,,,,0.279,,,2025-10-30,quarterly,2.47,USD,pre-market,1030000000,,0.126,0.407,0.03,23.35,1052000000,,,,113.48,122.57,14.8837,,,,,,,5604000000,,19.3,,127.86,86.16
2025-12-28,GILD,6.46,29087001000.0,19.3,,0.331,17.34,,,,,,,,,,,,,,,None,1000000000,1000000000,,,,,,None,348000000,,3.14,0.025,,,,1.43,0.32,2658000000,3006000000,2.15,2019-06-30,14.18,,22896001000.0,4685000000,2410000000,535000000,,,None,248000000,196000000,,None,,,,,1880000000,1875000000,-248000000,None,0.452,,2255000000,2430000000,,,,,228000000,,,,,0.227,7.18,5.32,,,,,,,,0.279,,,2025-10-30,quarterly,2.47,USD,pre-market,995000000,,0.126,0.407,0.03,23.35,1095000000,,,,113.48,122.57,14.8837,,,,,,,5685000000,,19.3,,127.86,86.16
2025-12-28,GILD,6.46,29087001000.0,19.3,,0.331,17.34,,,,,,,,,,,,,,,None,957000000,957000000,,,,,,None,359000000,,3.14,0.025,,,,1.43,0.32,2604000000,2963000000,2.15,2019-03-31,14.18,,22896001000.0,4324000000,2350000000,382000000,,,None,254000000,63000000,,None,,,,,1975000000,1968000000,-254000000,None,0.452,,2087000000,2237000000,,,,,367000000,,,,,0.227,7.18,5.32,,,,,,,,0.279,,,2025-10-30,quarterly,2.47,USD,pre-market,1057000000,,0.126,0.407,0.03,23.35,1030000000,,,,113.48,122.57,14.8837,,,,,,,5281000000,,19.3,,127.86,86.16
2025-12-28,GILD,6.46,29087001000.0,19.3,,0.331,17.34,,,,,,,,,,,,,,,None,1570000000,1570000000,,,,,,None,358000000,,3.14,0.025,,,,1.43,0.32,1273000000,1631000000,2.15,2018-12-31,14.18,,22896001000.0,4225000000,1016000000,1013000000,,,None,257000000,None,,None,,,,,3000000,3000000,None,None,0.452,,3081000000,1144000000,,,,,129000000,,,,,0.227,7.18,5.32,,,,,,,,0.279,,,2025-10-30,quarterly,2.47,USD,pre-market,1950000000,,0.126,0.407,0.03,23.35,1131000000,,,,113.48,122.57,14.8837,,,,,,,5795000000,,19.3,,127.86,86.16
2025-12-28,GILD,6.46,29087001000.0,19.3,,0.331,17.34,,,,,,,,,,,,,,,None,1086000000,1086000000,,,,,,None,358000000,,3.14,0.025,,,,1.43,0.32,2928000000,3286000000,2.15,2018-09-30,14.18,,22896001000.0,4510000000,2664000000,565000000,,,None,264000000,None,,None,,,,,2097000000,2099000000,None,None,0.452,,1887000000,2623000000,,,,,305000000,,,,,0.227,7.18,5.32,,,,,,,,0.279,,,2025-10-30,quarterly,2.47,USD,pre-market,939000000,,0.126,0.407,0.03,23.35,948000000,,,,113.48,122.57,14.8837,,,,,,,5596000000,,19.3,,127.86,86.16
2025-12-28,GILD,6.46,29087001000.0,19.3,,0.331,17.34,,,,,,,,,,,,,,,None,1196000000,1196000000,,,,,,None,356000000,,3.14,0.025,,,,1.43,0.32,2352000000,2708000000,2.15,2018-06-30,14.18,,22896001000.0,4452000000,2086000000,267000000,,,None,266000000,None,,None,,,,,1817000000,1819000000,None,None,0.452,,2172000000,2280000000,,,,,72000000,,,,,0.227,7.18,5.32,,,,,,,,0.279,,,2025-10-30,quarterly,2.47,USD,pre-market,1192000000,,0.126,0.407,0.03,23.35,980000000,,,,113.48,122.57,14.8837,,,,,,,5648000000,,19.3,,127.86,86.16
2025-12-28,GILD,6.46,29087001000.0,19.3,,0.331,17.34,,,,,,,,,,,,,,,None,1001000000,1001000000,,,,,,None,357000000,,3.14,0.025,,,,1.43,0.32,2323000000,2680000000,2.15,2018-03-31,14.18,,22896001000.0,4087000000,2033000000,494000000,,,None,290000000,None,,None,,,,,1538000000,1539000000,None,None,0.452,,1934000000,2153000000,,,,,170000000,,,,,0.227,7.18,5.32,,,,,,,,0.279,,,2025-10-30,quarterly,2.47,USD,pre-market,937000000,,0.126,0.407,0.03,23.35,997000000,,,,113.48,122.57,14.8837,,,,,,,5088000000,,19.3,,127.86,86.16
2025-12-28,GILD,6.46,29087001000.0,19.3,,0.331,17.34,,,,,,,,,,,,,,,None,1256000000,1256000000,,,,,,None,397000000,,3.14,0.025,,,,1.43,0.32,2423000000,2820000000,2.15,2017-12-31,14.18,,22896001000.0,4693000000,2126000000,5962000000,,,None,297000000,None,,None,,,,,-3865000000,-3836000000,None,None,0.452,,2402000000,2291000000,,,,,132000000,,,,,0.227,7.18,5.32,,,,,,,,0.279,,,2025-10-30,quarterly,2.47,USD,pre-market,1150000000,,0.126,0.407,0.03,23.35,1252000000,,,,113.48,122.57,14.8837,,,,,,,5949000000,,19.3,,127.86,86.16
2025-12-28,GILD,6.46,29087001000.0,19.3,,0.331,17.34,,,,,,,,,,,,,,,None,1032000000,1032000000,,,,,,None,297000000,,3.14,0.025,,,,1.43,0.32,3962000000,4259000000,2.15,2017-09-30,14.18,,22896001000.0,5480000000,3671000000,959000000,,,None,291000000,None,,None,,,,,2718000000,2712000000,None,None,0.452,,1668000000,3812000000,,,,,150000000,,,,,0.227,7.18,5.32,,,,,,,,0.279,,,2025-10-30,quarterly,2.47,USD,pre-market,789000000,,0.126,0.407,0.03,23.35,879000000,,,,113.48,122.57,14.8837,,,,,,,6512000000,,19.3,,127.86,86.16
2025-12-28,GILD,6.46,29087001000.0,19.3,,0.331,17.34,,,,,,,,,,,,,,,None,1126000000,1126000000,,,,,,None,298000000,,3.14,0.025,,,,1.43,0.32,4384000000,4682000000,2.15,2017-06-30,14.18,,22896001000.0,6015000000,4115000000,1046000000,,,None,269000000,None,,None,,,,,3073000000,3069000000,None,None,0.452,,1761000000,4254000000,,,,,130000000,,,,,0.227,7.18,5.32,,,,,,,,0.279,,,2025-10-30,quarterly,2.47,USD,pre-market,864000000,,0.126,0.407,0.03,23.35,897000000,,,,113.48,122.57,14.8837,,,,,,,7141000000,,19.3,,127.86,86.16
2025-12-28,GILD,6.46,29087001000.0,19.3,,0.331,17.34,,,,,,,,,,,,,,,None,957000000,957000000,,,,,,None,294000000,,3.14,0.025,,,,1.43,0.32,3878000000,4172000000,2.15,2017-03-31,14.18,,22896001000.0,5548000000,3617000000,918000000,,,None,261000000,None,,None,,,,,2702000000,2699000000,None,None,0.452,,1781000000,3767000000,,,,,111000000,,,,,0.227,7.18,5.32,,,,,,,,0.279,,,2025-10-30,quarterly,2.47,USD,pre-market,931000000,,0.126,0.407,0.03,23.35,850000000,,,,113.48,122.57,14.8837,,,,,,,6505000000,,19.3,,127.86,86.16
2025-12-28,GILD,6.46,29087001000.0,19.3,,0.331,17.34,,,,,,,,,,,,,,,None,1075000000,1075000000,,,,,,None,292000000,,3.14,0.025,,,,1.43,0.32,4185000000,4477000000,2.15,2016-12-31,14.18,,22896001000.0,6245000000,3920000000,821000000,,,None,265000000,None,,None,,,,,3108000000,3099000000,None,None,0.452,,2200000000,4045000000,,,,,140000000,,,,,0.227,7.18,5.32,,,,,,,,0.279,,,2025-10-30,quarterly,2.47,USD,pre-market,1208000000,,0.126,0.407,0.03,23.35,992000000,,,,113.48,122.57,14.8837,,,,,,,7320000000,,19.3,,127.86,86.16
2025-12-28,GILD,6.46,29087001000.0,19.3,,0.331,17.34,,,,,,,,,,,,,,,None,1129000000,1129000000,,,,,,None,299000000,,3.14,0.025,,,,1.43,0.32,4518000000,4817000000,2.15,2016-09-30,14.18,,22896001000.0,6371000000,4276000000,951000000,,,None,242000000,None,,None,,,,,3330000000,3325000000,None,None,0.452,,1972000000,4399000000,,,,,119000000,,,,,0.227,7.18,5.32,,,,,,,,0.279,,,2025-10-30,quarterly,2.47,USD,pre-market,1141000000,,0.126,0.407,0.03,23.35,831000000,,,,113.48,122.57,14.8837,,,,,,,7500000000,,19.3,,127.86,86.16
2025-12-28,GILD,6.46,29087001000.0,19.3,,0.331,17.34,,,,,,,,,,,,,,,None,864000000,864000000,,,,,,None,284000000,,3.14,0.025,,,,1.43,0.32,4626000000,4910000000,2.15,2016-06-30,14.18,,22896001000.0,6912000000,4399000000,902000000,,,None,227000000,None,,None,,,,,3497000000,3497000000,None,None,0.452,,2374000000,4538000000,,,,,88000000,,,,,0.227,7.18,5.32,,,,,,,,0.279,,,2025-10-30,quarterly,2.47,USD,pre-market,1484000000,,0.126,0.407,0.03,23.35,890000000,,,,113.48,122.57,14.8837,,,,,,,7776000000,,19.3,,127.86,86.16
2025-12-28,GILD,6.46,29087001000.0,19.3,,0.331,17.34,,,,,,,,,,,,,,,None,1193000000,1193000000,,,,,,None,283000000,,3.14,0.025,,,,1.43,0.32,4732000000,5015000000,2.15,2016-03-31,14.18,,22896001000.0,6601000000,4502000000,935000000,,,None,230000000,None,,None,,,,,3566000000,3567000000,None,None,0.452,,1950000000,4651000000,,,,,81000000,,,,,0.227,7.18,5.32,,,,,,,,0.279,,,2025-10-30,quarterly,2.47,USD,pre-market,1265000000,,0.126,0.407,0.03,23.35,685000000,,,,113.48,122.57,14.8837,,,,,,,7794000000,,19.3,,127.86,86.16
2025-12-28,GILD,6.46,29087001000.0,19.3,,0.331,17.34,,,,,,,,,,,,,,,None,1062000000,1062000000,,,,,,None,278000000,,3.14,0.025,,,,1.43,0.32,5667000000,5945000000,2.15,2015-12-31,14.18,,22896001000.0,7444000000,5437000000,752000000,,,None,230000000,None,,None,,,,,4683000000,4685000000,None,None,0.452,,1823000000,5621000000,,,,,46000000,,,,,0.227,7.18,5.32,,,,,,,,0.279,,,2025-10-30,quarterly,2.47,USD,pre-market,757000000,,0.126,0.407,0.03,23.35,1066000000,,,,113.48,122.57,14.8837,,,,,,,8506000000,,19.3,,127.86,86.16
2025-12-28,GILD,6.46,29087001000.0,19.3,,0.331,17.34,,,,,,,,,,,,,,,None,1064000000,1064000000,,,,,,None,278000000,,3.14,0.025,,,,1.43,0.32,5637000000,5915000000,2.15,2015-09-30,14.18,,22896001000.0,7231000000,5472000000,880000000,,,None,165000000,None,,None,,,,,4600000000,4592000000,None,None,0.452,,1646000000,5585000000,,,,,52000000,,,,,0.227,7.18,5.32,,,,,,,,0.279,,,2025-10-30,quarterly,2.47,USD,pre-market,743000000,,0.126,0.407,0.03,23.35,903000000,,,,113.48,122.57,14.8837,,,,,,,8295000000,,19.3,,127.86,86.16
2025-12-28,GILD,6.46,29087001000.0,19.3,,0.331,17.34,,,,,,,,,,,,,,,None,998000000,998000000,,,,,,None,273000000,,3.14,0.025,,,,1.43,0.32,5651000000,5924000000,2.15,2015-06-30,14.18,,22896001000.0,7246000000,5511000000,1014000000,,,None,140000000,None,,None,,,,,4492000000,4497000000,None,None,0.452,,1630000000,5616000000,,,,,35000000,,,,,0.227,7.18,5.32,,,,,,,,0.279,,,2025-10-30,quarterly,2.47,USD,pre-market,818000000,,0.126,0.407,0.03,23.35,812000000,,,,113.48,122.57,14.8837,,,,,,,8244000000,,19.3,,127.86,86.16
2025-12-28,GILD,6.46,29087001000.0,19.3,,0.331,17.34,,,,,,,,,,,,,,,None,882000000,882000000,,,,,,None,269000000,,3.14,0.025,,,,1.43,0.32,5392000000,5661000000,2.15,2015-03-31,14.18,,22896001000.0,6712000000,5239000000,907000000,,,None,153000000,None,,None,,,,,4333000000,4332000000,None,None,0.452,,1341000000,5371000000,,,,,21000000,,,,,0.227,7.18,5.32,,,,,,,,0.279,,,2025-10-30,quarterly,2.47,USD,pre-market,696000000,,0.126,0.407,0.03,23.35,645000000,,,,113.48,122.57,14.8837,,,,,,,7594000000,,19.3,,127.86,86.16
2025-12-28,GILD,6.46,29087001000.0,19.3,,0.331,17.34,,,,,,,,,,,,,,,None,1062780000,1062780000,,,,,,None,275381000,,3.14,0.025,,,,1.43,0.32,4359966000,4635347000,2.15,2014-12-31,14.18,,22896001000.0,6251489000,4229605000,767940000,,,None,130361000,None,,None,,,,,3486723000,3461665000,None,None,0.452,,1921117000,4330372000,,,,,29594000,,,,,0.227,7.18,5.32,,,,,,,,0.279,,,2025-10-30,quarterly,2.47,USD,pre-market,1044632000,,0.126,0.407,0.03,23.35,876485000,,,,113.48,122.57,14.8837,,,,,,,7314269000,,19.3,,127.86,86.16
2025-12-28,GILD,6.46,29087001000.0,19.3,,0.331,17.34,,,,,,,,,,,,,,,None,987000000,987000000,,,,,,None,268000000,,3.14,0.025,,,,1.43,0.32,3475000000,3743000000,2.15,2014-09-30,14.18,,22896001000.0,5055000000,3371000000,647000000,,,None,104000000,None,,None,,,,,2731000000,2724263000,None,None,0.452,,1575000000,3480000000,,,,,-5037000,,,,,0.227,7.18,5.32,,,,,,,,0.279,,,2025-10-30,quarterly,2.47,USD,pre-market,630000000,,0.126,0.407,0.03,23.35,944837000,,,,113.48,122.57,14.8837,,,,,,,6042000000,,19.3,,127.86,86.16
2025-12-28,GILD,6.46,29087001000.0,19.3,,0.331,17.34,,,,,,,,,,,,,,,None,925000000,925000000,,,,,,None,266000000,,3.14,0.025,,,,1.43,0.32,4408000000,4674000000,2.15,2014-06-30,14.18,,22896001000.0,5610000000,4306000000,656000000,,,None,102000000,None,,None,,,,,3656000000,3650485000,None,None,0.452,,1198000000,4412000000,,,,,-3645000,,,,,0.227,7.18,5.32,,,,,,,,0.279,,,2025-10-30,quarterly,2.47,USD,pre-market,584000000,,0.126,0.407,0.03,23.35,613555000,,,,113.48,122.57,14.8837,,,,,,,6535000000,,19.3,,127.86,86.16
2025-12-28,GILD,6.46,29087001000.0,19.3,,0.331,17.34,,,,,,,,,,,,,,,None,813000000,813000000,,,,,,None,241000000,,3.14,0.025,,,,1.43,0.32,3025000000,3266000000,2.15,2014-03-31,14.18,,22896001000.0,4186000000,2949000000,726000000,,,None,76000000,None,,None,,,,,2227000000,2222587000,None,None,0.452,,1143000000,3043000000,,,,,-17912000,,,,,0.227,7.18,5.32,,,,,,,,0.279,,,2025-10-30,quarterly,2.47,USD,pre-market,595000000,,0.126,0.407,0.03,23.35,548123000,,,,113.48,122.57,14.8837,,,,,,,4999000000,,19.3,,127.86,86.16
2025-12-28,GILD,6.46,29087001000.0,19.3,,0.331,17.34,,,,,,,,,,,,,,,None,857523000,857523000,,,,,,None,127959000,,3.14,0.025,,,,1.43,0.32,1185933000,1313892000,2.15,2013-12-31,14.18,,22896001000.0,2262303000,1112783000,326041000,,,None,73150000,None,,None,,,,,791411000,786742000,None,None,0.452,,1065262000,1197041000,,,,,-11108000,,,,,0.227,7.18,5.32,,,,,,,,0.279,,,2025-10-30,quarterly,2.47,USD,pre-market,551978000,,0.126,0.407,0.03,23.35,513284000,,,,113.48,122.57,14.8837,,,,,,,3119826000,,19.3,,127.86,86.16
2025-12-28,GILD,6.46,29087001000.0,19.3,,0.331,17.34,,,,,,,,,,,,,,,None,681868000,681868000,,,,,,None,69242000,,3.14,0.025,,,,1.43,0.32,1153638000,1222880000,2.15,2013-09-30,14.18,,22896001000.0,2100965000,1079689000,294473000,,,None,73949000,None,,None,,,,,788606000,785216000,None,None,0.452,,953104000,1147861000,,,,,5777000,,,,,0.227,7.18,5.32,,,,,,,,0.279,,,2025-10-30,quarterly,2.47,USD,pre-market,546244000,,0.126,0.407,0.03,23.35,406860000,,,,113.48,122.57,14.8837,,,,,,,2782833000,,19.3,,127.86,86.16
2025-12-28,GILD,6.46,29087001000.0,19.3,,0.331,17.34,,,,,,,,,,,,,,,None,684663000,684663000,,,,,,None,73177000,,3.14,0.025,,,,1.43,0.32,1153607000,1226784000,2.15,2013-06-30,14.18,,22896001000.0,2082731000,1075599000,307981000,,,None,78008000,None,,None,,,,,772605000,767618000,None,None,0.452,,928893000,1153838000,,,,,-231000,,,,,0.227,7.18,5.32,,,,,,,,0.279,,,2025-10-30,quarterly,2.47,USD,pre-market,523902000,,0.126,0.407,0.03,23.35,404991000,,,,113.48,122.57,14.8837,,,,,,,2767394000,,19.3,,127.86,86.16
2025-12-28,GILD,6.46,29087001000.0,19.3,,0.331,17.34,,,,,,,,,,,,,,,None,634448000,634448000,,,,,,None,74326000,,3.14,0.025,,,,1.43,0.32,1021935000,1096261000,2.15,2013-03-31,14.18,,22896001000.0,1897187000,940148000,222438000,,,None,81787000,None,,None,,,,,722186000,717710000,None,None,0.452,,871928000,1025259000,,,,,-3324000,,,,,0.227,7.18,5.32,,,,,,,,0.279,,,2025-10-30,quarterly,2.47,USD,pre-market,497632000,,0.126,0.407,0.03,23.35,374296000,,,,113.48,122.57,14.8837,,,,,,,2531635000,,19.3,,127.86,86.16
2025-12-28,GILD,6.46,29087001000.0,19.3,,0.331,17.34,,,,,,,,,,,,,,,None,675818000,675818000,,,,,,None,73631000,,3.14,0.025,,,,1.43,0.32,1108369000,1182000000,2.15,2012-12-31,14.18,,22896001000.0,1912467000,1022463000,263504000,,,None,85906000,None,,None,,,,,762541000,758959000,None,None,0.452,,805484000,1106983000,,,,,1386000,,,,,0.227,7.18,5.32,,,,,,,,0.279,,,2025-10-30,quarterly,2.47,USD,pre-market,439659000,,0.126,0.407,0.03,23.35,365825000,,,,113.48,122.57,14.8837,,,,,,,2588285000,,19.3,,127.86,86.16
2025-12-28,GILD,6.46,29087001000.0,19.3,,0.331,17.34,,,,,,,,,,,,,,,None,597269000,597269000,,,,,,None,70996000,,3.14,0.025,,,,1.43,0.32,1040409000,1111405000,2.15,2012-09-30,14.18,,22896001000.0,1829328000,951087000,280052000,,,None,89322000,None,,None,,,,,675505000,671035000,None,None,0.452,,785414000,1043914000,,,,,-3505000,,,,,0.227,7.18,5.32,,,,,,,,0.279,,,2025-10-30,quarterly,2.47,USD,pre-market,465831000,,0.126,0.407,0.03,23.35,319583000,,,,113.48,122.57,14.8837,,,,,,,2426597000,,19.3,,127.86,86.16
2025-12-28,GILD,6.46,29087001000.0,19.3,,0.331,17.34,,,,,,,,,,,,,,,None,617345000,617345000,,,,,,None,67412000,,3.14,0.025,,,,1.43,0.32,1058017000,1125429000,2.15,2012-06-30,14.18,,22896001000.0,1787841000,969599000,263525000,,,None,88418000,None,,None,,,,,711564000,706074000,None,None,0.452,,728749000,1059092000,,,,,-1075000,,,,,0.227,7.18,5.32,,,,,,,,0.279,,,2025-10-30,quarterly,2.47,USD,pre-market,396244000,,0.126,0.407,0.03,23.35,332505000,,,,113.48,122.57,14.8837,,,,,,,2405186000,,19.3,,127.86,86.16
2025-12-28,GILD,6.46,29087001000.0,19.3,,0.331,17.34,,,,,,,,,,,,,,,None,580931000,580931000,,,,,,None,66167000,,3.14,0.025,,,,1.43,0.32,766101000,832268000,2.15,2012-03-31,14.18,,22896001000.0,1701518000,668831000,231300000,,,None,97270000,None,,None,,,,,441956000,437531000,None,None,0.452,,901332000,800186000,,,,,-34085000,,,,,0.227,7.18,5.32,,,,,,,,0.279,,,2025-10-30,quarterly,2.47,USD,pre-market,458211000,,0.126,0.407,0.03,23.35,443121000,,,,113.48,122.57,14.8837,,,,,,,2282449000,,19.3,,127.86,86.16
2025-12-28,GILD,6.46,29087001000.0,19.3,,0.331,17.34,,,,,,,,,,,,,,,None,584447000,584447000,,,,,,None,73425000,,3.14,0.025,,,,1.43,0.32,893841000,967266000,2.15,2011-12-31,14.18,,22896001000.0,1615931000,818843000,157084000,,,None,74998000,None,,None,,,,,665145000,661759000,None,None,0.452,,748455000,867476000,,,,,26365000,,,,,0.227,7.18,5.32,,,,,,,,0.279,,,2025-10-30,quarterly,2.47,USD,pre-market,402236000,,0.126,0.407,0.03,23.35,346219000,,,,113.48,122.57,14.8837,,,,,,,2200378000,,19.3,,127.86,86.16
2025-12-28,GILD,6.46,29087001000.0,19.3,,0.331,17.34,,,,,,,,,,,,,,,None,531989000,531989000,,,,,,None,73001000,,3.14,0.025,,,,1.43,0.32,1018084000,1091085000,2.15,2011-09-30,14.18,,22896001000.0,1589671000,974987000,237449000,,,None,43097000,None,,None,,,,,741124000,737538000,None,None,0.452,,585993000,1003678000,,,,,14406000,,,,,0.227,7.18,5.32,,,,,,,,0.279,,,2025-10-30,quarterly,2.47,USD,pre-market,290066000,,0.126,0.407,0.03,23.35,295927000,,,,113.48,122.57,14.8837,,,,,,,2121660000,,19.3,,127.86,86.16
2025-12-28,GILD,6.46,29087001000.0,19.3,,0.331,17.34,,,,,,,,,,,,,,,None,533863000,533863000,,,,,,None,74892000,,3.14,0.025,,,,1.43,0.32,1028696000,1103588000,2.15,2011-06-30,14.18,,22896001000.0,1603390000,982589000,240130000,,,None,46107000,None,,None,,,,,746227000,742459000,None,None,0.452,,586672000,1016718000,,,,,11978000,,,,,0.227,7.18,5.32,,,,,,,,0.279,,,2025-10-30,quarterly,2.47,USD,pre-market,282403000,,0.126,0.407,0.03,23.35,304269000,,,,113.48,122.57,14.8837,,,,,,,2137253000,,19.3,,127.86,86.16
2025-12-28,GILD,6.46,29087001000.0,19.3,,0.331,17.34,,,,,,,,,,,,,,,None,474111000,474111000,,,,,,None,80914000,,3.14,0.025,,,,1.43,0.32,915801000,996715000,2.15,2011-03-31,14.18,,22896001000.0,1451983000,874585000,227282000,,,None,41216000,None,,None,,,,,651141000,647303000,None,None,0.452,,550014000,901969000,,,,,13832000,,,,,0.227,7.18,5.32,,,,,,,,0.279,,,2025-10-30,quarterly,2.47,USD,pre-market,254446000,,0.126,0.407,0.03,23.35,295568000,,,,113.48,122.57,14.8837,,,,,,,1926094000,,19.3,,127.86,86.16
2025-12-28,GILD,6.46,29087001000.0,19.3,,0.331,17.34,,,,,,,,,,,,,,,None,496337000,496337000,,,,,,None,77517000,,3.14,0.025,,,,1.43,0.32,840145000,917662000,2.15,2010-12-31,14.18,,22896001000.0,1502350000,799523000,173158000,,,None,40622000,None,,None,,,,,629419000,626365000,None,None,0.452,,672969000,829381000,,,,,10764000,,,,,0.227,7.18,5.32,,,,,,,,0.279,,,2025-10-30,quarterly,2.47,USD,pre-market,392760000,,0.126,0.407,0.03,23.35,280209000,,,,113.48,122.57,14.8837,,,,,,,1998687000,,19.3,,127.86,86.16
2025-12-28,GILD,6.46,29087001000.0,19.3,,0.331,17.34,,,,,,,,,,,,,,,None,477584000,477584000,,,,,,None,69053000,,3.14,0.025,,,,1.43,0.32,994666000,1063719000,2.15,2010-09-30,14.18,,22896001000.0,1460072000,961046000,258883000,,,None,33620000,None,,None,,,,,704876000,702163000,None,None,0.452,,480999000,979073000,,,,,15593000,,,,,0.227,7.18,5.32,,,,,,,,0.279,,,2025-10-30,quarterly,2.47,USD,pre-market,230440000,,0.126,0.407,0.03,23.35,250559000,,,,113.48,122.57,14.8837,,,,,,,1937656000,,19.3,,127.86,86.16
2025-12-28,GILD,6.46,29087001000.0,19.3,,0.331,17.34,,,,,,,,,,,,,,,None,455525000,455525000,,,,,,None,58801000,,3.14,0.025,,,,1.43,0.32,1010912000,1069713000,2.15,2010-06-30,14.18,,22896001000.0,1471699000,993148000,284021000,,,None,17764000,None,,None,,,,,712061000,709127000,None,None,0.452,,479072000,992627000,,,,,18285000,,,,,0.227,7.18,5.32,,,,,,,,0.279,,,2025-10-30,quarterly,2.47,USD,pre-market,231066000,,0.126,0.407,0.03,23.35,248006000,,,,113.48,122.57,14.8837,,,,,,,1927224000,,19.3,,127.86,86.16
2025-12-28,GILD,6.46,29087001000.0,19.3,,0.331,17.34,,,,,,,,,,,,,,,None,440430000,440430000,,,,,,None,60106000,,3.14,0.025,,,,1.43,0.32,1176786000,1236892000,2.15,2010-03-31,14.18,,22896001000.0,1645423000,1159831000,307737000,,,None,16955000,None,,None,,,,,854901000,852094000,None,None,0.452,,484282000,1161141000,,,,,15645000,,,,,0.227,7.18,5.32,,,,,,,,0.279,,,2025-10-30,quarterly,2.47,USD,pre-market,218664000,,0.126,0.407,0.03,23.35,265618000,,,,113.48,122.57,14.8837,,,,,,,2085853000,,19.3,,127.86,86.16
2025-12-28,GILD,6.46,29087001000.0,19.3,,0.331,17.34,,,,,,,,,,,,,,,None,473399000,473399000,,,,,,None,64110000,,3.14,0.025,,,,1.43,0.32,1076737000,1140847000,2.15,2009-12-31,14.18,,22896001000.0,1558980000,1059447000,260054000,,,None,17290000,None,,None,,,,,802212000,0,None,None,0.452,,493542000,1065438000,,,,,None,,,,,0.227,7.18,5.32,,,,,,,,0.279,,,2025-10-30,quarterly,2.47,USD,pre-market,239645000,,0.126,0.407,0.03,23.35,253897000,,,,113.48,122.57,14.8837,,,,,,,2032379000,,19.3,,127.86,86.16
2025-12-28,GILD,6.46,29087001000.0,19.3,,0.331,17.34,,,,,,,,,,,,,,,None,409700000,409700000,,,,,,None,57051000,,3.14,0.025,,,,1.43,0.32,908423000,965474000,2.15,2009-09-30,14.18,,22896001000.0,1391689000,891206000,220728000,,,None,17217000,None,,None,,,,,673033000,670478000,None,None,0.452,,497283000,894406000,,,,,14017000,,,,,0.227,7.18,5.32,,,,,,,,0.279,,,2025-10-30,quarterly,2.47,USD,pre-market,269856000,,0.126,0.407,0.03,23.35,227427000,,,,113.48,122.57,14.8837,,,,,,,1801389000,,19.3,,127.86,86.16
2025-12-28,GILD,6.46,29087001000.0,19.3,,0.331,17.34,,,,,,,,,,,,,,,None,383045000,383045000,,,,,,None,52635000,,3.14,0.025,,,,1.43,0.32,773984000,826619000,2.15,2009-06-30,14.18,,22896001000.0,1264110000,755500000,186355000,,,None,18484000,None,,None,,,,,571398000,569145000,None,None,0.452,,503049000,761061000,,,,,12923000,,,,,0.227,7.18,5.32,,,,,,,,0.279,,,2025-10-30,quarterly,2.47,USD,pre-market,241638000,,0.126,0.407,0.03,23.35,261411000,,,,113.48,122.57,14.8837,,,,,,,1647155000,,19.3,,127.86,86.16
2025-12-28,GILD,6.46,29087001000.0,19.3,,0.331,17.34,,,,,,,,,,,,,,,None,329414000,329414000,,,,,,None,39148000,,3.14,0.025,,,,1.43,0.32,812474000,851622000,2.15,2009-03-31,14.18,,22896001000.0,1201046000,795803000,209227000,,,None,16671000,None,,None,,,,,589112000,0,None,None,0.452,,392730000,808316000,,,,,None,,,,,0.227,7.18,5.32,,,,,,,,0.279,,,2025-10-30,quarterly,2.47,USD,pre-market,188779000,,0.126,0.407,0.03,23.35,203951000,,,,113.48,122.57,14.8837,,,,,,,1530460000,,19.3,,127.86,86.16
2025-12-28,GILD,6.46,29087001000.0,19.3,,0.331,17.34,,,,,,,,,,,,,,,None,321531000,321531000,,,,,,None,26831000,,3.14,0.025,,,,1.43,0.32,768260000,795091000,2.15,2008-12-31,14.18,,22896001000.0,1106674000,729682000,161488000,,,None,38578000,None,,None,,,,,568194000,0,None,None,0.452,,395528000,711146000,,,,,None,,,,,0.227,7.18,5.32,,,,,,,,0.279,,,2025-10-30,quarterly,2.47,USD,pre-market,201863000,,0.126,0.407,0.03,23.35,193665000,,,,113.48,122.57,14.8837,,,,,,,1428205000,,19.3,,127.86,86.16
2025-12-28,GILD,6.46,29087001000.0,19.3,,0.331,17.34,,,,,,,,,,,,,,,None,300183000,300183000,,,,,,None,8517000,,3.14,0.025,,,,1.43,0.32,693834000,702351000,2.15,2008-09-30,14.18,,22896001000.0,1071085000,696680000,192675000,,,None,2846000,None,,None,,,,,504005000,0,None,None,0.452,,377251000,693834000,,,,,None,,,,,0.227,7.18,5.32,,,,,,,,0.279,,,2025-10-30,quarterly,2.47,USD,pre-market,188062000,,0.126,0.407,0.03,23.35,189189000,,,,113.48,122.57,14.8837,,,,,,,1371268000,,19.3,,127.86,86.16
2025-12-28,GILD,6.46,29087001000.0,19.3,,0.331,17.34,,,,,,,,,,,,,,,None,265684000,265684000,,,,,,None,37484000,,3.14,0.025,,,,1.43,0.32,619541000,657025000,2.15,2008-06-30,14.18,,22896001000.0,1012441000,603113000,170490000,,,None,16428000,None,,None,,,,,434783000,0,None,None,0.452,,406926000,605515000,,,,,None,,,,,0.227,7.18,5.32,,,,,,,,0.279,,,2025-10-30,quarterly,2.47,USD,pre-market,176542000,,0.126,0.407,0.03,23.35,219533000,,,,113.48,122.57,14.8837,,,,,,,1278125000,,19.3,,127.86,86.16
2025-12-28,GILD,6.46,29087001000.0,19.3,,0.331,17.34,,,,,,,,,,,,,,,None,239848000,239848000,,,,,,None,29635000,,3.14,0.025,,,,1.43,0.32,690746000,720381000,2.15,2008-03-31,14.18,,22896001000.0,1018304000,674745000,188320000,,,None,16001000,None,,None,,,,,488300000,0,None,None,0.452,,350258000,668046000,,,,,None,,,,,0.227,7.18,5.32,,,,,,,,0.279,,,2025-10-30,quarterly,2.47,USD,pre-market,155301000,,0.126,0.407,0.03,23.35,194957000,,,,113.48,122.57,14.8837,,,,,,,1258152000,,19.3,,127.86,86.16
2025-12-28,GILD,6.46,29087001000.0,19.3,,0.331,17.34,,,,,,,,,,,,,,,None,215542000,215542000,,,,,,None,9465000,,3.14,0.025,,,,1.43,0.32,514485000,523950000,2.15,2007-12-31,14.18,,22896001000.0,879181000,543232000,141590000,,,None,28747000,None,,None,,,,,401642000,0,None,None,0.452,,364696000,514485000,,,,,None,,,,,0.227,7.18,5.32,,,,,,,,0.279,,,2025-10-30,quarterly,2.47,USD,pre-market,184648000,,0.126,0.407,0.03,23.35,180048000,,,,113.48,122.57,14.8837,,,,,,,1094723000,,19.3,,127.86,86.16
2025-12-28,GILD,6.46,29087001000.0,19.3,,0.331,17.34,,,,,,,,,,,,,,,None,198460000,198460000,,,,,,None,15532000,,3.14,0.025,,,,1.43,0.32,547030000,562562000,2.15,2007-09-30,14.18,,22896001000.0,860343000,576021000,177702000,,,None,28991000,None,,None,,,,,398319000,0,None,None,0.452,,313313000,547030000,,,,,None,,,,,0.227,7.18,5.32,,,,,,,,0.279,,,2025-10-30,quarterly,2.47,USD,pre-market,140357000,,0.126,0.407,0.03,23.35,172956000,,,,113.48,122.57,14.8837,,,,,,,1058803000,,19.3,,127.86,86.16
2025-12-28,GILD,6.46,29087001000.0,19.3,,0.331,17.34,,,,,,,,,,,,,,,None,183131000,183131000,,,,,,None,14611000,,3.14,0.025,,,,1.43,0.32,542848000,557459000,2.15,2007-06-30,14.18,,22896001000.0,864958000,570231000,162301000,,,None,27383000,None,,None,,,,,407930000,0,None,None,0.452,,322110000,542848000,,,,,None,,,,,0.227,7.18,5.32,,,,,,,,0.279,,,2025-10-30,quarterly,2.47,USD,pre-market,135931000,,0.126,0.407,0.03,23.35,186179000,,,,113.48,122.57,14.8837,,,,,,,1048089000,,19.3,,127.86,86.16
2025-12-28,GILD,6.46,29087001000.0,19.3,,0.331,17.34,,,,,,,,,,,,,,,None,171638000,171638000,,,,,,None,11671000,,3.14,0.025,,,,1.43,0.32,560144000,571815000,2.15,2007-03-31,14.18,,22896001000.0,856792000,580854000,173447000,,,None,20710000,None,,None,,,,,407407000,0,None,None,0.452,,296648000,560144000,,,,,None,,,,,0.227,7.18,5.32,,,,,,,,0.279,,,2025-10-30,quarterly,2.47,USD,pre-market,130090000,,0.126,0.407,0.03,23.35,166558000,,,,113.48,122.57,14.8837,,,,,,,1028430000,,19.3,,127.86,86.16
2025-12-28,GILD,6.46,29087001000.0,19.3,,0.331,17.34,,,,,,,,,,,,,,,None,155289000,155289000,,,,,,None,11767000,,3.14,0.025,,,,1.43,0.32,485224000,496991000,2.15,2006-12-31,14.18,,22896001000.0,743937000,-1523661000,141986000,,,None,4047368000,None,,None,,,,,-1665647000,0,None,None,0.452,,2297196000,-1553259000,,,,,None,,,,,0.227,7.18,5.32,,,,,,,,0.279,,,2025-10-30,quarterly,2.47,USD,pre-market,111620000,,0.126,0.407,0.03,23.35,147093000,,,,113.48,122.57,14.8837,,,,,,,899226000,,19.3,,127.86,86.16
2025-12-28,GILD,6.46,29087001000.0,19.3,,0.331,17.34,,,,,,,,,,,,,,,None,109791000,109791000,,,,,,None,11684000,,3.14,0.025,,,,1.43,0.32,413108000,424792000,2.15,2006-09-30,14.18,,22896001000.0,638942000,89296000,141460000,,,None,679380000,None,,None,,,,,-52164000,0,None,None,0.452,,581402000,57540000,,,,,None,,,,,0.227,7.18,5.32,,,,,,,,0.279,,,2025-10-30,quarterly,2.47,USD,pre-market,93305000,,0.126,0.407,0.03,23.35,132529000,,,,113.48,122.57,14.8837,,,,,,,748733000,,19.3,,127.86,86.16
2025-12-28,GILD,6.46,29087001000.0,19.3,,0.331,17.34,,,,,,,,,,,,,,,None,77883000,77883000,,,,,,None,12590000,,3.14,0.025,,,,1.43,0.32,365315000,377905000,2.15,2006-06-30,14.18,,22896001000.0,607419000,398712000,133562000,,,None,33397000,None,,None,,,,,265150000,0,None,None,0.452,,242104000,365315000,,,,,None,,,,,0.227,7.18,5.32,,,,,,,,0.279,,,2025-10-30,quarterly,2.47,USD,pre-market,90536000,,0.126,0.407,0.03,23.35,151568000,,,,113.48,122.57,14.8837,,,,,,,685302000,,19.3,,127.86,86.16
2025-12-28,GILD,6.46,29087001000.0,19.3,,0.331,17.34,,,,,,,,,,,,,,,None,90357000,90357000,,,,,,None,11243000,,3.14,0.025,,,,1.43,0.32,371652000,382895000,2.15,2006-03-31,14.18,,22896001000.0,602521000,397447000,134743000,,,None,25795000,None,,None,,,,,262704000,0,None,None,0.452,,230869000,371652000,,,,,None,,,,,0.227,7.18,5.32,,,,,,,,0.279,,,2025-10-30,quarterly,2.47,USD,pre-market,88400000,,0.126,0.407,0.03,23.35,142469000,,,,113.48,122.57,14.8837,,,,,,,692878000,,19.3,,127.86,86.16
2025-12-28,GILD,6.46,29087001000.0,19.3,,0.331,17.34,,,,,,,,,,,,,,,None,74144000,74144000,,,,,,None,11873000,,3.14,0.025,,,,1.43,0.32,362029000,373902000,2.15,2005-12-31,14.18,,22896001000.0,535122000,378986000,97384000,,,None,16957000,None,,None,,,,,281602000,0,None,None,0.452,,173093000,362029000,,,,,None,,,,,0.227,7.18,5.32,,,,,,,,0.279,,,2025-10-30,quarterly,2.47,USD,pre-market,68763000,,0.126,0.407,0.03,23.35,104330000,,,,113.48,122.57,14.8837,,,,,,,609266000,,19.3,,127.86,86.16
2025-12-28,GILD,6.46,29087001000.0,19.3,,0.331,17.34,,,,,,,,,,,,,,,None,65498000,65498000,,,,,,None,11332000,,3.14,0.025,,,,1.43,0.32,248250000,259582000,2.15,2005-09-30,14.18,,22896001000.0,427953000,263574000,84342000,,,None,13689000,None,,None,,,,,179232000,0,None,None,0.452,,179703000,248250000,,,,,None,,,,,0.227,7.18,5.32,,,,,,,,0.279,,,2025-10-30,quarterly,2.47,USD,pre-market,78830000,,0.126,0.407,0.03,23.35,99238000,,,,113.48,122.57,14.8837,,,,,,,493451000,,19.3,,127.86,86.16
2025-12-28,GILD,6.46,29087001000.0,19.3,,0.331,17.34,,,,,,,,,,,,,,,None,6251000000,6251000000,,,,,,None,2767000000,,3.14,0.025,,,,1.43,0.32,1667000000,4434000000,2.15,2024-12-31,14.18,,22896001000.0,22503000000,690000000,211000000,,,None,977000000,281000000,,None,,,,,480000000,479000000,-696000000,None,0.452,,20841000000,1662000000,,,,,None,,,,,0.227,7.18,5.32,,,,,,,,0.279,,,2025-10-30,annual,2.47,USD,pre-market,5907000000,,0.126,0.407,0.03,23.35,2638000000,,,,113.48,122.57,14.8837,,,,,,,28754000000,,19.3,,127.86,86.16
2025-12-28,GILD,6.46,29087001000.0,19.3,,0.331,17.34,,,,,,,,,,,,,,,None,5804000000,5804000000,,,,,,None,-1763000000,,3.14,0.025,,,,1.43,0.32,7605000000,7605000000,2.15,2023-12-31,14.18,,22896001000.0,27116000000,6859000000,-1247000000,,,None,944000000,376000000,,None,,,,,5665000000,5829000000,-918000000,None,0.452,,11808000000,7605000000,,,,,None,,,,,0.227,7.18,5.32,,,,,,,,0.279,,,2025-10-30,annual,2.47,USD,pre-market,5718000000,,0.126,0.407,0.03,23.35,6502000000,,,,113.48,122.57,14.8837,,,,,,,27116000000,,19.3,,127.86,86.16
2025-12-28,GILD,6.46,29087001000.0,19.3,,0.331,17.34,,,,,,,,,,,,,,,None,5657000000,5657000000,,,,,,None,2103000000,,3.14,0.025,,,,1.43,0.32,6749000000,8852000000,2.15,2022-12-31,14.18,,22896001000.0,21624000000,5814000000,1248000000,,,None,935000000,106000000,,None,,,,,4592000000,4566000000,-935000000,None,0.452,,14294000000,7330000000,,,,,-581000000,,,,,0.227,7.18,5.32,,,,,,,,0.279,,,2025-10-30,annual,2.47,USD,pre-market,4977000000,,0.126,0.407,0.03,23.35,4895000000,,,,113.48,122.57,14.8837,,,,,,,27281000000,,19.3,,127.86,86.16
2025-12-28,GILD,6.46,29087001000.0,19.3,,0.331,17.34,,,,,,,,,,,,,,,None,6601000000,6601000000,,,,,,None,2050000000,,3.14,0.025,,,,1.43,0.32,9279000000,11329000000,2.15,2021-12-31,14.18,,22896001000.0,20704000000,8278000000,2077000000,,,None,1001000000,None,,None,,,,,6225000000,6201000000,-1001000000,None,0.452,,10786000000,9918000000,,,,,-639000000,,,,,0.227,7.18,5.32,,,,,,,,0.279,,,2025-10-30,annual,2.47,USD,pre-market,4601000000,,0.126,0.407,0.03,23.35,4511000000,,,,113.48,122.57,14.8837,,,,,,,27305000000,,19.3,,127.86,86.16
2025-12-28,GILD,6.46,29087001000.0,19.3,,0.331,17.34,,,,,,,,,,,,,,,None,4572000000,4572000000,,,,,,None,1480000000,,3.14,0.025,,,,1.43,0.32,2653000000,4133000000,2.15,2020-12-31,14.18,,22896001000.0,20117000000,1669000000,1580000000,,,None,984000000,None,,None,,,,,123000000,89000000,-984000000,None,0.452,,16046000000,4071000000,,,,,-1418000000,,,,,0.227,7.18,5.32,,,,,,,,0.279,,,2025-10-30,annual,2.47,USD,pre-market,5039000000,,0.126,0.407,0.03,23.35,4317000000,,,,113.48,122.57,14.8837,,,,,,,24689000000,,19.3,,127.86,86.16
2025-12-28,GILD,6.46,29087001000.0,19.3,,0.331,17.34,,,,,,,,,,,,,,,None,4675000000,4675000000,,,,,,None,1404000000,,3.14,0.025,,,,1.43,0.32,6155000000,7559000000,2.15,2019-12-31,14.18,,22896001000.0,17774000000,5160000000,-204000000,,,None,995000000,227000000,,None,,,,,5386000000,5364000000,-995000000,None,0.452,,8436000000,4287000000,,,,,1868000000,,,,,0.227,7.18,5.32,,,,,,,,0.279,,,2025-10-30,annual,2.47,USD,pre-market,4055000000,,0.126,0.407,0.03,23.35,3597000000,,,,113.48,122.57,14.8837,,,,,,,22449000000,,19.3,,127.86,86.16
2025-12-28,GILD,6.46,29087001000.0,19.3,,0.331,17.34,,,,,,,,,,,,,,,None,4853000000,4853000000,,,,,,None,1429000000,,3.14,0.025,,,,1.43,0.32,8876000000,10305000000,2.15,2018-12-31,14.18,,22896001000.0,17274000000,7799000000,2339000000,,,None,1077000000,964000000,,None,,,,,5455000000,5460000000,-1077000000,None,0.452,,7976000000,8200000000,,,,,676000000,,,,,0.227,7.18,5.32,,,,,,,,0.279,,,2025-10-30,annual,2.47,USD,pre-market,3920000000,,0.126,0.407,0.03,23.35,4056000000,,,,113.48,122.57,14.8837,,,,,,,22127000000,,19.3,,127.86,86.16
2025-12-28,GILD,6.46,29087001000.0,19.3,,0.331,17.34,,,,,,,,,,,,,,,None,4371000000,4371000000,,,,,,None,1286000000,,3.14,0.025,,,,1.43,0.32,14647000000,15933000000,2.15,2017-12-31,14.18,,22896001000.0,21736000000,13529000000,8885000000,,,None,1118000000,1190000000,,None,,,,,4628000000,4644000000,-1118000000,None,0.452,,7612000000,14124000000,,,,,523000000,,,,,0.227,7.18,5.32,,,,,,,,0.279,,,2025-10-30,annual,2.47,USD,pre-market,3734000000,,0.126,0.407,0.03,23.35,3878000000,,,,113.48,122.57,14.8837,,,,,,,26107000000,,19.3,,127.86,86.16
2025-12-28,GILD,6.46,29087001000.0,19.3,,0.331,17.34,,,,,,,,,,,,,,,None,4261000000,4261000000,,,,,,None,1158000000,,3.14,0.025,,,,1.43,0.32,18061000000,19219000000,2.15,2016-12-31,14.18,,22896001000.0,26129000000,17097000000,3609000000,,,None,964000000,790000000,,None,,,,,13501000000,13488000000,-964000000,None,0.452,,8496000000,17633000000,,,,,428000000,,,,,0.227,7.18,5.32,,,,,,,,0.279,,,2025-10-30,annual,2.47,USD,pre-market,5098000000,,0.126,0.407,0.03,23.35,3398000000,,,,113.48,122.57,14.8837,,,,,,,30390000000,,19.3,,127.86,86.16
2025-12-28,GILD,6.46,29087001000.0,19.3,,0.331,17.34,,,,,,,,,,,,,,,None,4006000000,4006000000,,,,,,None,1098000000,,3.14,0.025,,,,1.43,0.32,22347000000,23445000000,2.15,2015-12-31,14.18,,22896001000.0,28633000000,21659000000,3553000000,,,None,688000000,558000000,,None,,,,,18108000000,18106000000,None,None,0.452,,6440000000,22193000000,,,,,154000000,,,,,0.227,7.18,5.32,,,,,,,,0.279,,,2025-10-30,annual,2.47,USD,pre-market,3014000000,,0.126,0.407,0.03,23.35,3426000000,,,,113.48,122.57,14.8837,,,,,,,32639000000,,19.3,,127.86,86.16
2025-12-28,GILD,6.46,29087001000.0,19.3,,0.331,17.34,,,,,,,,,,,,,,,None,3788000000,3788000000,,,,,,None,1050000000,,3.14,0.025,,,,1.43,0.32,15268000000,16318000000,2.15,2014-12-31,14.18,,22896001000.0,21102000000,14856000000,2797000000,,,None,412000000,None,,None,,,,,12101000000,12059000000,None,None,0.452,,5837000000,15265000000,,,,,3000000,,,,,0.227,7.18,5.32,,,,,,,,0.279,,,2025-10-30,annual,2.47,USD,pre-market,2854000000,,0.126,0.407,0.03,23.35,2983000000,,,,113.48,122.57,14.8837,,,,,,,24890000000,,19.3,,127.86,86.16
2025-12-28,GILD,6.46,29087001000.0,19.3,,0.331,17.34,,,,,,,,,,,,,,,None,2859000000,2859000000,,,,,,None,345000000,,3.14,0.025,,,,1.43,0.32,4515000000,4860000000,2.15,2013-12-31,14.18,,22896001000.0,8343000000,4208000000,1151000000,,,None,307000000,None,,None,,,,,3075000000,3057286000,None,None,0.452,,3819000000,4524000000,,,,,-8886000,,,,,0.227,7.18,5.32,,,,,,,,0.279,,,2025-10-30,annual,2.47,USD,pre-market,2120000000,,0.126,0.407,0.03,23.35,1699431000,,,,113.48,122.57,14.8837,,,,,,,11202000000,,19.3,,127.86,86.16
2025-12-28,GILD,6.46,29087001000.0,19.3,,0.331,17.34,,,,,,,,,,,,,,,None,2471000000,2471000000,,,,,,None,278000000,,3.14,0.025,,,,1.43,0.32,3973000000,4251000000,2.15,2012-12-31,14.18,,22896001000.0,7231000000,3612000000,1038000000,,,None,361000000,None,,None,,,,,2592000000,2573599000,None,None,0.452,,3221000000,4010000000,,,,,-37279000,,,,,0.227,7.18,5.32,,,,,,,,0.279,,,2025-10-30,annual,2.47,USD,pre-market,1760000000,,0.126,0.407,0.03,23.35,1461034000,,,,113.48,122.57,14.8837,,,,,,,9702000000,,19.3,,127.86,86.16
2025-12-28,GILD,6.46,29087001000.0,19.3,,0.331,17.34,,,,,,,,,,,,,,,None,2124410000,2124410000,,,,,,None,302232000,,3.14,0.025,,,,1.43,0.32,3856422000,4158654000,2.15,2011-12-31,14.18,,22896001000.0,6260975000,3651004000,861945000,,,None,205418000,None,,None,,,,,2803637000,2789059000,None,None,0.452,,2471134000,3789841000,,,,,66581000,,,,,0.227,7.18,5.32,,,,,,,,0.279,,,2025-10-30,annual,2.47,USD,pre-market,1229151000,,0.126,0.407,0.03,23.35,1241983000,,,,113.48,122.57,14.8837,,,,,,,8385385000,,19.3,,127.86,86.16
2025-12-28,GILD,6.46,29087001000.0,19.3,,0.331,17.34,,,,,,,,,,,,,,,None,1869876000,1869876000,,,,,,None,265477000,,3.14,0.025,,,,1.43,0.32,4022509000,4287986000,2.15,2010-12-31,14.18,,22896001000.0,6079544000,3913548000,1023799000,,,None,108961000,None,,None,,,,,2901257000,2889749000,None,None,0.452,,2117322000,3962222000,,,,,60287000,,,,,0.227,7.18,5.32,,,,,,,,0.279,,,2025-10-30,annual,2.47,USD,pre-market,1072930000,,0.126,0.407,0.03,23.35,1044392000,,,,113.48,122.57,14.8837,,,,,,,7949420000,,19.3,,127.86,86.16
2025-12-28,GILD,6.46,29087001000.0,19.3,,0.331,17.34,,,,,,,,,,,,,,,None,1595558000,1595558000,,,,,,None,212944000,,3.14,0.025,,,,1.43,0.32,3571618000,3784562000,2.15,2009-12-31,14.18,,22896001000.0,5415825000,3501956000,876364000,,,None,69662000,None,,None,,,,,2635755000,2625592000,None,None,0.452,,1886604000,3529221000,,,,,42397000,,,,,0.227,7.18,5.32,,,,,,,,0.279,,,2025-10-30,annual,2.47,USD,pre-market,939918000,,0.126,0.407,0.03,23.35,946686000,,,,113.48,122.57,14.8837,,,,,,,7011383000,,19.3,,127.86,86.16
2025-12-28,GILD,6.46,29087001000.0,19.3,,0.331,17.34,,,,,,,,,,,,,,,None,1127246000,1127246000,,,,,,None,155610000,,3.14,0.025,,,,1.43,0.32,2737942000,2893552000,2.15,2008-12-31,14.18,,22896001000.0,4208504000,2672698000,702363000,,,None,65244000,None,,None,,,,,1978899000,None,None,None,0.452,,1519112000,2678541000,,,,,None,,,,,0.227,7.18,5.32,,,,,,,,0.279,,,2025-10-30,annual,2.47,USD,pre-market,721768000,,0.126,0.407,0.03,23.35,797344000,,,,113.48,122.57,14.8837,,,,,,,5335750000,,19.3,,127.86,86.16
2025-12-28,GILD,6.46,29087001000.0,19.3,,0.331,17.34,,,,,,,,,,,,,,,None,768771000,768771000,,,,,,None,51279000,,3.14,0.025,,,,1.43,0.32,2164507000,2215786000,2.15,2007-12-31,14.18,,22896001000.0,3461274000,2270338000,655040000,,,None,105831000,None,,None,,,,,1615298000,None,None,None,0.452,,1296767000,2164507000,,,,,None,,,,,0.227,7.18,5.32,,,,,,,,0.279,,,2025-10-30,annual,2.47,USD,pre-market,591026000,,0.126,0.407,0.03,23.35,705741000,,,,113.48,122.57,14.8837,,,,,,,4230045000,,19.3,,127.86,86.16
2025-12-28,GILD,6.46,29087001000.0,19.3,,0.331,17.34,,,,,,,,,,,,,,,None,433320000,433320000,,,,,,None,47284000,,3.14,0.025,,,,1.43,0.32,1635298000,1682582000,2.15,2006-12-31,14.18,,22896001000.0,2592819000,-638207000,551750000,,,None,4667556000,None,,None,,,,,-1189957000,None,None,None,0.452,,957521000,-758753000,,,,,None,,,,,0.227,7.18,5.32,,,,,,,,0.279,,,2025-10-30,annual,2.47,USD,pre-market,383861000,,0.126,0.407,0.03,23.35,573660000,,,,113.48,122.57,14.8837,,,,,,,3026139000,,19.3,,127.86,86.16
2025-12-28,GILD,6.46,29087001000.0,19.3,,0.331,17.34,,,,,,,,,,,,,,,None,260326000,260326000,,,,,,None,35777000,,3.14,0.025,,,,1.43,0.32,1109067000,1144844000,2.15,2005-12-31,14.18,,22896001000.0,1768074000,1161792000,347878000,,,None,50690000,None,,None,,,,,813914000,None,None,None,0.452,,659007000,1109067000,,,,,None,,,,,0.227,7.18,5.32,,,,,,,,0.279,,,2025-10-30,annual,2.47,USD,pre-market,277724000,,0.126,0.407,0.03,23.35,379248000,,,,113.48,122.57,14.8837,,,,,,,2028400000,,19.3,,127.86,86.16
2025-12-28,GILD,6.46,29087001000.0,19.3,None,0.331,17.34,,None,7330000000,7330000000,,,,,,,,,1000000,1254000000,None,260326000,260326000,808000000,None,2806000000,5095000000,None,None,35777000,,3.14,0.025,,,,1.43,0.32,1109067000,1144844000,2.15,2025-09-30,14.18,8314000000,22896001000.0,1768074000,1161792000,347878000,17969000000,17969000000,None,50690000,None,1785000000,None,None,22135000000,None,2005000000,813914000,None,None,None,0.452,,659007000,1109067000,3645000000,8683000000,None,1182000000,None,,,,,0.227,7.18,5.32,,,,,,,,0.279,,None,2025-10-30,quarterly,2.47,USD,pre-market,277724000,12825000000,0.126,0.407,0.03,23.35,379248000,24941000000,2806000000,19000000,113.48,122.57,14.8837,58533000000,17874000000,12297000000,37077000000,40659000000,24780000000,2028400000,21540000000,19.3,None,127.86,86.16
2025-12-28,GILD,6.46,29087001000.0,19.3,None,0.331,17.34,,None,5144000000,5144000000,,,,,,,,,1000000,1255000000,None,260326000,260326000,582000000,None,2806000000,4781000000,None,None,35777000,,3.14,0.025,,,,1.43,0.32,1109067000,1144844000,2.15,2025-06-30,14.18,8314000000,22896001000.0,1768074000,1161792000,347878000,18567000000,18567000000,None,50690000,None,1825000000,None,None,22140000000,None,1913000000,813914000,None,None,None,0.452,,659007000,1109067000,2899000000,7801000000,None,1290000000,None,,,,,0.227,7.18,5.32,,,,,,,,0.279,,None,2025-10-30,quarterly,2.47,USD,pre-market,277724000,11325000000,0.126,0.407,0.03,23.35,379248000,24946000000,2806000000,69000000,113.48,122.57,14.8837,55721000000,14718000000,11189000000,36130000000,41005000000,24941000000,2028400000,19675000000,19.3,None,127.86,86.16
2025-12-28,GILD,6.46,29087001000.0,19.3,None,0.331,17.34,,None,7926000000,7926000000,,,,,,,,,1000000,1259000000,None,260326000,260326000,737000000,None,2806000000,4388000000,None,None,35777000,,3.14,0.025,,,,1.43,0.32,1109067000,1144844000,2.15,2025-03-31,14.18,8314000000,22896001000.0,1768074000,1161792000,347878000,19354000000,19354000000,None,50690000,None,1759000000,None,None,22146000000,None,None,813914000,None,None,None,0.452,,659007000,1109067000,2828000000,8800000000,None,1339000000,None,,,,,0.227,7.18,5.32,,,,,,,,0.279,,None,2025-10-30,quarterly,2.47,USD,pre-market,277724000,10931000000,0.126,0.407,0.03,23.35,379248000,24952000000,2806000000,785000000,113.48,122.57,14.8837,56434000000,16901000000,12343000000,37356000000,39532000000,25013000000,2028400000,19162000000,19.3,None,127.86,86.16
2025-12-28,GILD,6.46,29087001000.0,19.3,None,0.331,17.34,,None,9991000000,9991000000,,,,,,,,,1000000,1259000000,None,260326000,260326000,833000000,None,1815000000,4420000000,None,None,35777000,,3.14,0.025,,,,1.43,0.32,1109067000,1144844000,2.15,2024-12-31,14.18,8314000000,22896001000.0,1768074000,1161792000,347878000,19948000000,19948000000,None,50690000,None,1710000000,None,None,24896000000,None,0,813914000,None,None,None,0.452,,659007000,1109067000,1475000000,7597000000,None,1295000000,None,,,,,0.227,7.18,5.32,,,,,,,,0.279,,None,2025-10-30,quarterly,2.47,USD,pre-market,277724000,11497000000,0.126,0.407,0.03,23.35,379248000,27322000000,1928000000,1577000000,113.48,122.57,14.8837,58995000000,19173000000,12004000000,39749000000,39822000000,27745000000,2028400000,19330000000,19.3,None,127.86,86.16
2025-12-28,GILD,6.46,29087001000.0,19.3,None,0.331,17.34,,None,5037000000,5037000000,,,,,,,,,1000000,1254000000,None,260326000,260326000,903000000,None,1812000000,4587000000,None,None,35777000,,3.14,0.025,,,,1.43,0.32,1109067000,1144844000,2.15,2024-09-30,14.18,8314000000,22896001000.0,1768074000,1161792000,347878000,20545000000,20545000000,None,50690000,None,1869000000,None,None,21437000000,None,0,813914000,None,None,None,0.452,,659007000,1109067000,1626000000,7473000000,None,1398000000,None,,,,,0.227,7.18,5.32,,,,,,,,0.279,,None,2025-10-30,quarterly,2.47,USD,pre-market,277724000,11073000000,0.126,0.407,0.03,23.35,379248000,23249000000,1812000000,1660000000,113.48,122.57,14.8837,54525000000,14779000000,11724000000,36135000000,39744000000,24411000000,2028400000,18474000000,19.3,None,127.86,86.16
2025-12-28,GILD,6.46,29087001000.0,19.3,None,0.331,17.34,,None,2772000000,2772000000,,,,,,,,,1000000,1251000000,None,260326000,260326000,537000000,None,1810000000,4663000000,None,None,35777000,,3.14,0.025,,,,1.43,0.32,1109067000,1144844000,2.15,2024-06-30,14.18,8314000000,22896001000.0,1768074000,1161792000,347878000,22832000000,22832000000,None,50690000,None,2026000000,None,None,21540000000,None,0,813914000,None,None,None,0.452,,659007000,1109067000,1430000000,7168000000,None,1417000000,None,,,,,0.227,7.18,5.32,,,,,,,,0.279,,None,2025-10-30,quarterly,2.47,USD,pre-market,277724000,11165000000,0.126,0.407,0.03,23.35,379248000,23350000000,1810000000,1426000000,113.48,122.57,14.8837,53579000000,12317000000,10780000000,35382000000,41262000000,24602000000,2028400000,18281000000,19.3,None,127.86,86.16
2025-12-28,GILD,6.46,29087001000.0,19.3,None,0.331,17.34,,None,4718000000,4718000000,,,,,,,,,1000000,1247000000,None,260326000,260326000,622000000,None,3667000000,4669000000,None,None,35777000,,3.14,0.025,,,,1.43,0.32,1109067000,1144844000,2.15,2024-03-31,14.18,8314000000,22896001000.0,1768074000,1161792000,347878000,23428000000,23428000000,None,50690000,None,1853000000,None,None,21527000000,None,0,813914000,None,None,None,0.452,,659007000,1109067000,1460000000,7529000000,None,1394000000,None,,,,,0.227,7.18,5.32,,,,,,,,0.279,,None,2025-10-30,quarterly,2.47,USD,pre-market,277724000,10656000000,0.126,0.407,0.03,23.35,379248000,25194000000,3667000000,1341000000,113.48,122.57,14.8837,56292000000,14041000000,13016000000,38837000000,42251000000,25821000000,2028400000,17539000000,19.3,None,127.86,86.16
2025-12-28,GILD,6.46,29087001000.0,19.3,None,0.331,17.34,,None,6085000000,6085000000,,,,,,,,,1000000,1256000000,None,260326000,260326000,550000000,None,1798000000,4660000000,None,None,35777000,,3.14,0.025,,,,1.43,0.32,1109067000,1144844000,2.15,2023-12-31,14.18,8314000000,22896001000.0,1768074000,1161792000,347878000,26454000000,26454000000,None,50690000,None,1787000000,None,None,23189000000,None,1163000000,813914000,None,None,None,0.452,,659007000,1109067000,1288000000,7599000000,None,1280000000,None,,,,,0.227,7.18,5.32,,,,,,,,0.279,,None,2025-10-30,quarterly,2.47,USD,pre-market,277724000,16304000000,0.126,0.407,0.03,23.35,379248000,25658000000,1923000000,2265000000,113.48,122.57,14.8837,62125000000,16085000000,11280000000,39376000000,46040000000,28096000000,2028400000,22833000000,19.3,0,127.86,86.16
2025-12-28,GILD,6.46,29087001000.0,19.3,None,0.331,17.34,,None,5705000000,5705000000,,,,,,,,,1000000,1257000000,None,260326000,260326000,586000000,None,1793000000,4790000000,None,None,35777000,,3.14,0.025,,,,1.43,0.32,1109067000,1144844000,2.15,2023-09-30,14.18,8314000000,22896001000.0,1768074000,1161792000,347878000,27151000000,27151000000,None,50690000,None,1663000000,None,None,23189000000,None,1156000000,813914000,None,None,None,0.452,,659007000,1109067000,2663000000,7478000000,None,926000000,None,,,,,0.227,7.18,5.32,,,,,,,,0.279,,None,2025-10-30,quarterly,2.47,USD,pre-market,277724000,16002000000,0.126,0.407,0.03,23.35,379248000,24982000000,1793000000,1159000000,113.48,122.57,14.8837,62373000000,15980000000,11945000000,40132000000,46393000000,28187000000,2028400000,22313000000,19.3,0,127.86,86.16
2025-12-28,GILD,6.46,29087001000.0,19.3,None,0.331,17.34,,None,5704000000,5704000000,,,,,,,,,1000000,1258000000,None,260326000,260326000,622000000,None,4037000000,4229000000,None,None,35777000,,3.14,0.025,,,,1.43,0.32,1109067000,1144844000,2.15,2023-06-30,14.18,8314000000,22896001000.0,1768074000,1161792000,347878000,27749000000,27749000000,None,50690000,None,1633000000,None,None,21209000000,None,1334000000,813914000,None,None,None,0.452,,659007000,1109067000,1758000000,6695000000,None,3964000000,None,,,,,0.227,7.18,5.32,,,,,,,,0.279,,5540000000,2025-10-30,quarterly,2.47,USD,pre-market,277724000,15138000000,0.126,0.407,0.03,23.35,379248000,25246000000,4037000000,963000000,113.48,122.57,14.8837,62337000000,14287000000,13964000000,41244000000,48050000000,27280000000,2028400000,21157000000,19.3,0,127.86,86.16
2025-12-28,GILD,6.46,29087001000.0,19.3,None,0.331,17.34,,None,4936000000,4936000000,,,,,,,,,1000000,1261000000,None,260326000,260326000,627000000,None,2283000000,4162000000,None,None,35777000,,3.14,0.025,,,,1.43,0.32,1109067000,1144844000,2.15,2023-03-31,14.18,8314000000,22896001000.0,1768074000,1161792000,347878000,28348000000,28348000000,None,50690000,None,1576000000,None,None,22956000000,None,1327000000,813914000,None,None,None,0.452,,659007000,1109067000,1846000000,3842000000,None,5052000000,None,,,,,0.227,7.18,5.32,,,,,,,,0.279,,5479000000,2025-10-30,quarterly,2.47,USD,pre-market,277724000,15223000000,0.126,0.407,0.03,23.35,379248000,25239000000,2283000000,936000000,113.48,122.57,14.8837,61876000000,13456000000,10527000000,40937000000,48420000000,30410000000,2028400000,20997000000,19.3,0,127.86,86.16
2025-12-28,GILD,6.46,29087001000.0,19.3,None,0.331,17.34,,None,5412000000,5412000000,,,,,,,,,1000000,1264000000,None,260326000,260326000,905000000,None,2273000000,4777000000,None,None,35777000,,3.14,0.025,,,,1.43,0.32,1109067000,1144844000,2.15,2022-12-31,14.18,8314000000,22896001000.0,1768074000,1161792000,347878000,28893000000,28893000000,None,50690000,None,1507000000,None,None,22957000000,None,1245000000,813914000,None,None,None,0.452,,659007000,1109067000,1774000000,7101000000,None,5095000000,None,,,,,0.227,7.18,5.32,,,,,,,,0.279,,5475000000,2025-10-30,quarterly,2.47,USD,pre-market,277724000,15687000000,0.126,0.407,0.03,23.35,379248000,25230000000,2273000000,973000000,113.48,122.57,14.8837,63171000000,14443000000,11238000000,41962000000,48727000000,30724000000,2028400000,21240000000,19.3,0,127.86,86.16
2025-12-28,GILD,6.46,29087001000.0,19.3,None,0.331,17.34,,None,4699000000,4699000000,,,,,,,,,1000000,1261000000,None,260326000,260326000,614000000,None,2270000000,4354000000,None,None,35777000,,3.14,0.025,,,,1.43,0.32,1109067000,1144844000,2.15,2022-09-30,14.18,8314000000,22896001000.0,1768074000,1161792000,347878000,29440000000,29440000000,None,50690000,None,1463000000,None,None,22953000000,None,1282000000,813914000,None,None,None,0.452,,659007000,1109067000,2077000000,6637000000,None,5088000000,None,,,,,0.227,7.18,5.32,,,,,,,,0.279,,5349000000,2025-10-30,quarterly,2.47,USD,pre-market,277724000,15756000000,0.126,0.407,0.03,23.35,379248000,25223000000,2270000000,961000000,113.48,122.57,14.8837,62557000000,13554000000,10423000000,41500000000,49003000000,31077000000,2028400000,21081000000,19.3,0,127.86,86.16
2025-12-28,GILD,6.46,29087001000.0,19.3,None,0.331,17.34,,None,4739000000,4739000000,,,,,,,,,1000000,1260000000,None,260326000,260326000,565000000,None,1021000000,4118000000,None,None,35777000,,3.14,0.025,,,,1.43,0.32,1109067000,1144844000,2.15,2022-06-30,14.18,8314000000,22896001000.0,1768074000,1161792000,347878000,29884000000,29884000000,None,50690000,None,1494000000,None,None,25195000000,None,1337000000,813914000,None,None,None,0.452,,659007000,1109067000,1900000000,6732000000,None,988000000,None,,,,,0.227,7.18,5.32,,,,,,,,0.279,,5299000000,2025-10-30,quarterly,2.47,USD,pre-market,277724000,15117000000,0.126,0.407,0.03,23.35,379248000,26216000000,1021000000,924000000,113.48,122.57,14.8837,62870000000,13175000000,9220000000,42655000000,49694000000,33435000000,2028400000,20236000000,19.3,0,127.86,86.16
2025-12-28,GILD,6.46,29087001000.0,19.3,None,0.331,17.34,,None,4296000000,4296000000,,,,,,,,,1000000,1262000000,None,260326000,260326000,583000000,None,1025000000,3787000000,None,None,35777000,,3.14,0.025,,,,1.43,0.32,1109067000,1144844000,2.15,2022-03-31,14.18,8314000000,22896001000.0,1768074000,1161792000,347878000,30330000000,30330000000,None,50690000,None,1482000000,None,None,25183000000,None,1427000000,813914000,None,None,None,0.452,,659007000,1109067000,2035000000,6483000000,None,5737000000,None,,,,,0.227,7.18,5.32,,,,,,,,0.279,,5253000000,2025-10-30,quarterly,2.47,USD,pre-market,277724000,14986000000,0.126,0.407,0.03,23.35,379248000,26208000000,1025000000,1029000000,113.48,122.57,14.8837,63080000000,12629000000,8558000000,43165000000,50450000000,34607000000,2028400000,19927000000,19.3,0,127.86,86.16
2025-12-28,GILD,6.46,29087001000.0,19.3,None,0.331,17.34,,None,5338000000,5338000000,,,,,,,,,1000000,1262000000,None,260326000,260326000,705000000,None,1516000000,4493000000,None,None,35777000,,3.14,0.025,,,,1.43,0.32,1109067000,1144844000,2.15,2021-12-31,14.18,8332000000,22896001000.0,1768074000,1161792000,347878000,33455000000,33455000000,None,50690000,None,1618000000,None,None,25179000000,None,1309000000,813914000,None,None,None,0.452,,659007000,1109067000,2141000000,8850000000,None,5743000000,None,,,,,0.227,7.18,5.32,,,,,,,,0.279,,5121000000,2025-10-30,quarterly,2.47,USD,pre-market,277724000,16324000000,0.126,0.407,0.03,23.35,379248000,26695000000,1516000000,1182000000,113.48,122.57,14.8837,67952000000,14772000000,11610000000,46888000000,53180000000,35278000000,2028400000,21069000000,19.3,0,127.86,86.16
2025-12-28,GILD,6.46,29087001000.0,19.3,None,0.331,17.34,,None,4362000000,4362000000,,,,,,,,,1000000,1262000000,None,260326000,260326000,585000000,None,2511000000,4566000000,None,None,35777000,,3.14,0.025,,,,1.43,0.32,1109067000,1144844000,2.15,2021-09-30,14.18,8332000000,22896001000.0,1768074000,1161792000,347878000,33900000000,33900000000,None,50690000,None,1676000000,None,None,25175000000,None,1099000000,813914000,None,None,None,0.452,,659007000,1109067000,2011000000,6702000000,None,5604000000,None,,,,,0.227,7.18,5.32,,,,,,,,0.279,,5037000000,2025-10-30,quarterly,2.47,USD,pre-market,277724000,16903000000,0.126,0.407,0.03,23.35,379248000,27686000000,2511000000,1376000000,113.48,122.57,14.8837,67098000000,13991000000,10245000000,45627000000,53107000000,35382000000,2028400000,21470000000,19.3,None,127.86,86.16
2025-12-28,GILD,6.46,29087001000.0,19.3,None,0.331,17.34,,None,4893000000,4893000000,,,,,,,,,1000000,1260000000,None,260326000,260326000,608000000,None,2261000000,4149000000,None,None,35777000,,3.14,0.025,,,,1.43,0.32,1109067000,1144844000,2.15,2021-06-30,14.18,8334000000,22896001000.0,1768074000,1161792000,347878000,34341000000,34341000000,None,50690000,None,1772000000,None,None,27914000000,None,836000000,813914000,None,None,None,0.452,,659007000,1109067000,1479000000,6906000000,None,1176000000,None,,,,,0.227,7.18,5.32,,,,,,,,0.279,,4996000000,2025-10-30,quarterly,2.47,USD,pre-market,277724000,15392000000,0.126,0.407,0.03,23.35,379248000,30175000000,2261000000,1632000000,113.48,122.57,14.8837,67984000000,13925000000,10214000000,48274000000,54059000000,38060000000,2028400000,19703000000,19.3,None,127.86,86.16
2025-12-28,GILD,6.46,29087001000.0,19.3,None,0.331,17.34,,None,4065000000,4065000000,,,,,,,,,1000000,1262000000,None,260326000,260326000,570000000,None,2259000000,3925000000,None,None,35777000,,3.14,0.025,,,,1.43,0.32,1109067000,1144844000,2.15,2021-03-31,14.18,8334000000,22896001000.0,1768074000,1161792000,347878000,34781000000,34781000000,None,50690000,None,1779000000,None,None,27907000000,None,579000000,813914000,None,None,None,0.452,,659007000,1109067000,1908000000,6661000000,None,6452000000,None,,,,,0.227,7.18,5.32,,,,,,,,0.279,,4990000000,2025-10-30,quarterly,2.47,USD,pre-market,277724000,14821000000,0.126,0.407,0.03,23.35,379248000,30166000000,2259000000,1601000000,113.48,122.57,14.8837,67492000000,13278000000,9705000000,48528000000,54214000000,38823000000,2028400000,18952000000,19.3,None,127.86,86.16
2025-12-28,GILD,6.46,29087001000.0,19.3,None,0.331,17.34,,None,5997000000,5997000000,,,,,,,,,1000000,1259000000,None,260326000,260326000,844000000,None,2757000000,4892000000,None,None,35777000,,3.14,0.025,,,,1.43,0.32,1109067000,1144844000,2.15,2020-12-31,14.18,8108000000,22896001000.0,1768074000,1161792000,347878000,33126000000,33126000000,None,50690000,None,1683000000,None,None,28645000000,None,502000000,813914000,None,None,None,0.452,,659007000,1109067000,2013000000,7198000000,None,10144000000,None,,,,,0.227,7.18,5.32,,,,,,,,0.279,,4967000000,2025-10-30,quarterly,2.47,USD,pre-market,277724000,14381000000,0.126,0.407,0.03,23.35,379248000,31402000000,2757000000,1411000000,113.48,122.57,14.8837,68407000000,15996000000,11397000000,50186000000,52411000000,38789000000,2028400000,18202000000,19.3,None,127.86,86.16
2025-12-28,GILD,6.46,29087001000.0,19.3,None,0.331,17.34,,None,12886000000,12886000000,,,,,,,,,1000000,1261000000,None,260326000,260326000,527000000,None,1498000000,3913000000,None,None,35777000,,3.14,0.025,,,,1.43,0.32,1109067000,1144844000,2.15,2020-09-30,14.18,4117000000,22896001000.0,1768074000,1161792000,347878000,12939000000,12939000000,None,50690000,None,1008000000,None,None,27792000000,None,2074000000,813914000,None,None,None,0.452,,659007000,1109067000,2030000000,6541000000,None,6106000000,None,,,,,0.227,7.18,5.32,,,,,,,,0.279,,4810000000,2025-10-30,quarterly,2.47,USD,pre-market,277724000,13709000000,0.126,0.407,0.03,23.35,379248000,29290000000,1498000000,11089000000,113.48,122.57,14.8837,60878000000,30926000000,9509000000,43407000000,29952000000,33898000000,2028400000,17445000000,19.3,None,127.86,86.16
2025-12-28,GILD,6.46,29087001000.0,19.3,None,0.331,17.34,,None,6746000000,6746000000,,,,,,,,,1000000,1255000000,None,260326000,260326000,532000000,None,2999000000,3194000000,None,None,35777000,,3.14,0.025,,,,1.43,0.32,1109067000,1144844000,2.15,2020-06-30,14.18,4117000000,22896001000.0,1768074000,1161792000,347878000,13225000000,13225000000,None,50690000,None,1052000000,None,None,21103000000,None,2276000000,813914000,None,None,None,0.452,,659007000,1109067000,1483000000,6122000000,None,6125000000,None,,,,,0.227,7.18,5.32,,,,,,,,0.279,,4653000000,2025-10-30,quarterly,2.47,USD,pre-market,277724000,14445000000,0.126,0.407,0.03,23.35,379248000,24102000000,2999000000,12168000000,113.48,122.57,14.8837,55934000000,24643000000,10564000000,37792000000,31291000000,27228000000,2028400000,18027000000,19.3,None,127.86,86.16
2025-12-28,GILD,6.46,29087001000.0,19.3,None,0.331,17.34,,None,10051000000,10051000000,,,,,,,,,1000000,1270000000,None,260326000,260326000,590000000,None,1999000000,3907000000,None,None,35777000,,3.14,0.025,,,,1.43,0.32,1109067000,1144844000,2.15,2020-03-31,14.18,4117000000,22896001000.0,1768074000,1161792000,347878000,13502000000,13502000000,None,50690000,None,986000000,None,None,22098000000,None,3529000000,813914000,None,None,None,0.452,,659007000,1109067000,1272000000,5645000000,None,6585000000,None,,,,,0.227,7.18,5.32,,,,,,,,0.279,,4564000000,2025-10-30,quarterly,2.47,USD,pre-market,277724000,18709000000,0.126,0.407,0.03,23.35,379248000,24097000000,1999000000,10734000000,113.48,122.57,14.8837,59741000000,26950000000,8879000000,37562000000,32791000000,28683000000,2028400000,22067000000,19.3,None,127.86,86.16
2025-12-28,GILD,6.46,29087001000.0,19.3,None,0.331,17.34,,None,11631000000,11631000000,,,,,,,,,1000000,1273000000,None,260326000,260326000,713000000,None,2499000000,3582000000,None,None,35777000,,3.14,0.025,,,,1.43,0.32,1109067000,1144844000,2.15,2019-12-31,14.18,4117000000,22896001000.0,1768074000,1161792000,347878000,13786000000,13786000000,None,50690000,None,922000000,None,None,22094000000,None,1488000000,813914000,None,None,None,0.452,,659007000,1109067000,1440000000,6260000000,None,7124000000,None,,,,,0.227,7.18,5.32,,,,,,,,0.279,,4502000000,2025-10-30,quarterly,2.47,USD,pre-market,277724000,19388000000,0.126,0.407,0.03,23.35,379248000,24593000000,2499000000,12721000000,113.48,122.57,14.8837,61627000000,30296000000,9759000000,38977000000,31331000000,29218000000,2028400000,22525000000,19.3,None,127.86,86.16
2025-12-28,GILD,6.46,29087001000.0,19.3,None,0.331,17.34,,None,9474000000,9474000000,,,,,,,,,1000000,1267000000,None,260326000,260326000,632000000,None,2498000000,3315000000,None,None,35777000,,3.14,0.025,,,,1.43,0.32,1109067000,1144844000,2.15,2019-09-30,14.18,4117000000,22896001000.0,1768074000,1161792000,347878000,14864000000,14864000000,None,50690000,None,882000000,None,None,22090000000,None,2195000000,813914000,None,None,None,0.452,,659007000,1109067000,1308000000,585000000,None,6753000000,None,,,,,0.227,7.18,5.32,,,,,,,,0.279,,4377000000,2025-10-30,quarterly,2.47,USD,pre-market,277724000,17616000000,0.126,0.407,0.03,23.35,379248000,24588000000,2498000000,13382000000,113.48,122.57,14.8837,59146000000,28361000000,9567000000,38410000000,30785000000,28843000000,2028400000,20604000000,19.3,None,127.86,86.16
2025-12-28,GILD,6.46,29087001000.0,19.3,None,0.331,17.34,,None,11240000000,11240000000,,,,,,,,,1000000,1277000000,None,260326000,260326000,617000000,None,1999000000,3396000000,None,None,35777000,,3.14,0.025,,,,1.43,0.32,1109067000,1144844000,2.15,2019-06-30,14.18,4117000000,22896001000.0,1768074000,1161792000,347878000,15152000000,15152000000,None,50690000,None,884000000,None,None,24084000000,None,3051000000,813914000,None,None,None,0.452,,659007000,1109067000,2264000000,508000000,None,7414000000,None,,,,,0.227,7.18,5.32,,,,,,,,0.279,,4249000000,2025-10-30,quarterly,2.47,USD,pre-market,277724000,19829000000,0.126,0.407,0.03,23.35,379248000,26083000000,1999000000,15943000000,113.48,122.57,14.8837,63210000000,33727000000,8961000000,40459000000,29483000000,31498000000,2028400000,22616000000,19.3,None,127.86,86.16
2025-12-28,GILD,6.46,29087001000.0,19.3,None,0.331,17.34,,None,16927000000,16927000000,,,,,,,,,1000000,1283000000,None,260326000,260326000,577000000,None,2498000000,3283000000,None,None,35777000,,3.14,0.025,,,,1.43,0.32,1109067000,1144844000,2.15,2019-03-31,14.18,4117000000,22896001000.0,1768074000,1161792000,347878000,15438000000,15438000000,None,50690000,None,898000000,None,None,24080000000,None,2221000000,813914000,None,None,None,0.452,,659007000,1109067000,1939000000,513000000,None,7269000000,None,,,,,0.227,7.18,5.32,,,,,,,,0.279,,4116000000,2025-10-30,quarterly,2.47,USD,pre-market,277724000,19326000000,0.126,0.407,0.03,23.35,379248000,26578000000,2498000000,10977000000,113.48,122.57,14.8837,62837000000,34024000000,9397000000,40746000000,28813000000,31349000000,2028400000,21951000000,19.3,None,127.86,86.16
2025-12-28,GILD,6.46,29087001000.0,19.3,None,0.331,17.34,,None,17940000000,17940000000,,,,,,,,,1000000,1299000000,None,260326000,260326000,790000000,None,2748000000,3327000000,None,None,35777000,,3.14,0.025,,,,1.43,0.32,1109067000,1144844000,2.15,2018-12-31,14.18,4117000000,22896001000.0,1768074000,1161792000,347878000,15738000000,15738000000,None,50690000,None,814000000,None,None,24574000000,None,1423000000,813914000,None,None,None,0.452,,659007000,1109067000,1606000000,6877000000,None,6962000000,None,,,,,0.227,7.18,5.32,,,,,,,,0.279,,4006000000,2025-10-30,quarterly,2.47,USD,pre-market,277724000,19024000000,0.126,0.407,0.03,23.35,379248000,27322000000,2748000000,12149000000,113.48,122.57,14.8837,63675000000,35836000000,10605000000,42141000000,27839000000,31536000000,2028400000,21387000000,19.3,None,127.86,86.16
2025-12-28,GILD,6.46,29087001000.0,19.3,None,0.331,17.34,,None,14569000000,14569000000,,,,,,,,,1000000,1307000000,None,260326000,260326000,580000000,None,2747000000,3465000000,None,None,35777000,,3.14,0.025,,,,1.43,0.32,1109067000,1144844000,2.15,2018-09-30,14.18,4117000000,22896001000.0,1768074000,1161792000,347878000,16315000000,16315000000,None,50690000,None,816000000,None,None,24570000000,None,2378000000,813914000,None,None,None,0.452,,659007000,1109067000,2171000000,6772000000,None,6612000000,None,,,,,0.227,7.18,5.32,,,,,,,,0.279,,3791000000,2025-10-30,quarterly,2.47,USD,pre-market,277724000,20706000000,0.126,0.407,0.03,23.35,379248000,27317000000,2747000000,13897000000,113.48,122.57,14.8837,64305000000,34918000000,10116000000,41298000000,29388000000,31182000000,2028400000,22861000000,19.3,0,127.86,86.16
2025-12-28,GILD,6.46,29087001000.0,19.3,None,0.331,17.34,,None,13234000000,13234000000,,,,,,,,,1000000,1308000000,None,260326000,260326000,623000000,None,2248000000,3541000000,None,None,35777000,,3.14,0.025,,,,1.43,0.32,1109067000,1144844000,2.15,2018-06-30,14.18,4124000000,22896001000.0,1768074000,1161792000,347878000,16496000000,16496000000,None,50690000,None,859000000,None,None,26062000000,None,5739000000,813914000,None,None,None,0.452,,659007000,1109067000,2411000000,7274000000,None,6647000000,None,,,,,0.227,7.18,5.32,,,,,,,,0.279,,3659000000,2025-10-30,quarterly,2.47,USD,pre-market,277724000,19825000000,0.126,0.407,0.03,23.35,379248000,29060000000,2998000000,12683000000,113.48,122.57,14.8837,65355000000,32728000000,10912000000,43621000000,32627000000,32709000000,2028400000,21672000000,19.3,0,127.86,86.16
2025-12-28,GILD,6.46,29087001000.0,19.3,None,0.331,17.34,,None,7643000000,7643000000,,,,,,,,,1000000,1320000000,None,260326000,260326000,711000000,None,1748000000,3775000000,None,None,35777000,,3.14,0.025,,,,1.43,0.32,1109067000,1144844000,2.15,2018-03-31,14.18,4159000000,22896001000.0,1768074000,1161792000,347878000,16803000000,16803000000,None,50690000,None,885000000,None,None,26557000000,None,8104000000,813914000,None,None,None,0.452,,659007000,1109067000,1600000000,7396000000,None,7503000000,None,,,,,0.227,7.18,5.32,,,,,,,,0.279,,3415000000,2025-10-30,quarterly,2.47,USD,pre-market,277724000,19196000000,0.126,0.407,0.03,23.35,379248000,29054000000,2497000000,16355000000,113.48,122.57,14.8837,65381000000,30258000000,10670000000,44730000000,35123000000,34060000000,2028400000,20591000000,19.3,0,127.86,86.16
2025-12-28,GILD,6.46,29087001000.0,19.3,None,0.331,17.34,,None,7588000000,7588000000,,,,,,,,,1000000,1307000000,None,260326000,260326000,814000000,None,999000000,3851000000,None,None,35777000,,3.14,0.025,,,,1.43,0.32,1109067000,1144844000,2.15,2017-12-31,14.18,4159000000,22896001000.0,1768074000,1161792000,347878000,17100000000,17100000000,None,50690000,None,801000000,None,None,30795000000,None,11184000000,813914000,None,None,None,0.452,,659007000,1109067000,1661000000,7361000000,None,7352000000,None,,,,,0.227,7.18,5.32,,,,,,,,0.279,,3295000000,2025-10-30,quarterly,2.47,USD,pre-market,277724000,19012000000,0.126,0.407,0.03,23.35,379248000,33542000000,2747000000,17922000000,113.48,122.57,14.8837,70283000000,31823000000,11635000000,49782000000,38460000000,38147000000,2028400000,20442000000,19.3,0,127.86,86.16
2025-12-28,GILD,6.46,29087001000.0,19.3,None,0.331,17.34,,None,11508000000,11508000000,,,,,,,,,1000000,1319000000,None,260326000,260326000,696000000,None,999000000,4122000000,None,None,35777000,,3.14,0.025,,,,1.43,0.32,1109067000,1144844000,2.15,2017-09-30,14.18,1172000000,22896001000.0,1768074000,1161792000,347878000,8342000000,8342000000,None,50690000,None,1144000000,None,None,27515000000,None,12973000000,813914000,None,None,None,0.452,,659007000,1109067000,1664000000,5117000000,None,2296000000,None,,,,,0.227,7.18,5.32,,,,,,,,0.279,,3100000000,2025-10-30,quarterly,2.47,USD,pre-market,277724000,23689000000,0.126,0.407,0.03,23.35,379248000,29262000000,1747000000,16879000000,113.48,122.57,14.8837,64662000000,35317000000,9597000000,39408000000,29345000000,29811000000,2028400000,24845000000,19.3,0,127.86,86.16
2025-12-28,GILD,6.46,29087001000.0,19.3,None,0.331,17.34,,None,8712000000,8712000000,,,,,,,,,1000000,1317000000,None,260326000,260326000,819000000,None,26296000000,4478000000,None,None,35777000,,3.14,0.025,,,,1.43,0.32,1109067000,1144844000,2.15,2017-06-30,14.18,1172000000,22896001000.0,1768074000,1161792000,347878000,8551000000,8551000000,None,50690000,None,1408000000,None,None,26296000000,None,15480000000,813914000,None,None,None,0.452,,659007000,1109067000,1610000000,7673000000,None,2384000000,None,,,,,0.227,7.18,5.32,,,,,,,,0.279,,3012000000,2025-10-30,quarterly,2.47,USD,pre-market,277724000,21823000000,0.126,0.407,0.03,23.35,379248000,26296000000,26296000000,12384000000,113.48,122.57,14.8837,60263000000,42462000000,8492000000,37172000000,17801000000,28680000000,2028400000,23091000000,19.3,0,127.86,86.16
2025-12-28,GILD,6.46,29087001000.0,19.3,None,0.331,17.34,,None,10285000000,10285000000,,,,,,,,,1000000,1320000000,None,260326000,260326000,944000000,None,15938000,4034000000,None,None,35777000,,3.14,0.025,,,,1.43,0.32,1109067000,1144844000,2.15,2017-03-31,14.18,1172000000,22896001000.0,1768074000,1161792000,347878000,8761000000,8761000000,None,50690000,None,1474000000,None,None,26321000000,None,19902000000,813914000,None,None,None,0.452,,659007000,1109067000,1801000000,8282000000,None,2181000000,None,,,,,0.227,7.18,5.32,,,,,,,,0.279,,2922000000,2025-10-30,quarterly,2.47,USD,pre-market,277724000,19564000000,0.126,0.407,0.03,23.35,379248000,27510000000,1189000000,3830000000,113.48,122.57,14.8837,57701000000,39525000000,8282000000,36784000000,18176000000,28502000000,2028400000,20917000000,19.3,0,127.86,86.16
2025-12-28,GILD,6.46,29087001000.0,19.3,None,0.331,17.34,,None,8229000000,8229000000,,,,,,,,,1000000,1327000000,None,260326000,260326000,1206000000,None,26346000000,4514000000,None,None,35777000,,3.14,0.025,,,,1.43,0.32,1109067000,1144844000,2.15,2016-12-31,14.18,1172000000,22896001000.0,1768074000,1161792000,347878000,8971000000,8971000000,None,50690000,None,1587000000,None,None,26346000000,None,20485000000,813914000,None,None,None,0.452,,659007000,1109067000,1062000000,9219000000,None,2049000000,None,,,,,0.227,7.18,5.32,,,,,,,,0.279,,2865000000,2025-10-30,quarterly,2.47,USD,pre-market,277724000,18154000000,0.126,0.407,0.03,23.35,379248000,27754000000,1408000000,3666000000,113.48,122.57,14.8837,56977000000,38481000000,9219000000,37614000000,18496000000,28395000000,2028400000,19363000000,19.3,0,127.86,86.16
2025-12-28,GILD,6.46,29087001000.0,19.3,None,0.331,17.34,,None,9809000000,9809000000,,,,,,,,,1000000,1339000000,None,260326000,260326000,1052000000,None,700000000,5075000000,None,None,35777000,,3.14,0.025,,,,1.43,0.32,1109067000,1144844000,2.15,2016-09-30,14.18,1172000000,22896001000.0,1768074000,1161792000,347878000,9386000000,9386000000,None,50690000,None,1900000000,None,None,26371000000,None,19345000000,813914000,None,None,None,0.452,,659007000,1109067000,2184000000,7971000000,None,1805000000,None,,,,,0.227,7.18,5.32,,,,,,,,0.279,,2714000000,2025-10-30,quarterly,2.47,USD,pre-market,277724000,16654000000,0.126,0.407,0.03,23.35,379248000,27071000000,700000000,2457000000,113.48,122.57,14.8837,56609000000,21425000000,11073000000,39249000000,35184000000,28176000000,2028400000,16868000000,19.3,0,127.86,86.16
2025-12-28,GILD,6.46,29087001000.0,19.3,None,0.331,17.34,,None,6485000000,6485000000,,,,,,,,,1000000,1355000000,None,260326000,260326000,1122000000,None,700000000,5752000000,None,None,35777000,,3.14,0.025,,,,1.43,0.32,1109067000,1144844000,2.15,2016-06-30,14.18,1172000000,22896001000.0,1768074000,1161792000,347878000,9713000000,9713000000,None,50690000,None,1862000000,None,None,21427000000,None,15864000000,813914000,None,None,None,0.452,,659007000,1109067000,1987000000,7909000000,None,1994000000,None,,,,,0.227,7.18,5.32,,,,,,,,0.279,,2599000000,2025-10-30,quarterly,2.47,USD,pre-market,277724000,14949000000,0.126,0.407,0.03,23.35,379248000,22127000000,700000000,2267000000,113.48,122.57,14.8837,49980000000,18353000000,10444000000,33865000000,31627000000,23421000000,2028400000,15536000000,19.3,0,127.86,86.16
2025-12-28,GILD,6.46,29087001000.0,19.3,None,0.331,17.34,,None,6315000000,6315000000,,,,,,,,,1000000,1412000000,None,260326000,260326000,945000000,None,1745000000,6163000000,None,None,35777000,,3.14,0.025,,,,1.43,0.32,1109067000,1144844000,2.15,2016-03-31,14.18,1172000000,22896001000.0,1768074000,1161792000,347878000,9923000000,9923000000,None,50690000,None,1880000000,None,None,21077000000,None,13003000000,813914000,None,None,None,0.452,,659007000,1109067000,2905000000,7640000000,None,1759000000,None,,,,,0.227,7.18,5.32,,,,,,,,0.279,,2431000000,2025-10-30,quarterly,2.47,USD,pre-market,277724000,13045000000,0.126,0.407,0.03,23.35,379248000,22822000000,1745000000,2004000000,113.48,122.57,14.8837,47765000000,19267000000,10910000000,33746000000,28498000000,22836000000,2028400000,13398000000,19.3,0,127.86,86.16
2025-12-28,GILD,6.46,29087001000.0,19.3,None,0.331,17.34,,None,12851000000,12851000000,,,,,,,,,1000000,1472000000,None,260326000,260326000,1178000000,None,982000000,5854000000,None,None,35777000,,3.14,0.025,,,,1.43,0.32,1109067000,1144844000,2.15,2015-12-31,14.18,1172000000,22896001000.0,1768074000,1161792000,347878000,10247000000,10247000000,None,50690000,None,1955000000,None,None,21195000000,None,11601000000,813914000,None,None,None,0.452,,659007000,1109067000,506000000,8271000000,None,1638000000,None,,,,,0.227,7.18,5.32,,,,,,,,0.279,,2276000000,2025-10-30,quarterly,2.47,USD,pre-market,277724000,18001000000,0.126,0.407,0.03,23.35,379248000,21197000000,2000000,1756000000,113.48,122.57,14.8837,51839000000,34017000000,9891000000,32726000000,17822000000,22835000000,2028400000,19113000000,19.3,0,127.86,86.16
2025-12-28,GILD,6.46,29087001000.0,19.3,None,0.331,17.34,,None,13965000000,13965000000,,,,,,,,,1000000,1503000000,None,260326000,260326000,1239000000,None,None,6105000000,None,None,35777000,,3.14,0.025,,,,1.43,0.32,1109067000,1144844000,2.15,2015-09-30,14.18,1172000000,22896001000.0,1768074000,1161792000,347878000,10454000000,10454000000,None,50690000,None,1988000000,None,None,21894000000,None,9400000000,813914000,None,None,None,0.452,,659007000,1109067000,2103000000,7761000000,None,1405000000,None,,,,,0.227,7.18,5.32,,,,,,,,0.279,,2143000000,2025-10-30,quarterly,2.47,USD,pre-market,277724000,16961000000,0.126,0.407,0.03,23.35,379248000,21898000000,4000000,1749000000,113.48,122.57,14.8837,50637000000,33207000000,9360000000,32693000000,17430000000,23333000000,2028400000,17944000000,19.3,0,127.86,86.16
2025-12-28,GILD,6.46,29087001000.0,19.3,None,0.331,17.34,,None,7417000000,7417000000,,,,,,,,,2000000,1540000000,None,260326000,260326000,1571000000,None,None,5331000000,None,None,35777000,,3.14,0.025,,,,1.43,0.32,1109067000,1144844000,2.15,2015-06-30,14.18,1172000000,22896001000.0,1768074000,1161792000,347878000,10660000000,10660000000,None,50690000,None,2039000000,None,None,11922000000,None,6056000000,813914000,None,None,None,0.452,,659007000,1109067000,553000000,6846000000,None,1643000000,None,,,,,0.227,7.18,5.32,,,,,,,,0.279,,1899000000,2025-10-30,quarterly,2.47,USD,pre-market,277724000,16038000000,0.126,0.407,0.03,23.35,379248000,11929000000,7000000,1194000000,113.48,122.57,14.8837,39167000000,22037000000,8925000000,22533000000,17130000000,13608000000,2028400000,16634000000,19.3,0,127.86,86.16
2025-12-28,GILD,6.46,29087001000.0,19.3,None,0.331,17.34,,None,10635000000,10635000000,,,,,,,,,1000000,1569000000,None,260326000,260326000,1011000000,None,None,4835000000,None,None,35777000,,3.14,0.025,,,,1.43,0.32,1109067000,1144844000,2.15,2015-03-31,14.18,1172000000,22896001000.0,1768074000,1161792000,347878000,10867000000,10867000000,None,50690000,None,1908000000,None,None,11921000000,None,3220000000,813914000,None,None,None,0.452,,659007000,1109067000,761000000,6215000000,None,1332000000,None,,,,,0.227,7.18,5.32,,,,,,,,0.279,,1765000000,2025-10-30,quarterly,2.47,USD,pre-market,277724000,13916000000,0.126,0.407,0.03,23.35,379248000,11932000000,11000000,659000000,113.48,122.57,14.8837,38321000000,21257000000,7428000000,20733000000,17064000000,13305000000,2028400000,17588000000,19.3,0,127.86,86.16
2025-12-28,GILD,6.46,29087001000.0,19.3,None,0.331,17.34,,None,10027000000,10027000000,,,,,,,,,2000000,1597000000,None,260326000,260326000,955000000,None,483000000,4635000000,None,None,35777000,,3.14,0.025,,,,1.43,0.32,1109067000,1144844000,2.15,2014-12-31,14.18,1172000000,22896001000.0,1768074000,1161792000,347878000,11073000000,11073000000,None,50690000,None,1386000000,None,None,11921000000,None,1598000000,813914000,None,None,None,0.452,,659007000,1109067000,472000000,4514000000,None,1097000000,None,,,,,0.227,7.18,5.32,,,,,,,,0.279,,1674000000,2025-10-30,quarterly,2.47,USD,pre-market,277724000,12732000000,0.126,0.407,0.03,23.35,379248000,11936000000,15000000,101000000,113.48,122.57,14.8837,34664000000,17747000000,5618000000,18845000000,16917000000,13227000000,2028400000,15819000000,19.3,0,127.86,86.16
2025-12-28,GILD,6.46,29087001000.0,19.3,None,0.331,17.34,,None,6209060000,6209060000,,,,,,,,,1514000,1636530000,None,260326000,260326000,1182917000,None,None,2850367000,None,None,35777000,,3.14,0.025,,,,1.43,0.32,1109067000,1144844000,2.15,2014-09-30,14.18,1171561000,22896001000.0,1768074000,1161792000,347878000,11306547000,11306547000,None,50690000,None,1909584000,None,None,7933040000,None,1375400000,813914000,None,None,None,0.452,,659007000,1109067000,267247000,4727773000,None,899976000,None,,,,,0.227,7.18,5.32,,,,,,,,0.279,,1509796000,2025-10-30,quarterly,2.47,USD,pre-market,277724000,11247655000,0.126,0.407,0.03,23.35,379248000,7960422000,27382000,107266000,113.48,122.57,14.8837,28844393000,12451677000,6054952000,14980783000,16392716000,8925831000,2028400000,13863610000,19.3,0,127.86,86.16
2025-12-28,GILD,6.46,29087001000.0,19.3,None,0.331,17.34,,None,8730522000,8730522000,,,,,,,,,1526000,1664415000,None,260326000,260326000,1162307000,None,None,3436711000,None,None,35777000,,3.14,0.025,,,,1.43,0.32,1109067000,1144844000,2.15,2014-06-30,14.18,1171561000,22896001000.0,1768074000,1161792000,347878000,11508319000,11508319000,None,50690000,None,2068753000,None,None,7932536000,None,782315000,813914000,None,None,None,0.452,,659007000,1109067000,199360000,4903531000,None,512434000,None,,,,,0.227,7.18,5.32,,,,,,,,0.279,,1380776000,2025-10-30,quarterly,2.47,USD,pre-market,277724000,10199576000,0.126,0.407,0.03,23.35,379248000,7968411000,35875000,68546000,113.48,122.57,14.8837,31206164000,15086847000,6227997000,14776822000,16119317000,8548825000,2028400000,16429342000,19.3,0,127.86,86.16
2025-12-28,GILD,6.46,29087001000.0,19.3,None,0.331,17.34,,None,6404153000,6404153000,,,,,,,,,1538000,1679871000,None,260326000,260326000,1234507000,None,None,3236195000,None,None,35777000,,3.14,0.025,,,,1.43,0.32,1109067000,1144844000,2.15,2014-03-31,14.18,1171561000,22896001000.0,1768074000,1161792000,347878000,11707830000,11707830000,None,50690000,None,2140228000,None,None,7932032000,None,389871000,813914000,None,None,None,0.452,,659007000,1109067000,201011000,4522710000,None,400963000,None,,,,,0.227,7.18,5.32,,,,,,,,0.279,,1303029000,2025-10-30,quarterly,2.47,USD,pre-market,277724000,7734979000,0.126,0.407,0.03,23.35,379248000,7977799000,45767000,64877000,113.48,122.57,14.8837,28077692000,12235324000,5914776000,14375498000,15842368000,8460722000,2028400000,13702194000,19.3,0,127.86,86.16
2025-12-28,GILD,6.46,29087001000.0,19.3,None,0.331,17.34,,None,2112806000,2112806000,,,,,,,,,1534000,1694212000,None,260326000,260326000,1255914000,None,None,2100286000,None,None,35777000,,3.14,0.025,,,,1.43,0.32,1109067000,1144844000,2.15,2013-12-31,14.18,1169023000,22896001000.0,1768074000,1161792000,347878000,11900106000,11900106000,None,50690000,None,2055788000,None,None,3938708000,None,439028000,813914000,None,None,None,0.452,,659007000,1109067000,91925000,4895143000,None,319059000,None,,,,,0.227,7.18,5.32,,,,,,,,0.279,,1166181000,2025-10-30,quarterly,2.47,USD,pre-market,277724000,6105244000,0.126,0.407,0.03,23.35,379248000,4002539000,63831000,18756000,113.48,122.57,14.8837,22496785000,6726664000,6325528000,10752284000,15770121000,4426756000,2028400000,11744501000,19.3,0,127.86,86.16
2025-12-28,GILD,6.46,29087001000.0,19.3,None,0.331,17.34,,None,2010736000,2010736000,,,,,,,,,763000,1691898000,None,260326000,260326000,1350402000,None,None,1971926000,None,None,35777000,,3.14,0.025,,,,1.43,0.32,1109067000,1144844000,2.15,2013-09-30,14.18,1188157000,22896001000.0,1768074000,1161792000,347878000,12034457000,12034457000,None,50690000,None,1946048000,None,None,5856093000,None,665063000,813914000,None,None,None,0.452,,659007000,1109067000,959593000,1949414000,None,380680000,None,,,,,0.227,7.18,5.32,,,,,,,,0.279,,1133032000,2025-10-30,quarterly,2.47,USD,pre-market,277724000,5735335000,0.126,0.407,0.03,23.35,379248000,7313472000,1457379000,79758000,113.48,122.57,14.8837,22468428000,6968061000,4895124000,11275955000,15500367000,6380831000,2028400000,10883610000,19.3,0,127.86,86.16
2025-12-28,GILD,6.46,29087001000.0,19.3,None,0.331,17.34,,None,2202176000,2202176000,,,,,,,,,765000,1694577000,None,260326000,260326000,1390641000,None,None,1895913000,None,None,35777000,,3.14,0.025,,,,1.43,0.32,1109067000,1144844000,2.15,2013-06-30,14.18,1188157000,22896001000.0,1768074000,1161792000,347878000,12056002000,12056002000,None,50690000,None,1935147000,None,None,5849552000,None,688428000,813914000,None,None,None,0.452,,659007000,1109067000,954099000,1908179000,None,347217000,None,,,,,0.227,7.18,5.32,,,,,,,,0.279,,1135993000,2025-10-30,quarterly,2.47,USD,pre-market,277724000,5065839000,0.126,0.407,0.03,23.35,379248000,7337777000,1488225000,85194000,113.48,122.57,14.8837,22624374000,7072529000,4937138000,11280990000,15551845000,6343852000,2028400000,11092000000,19.3,0,127.86,86.16
2025-12-28,GILD,6.46,29087001000.0,19.3,None,0.331,17.34,,None,1863972000,1863972000,,,,,,,,,760000,1665060000,None,260326000,260326000,1356372000,None,None,1945189000,None,None,35777000,,3.14,0.025,,,,1.43,0.32,1109067000,1144844000,2.15,2013-03-31,14.18,1188157000,22896001000.0,1768074000,1161792000,347878000,12077548000,12077548000,None,50690000,None,1799618000,None,None,7054796000,None,688254000,813914000,None,None,None,0.452,,659007000,1109067000,975514000,1847423000,None,323577000,None,,,,,0.227,7.18,5.32,,,,,,,,0.279,,1125794000,2025-10-30,quarterly,2.47,USD,pre-market,277724000,4301539000,0.126,0.407,0.03,23.35,379248000,7997607000,942811000,78804000,113.48,122.57,14.8837,22211668000,6663097000,4290215000,11819195000,15548571000,7528980000,2028400000,10152231000,19.3,0,127.86,86.16
2025-12-28,GILD,6.46,29087001000.0,19.3,None,0.331,17.34,,None,1803694000,1803694000,,,,,,,,,1519000,1636939000,None,260326000,260326000,1327339000,None,None,1751388000,None,None,35777000,,3.14,0.025,,,,1.43,0.32,1109067000,1144844000,2.15,2012-12-31,14.18,1060919000,22896001000.0,1768074000,1161792000,347878000,11736393000,11736393000,None,50690000,None,1744982000,None,None,7054555000,None,719836000,813914000,None,None,None,0.452,,659007000,1109067000,797727000,1624503000,None,343862000,None,,,,,0.227,7.18,5.32,,,,,,,,0.279,,1100259000,2025-10-30,quarterly,2.47,USD,pre-market,277724000,3704744000,0.126,0.407,0.03,23.35,379248000,8224045000,1169490000,58556000,113.48,122.57,14.8837,21239838000,6156347000,4237897000,11696116000,15083491000,7458219000,2028400000,9302592000,19.3,0,127.86,86.16
2025-12-28,GILD,6.46,29087001000.0,19.3,None,0.331,17.34,,None,1550710000,1550710000,,,,,,,,,758000,1584608000,None,260326000,260326000,1319670000,None,None,1766091000,None,None,35777000,,3.14,0.025,,,,1.43,0.32,1109067000,1144844000,2.15,2012-09-30,14.18,1078919000,22896001000.0,1768074000,1161792000,347878000,11735354000,11735354000,None,50690000,None,1617369000,None,None,7040382000,None,955603000,813914000,None,None,None,0.452,,659007000,1109067000,801434000,1635448000,None,350301000,None,,,,,0.227,7.18,5.32,,,,,,,,0.279,,856184000,2025-10-30,quarterly,2.47,USD,pre-market,277724000,3139393000,0.126,0.407,0.03,23.35,379248000,8771277000,1730895000,144775000,113.48,122.57,14.8837,20963829000,5880379000,4802148000,12213667000,15083450000,7411519000,2028400000,8603642000,19.3,0,127.86,86.16
2025-12-28,GILD,6.46,29087001000.0,19.3,None,0.331,17.34,,None,1625500000,1625500000,,,,,,,,,756000,1561012000,None,260326000,260326000,1367353000,None,None,1702818000,None,None,35777000,,3.14,0.025,,,,1.43,0.32,1109067000,1144844000,2.15,2012-06-30,14.18,1078919000,22896001000.0,1768074000,1161792000,347878000,11751191000,11751191000,None,50690000,None,1603401000,None,None,7126377000,None,564130000,813914000,None,None,None,0.452,,659007000,1109067000,830339000,1540998000,None,281850000,None,,,,,0.227,7.18,5.32,,,,,,,,0.279,,811799000,2025-10-30,quarterly,2.47,USD,pre-market,277724000,2663077000,0.126,0.407,0.03,23.35,379248000,9099193000,1972816000,82044000,113.48,122.57,14.8837,20501950000,5844102000,4986674000,12418563000,14657848000,7431889000,2028400000,8002120000,19.3,0,127.86,86.16
2025-12-28,GILD,6.46,29087001000.0,19.3,None,0.331,17.34,,None,1451942000,1451942000,,,,,,,,,758000,1554776000,None,260326000,260326000,1339257000,None,None,2163659000,None,None,35777000,,3.14,0.025,,,,1.43,0.32,1109067000,1144844000,2.15,2012-03-31,14.18,1078919000,22896001000.0,1768074000,1161792000,347878000,11767027000,11767027000,None,50690000,None,1418033000,None,None,8077246000,None,48168000,813914000,None,None,None,0.452,,659007000,1109067000,792898000,1382392000,None,294646000,None,,,,,0.227,7.18,5.32,,,,,,,,0.279,,782867000,2025-10-30,quarterly,2.47,USD,pre-market,277724000,2178639000,0.126,0.407,0.03,23.35,379248000,9428819000,1351573000,0,113.48,122.57,14.8837,19950386000,5826532000,4187904000,12586302000,14123854000,8398398000,2028400000,7313612000,19.3,0,127.86,86.16
2025-12-28,GILD,6.46,29087001000.0,19.3,None,0.331,17.34,,None,9883777000,9883777000,,,,,,,,,753000,1534066000,None,260326000,260326000,1206052000,None,None,1951167000,None,None,35777000,,3.14,0.025,,,,1.43,0.32,1109067000,1144844000,2.15,2011-12-31,14.18,1004102000,22896001000.0,1768074000,1161792000,347878000,1062864000,1062864000,None,50690000,None,1389983000,None,None,7605734000,None,63704000,813914000,None,None,None,0.452,,659007000,1109067000,677367000,1191918000,None,147736000,None,,,,,0.227,7.18,5.32,,,,,,,,0.279,,774406000,2025-10-30,quarterly,2.47,USD,pre-market,277724000,1776760000,0.126,0.407,0.03,23.35,379248000,7607306000,1572000,16491000,113.48,122.57,14.8837,17303134000,13918785000,2514790000,10435785000,3384349000,7920995000,2028400000,6738856000,19.3,0,127.86,86.16
2025-12-28,GILD,6.46,29087001000.0,19.3,None,0.331,17.34,,None,909359000,909359000,,,,,,,,,757000,1562624000,None,260326000,260326000,1063723000,None,None,1867092000,None,None,35777000,,3.14,0.025,,,,1.43,0.32,1109067000,1144844000,2.15,2011-09-30,14.18,1004102000,22896001000.0,1768074000,1161792000,347878000,1106901000,1106901000,None,50690000,None,1337751000,None,None,3891758000,None,3224981000,813914000,None,None,None,0.452,,659007000,1109067000,685289000,1056776000,None,255799000,None,,,,,0.227,7.18,5.32,,,,,,,,0.279,,761190000,2025-10-30,quarterly,2.47,USD,pre-market,277724000,1321796000,0.126,0.407,0.03,23.35,379248000,3893345000,1587000,1347776000,113.48,122.57,14.8837,12639898000,6147267000,2224431000,6406692000,6492631000,4182261000,2028400000,6116764000,19.3,0,127.86,86.16
2025-12-28,GILD,6.46,29087001000.0,19.3,None,0.331,17.34,,None,905779000,905779000,,,,,,,,,777000,1601600000,None,260326000,260326000,1102319000,None,None,1938645000,None,None,35777000,,3.14,0.025,,,,1.43,0.32,1109067000,1144844000,2.15,2011-06-30,14.18,1004102000,22896001000.0,1768074000,1161792000,347878000,1124308000,1124308000,None,50690000,None,1321615000,None,None,3870846000,None,3228994000,813914000,None,None,None,0.452,,659007000,1109067000,688467000,1132496000,None,273416000,None,,,,,0.227,7.18,5.32,,,,,,,,0.279,,721884000,2025-10-30,quarterly,2.47,USD,pre-market,277724000,1395908000,0.126,0.407,0.03,23.35,379248000,3878191000,7345000,1364539000,113.48,122.57,14.8837,12694140000,6219045000,2310841000,6482809000,6475095000,4171968000,2028400000,6046845000,19.3,0,127.86,86.16
2025-12-28,GILD,6.46,29087001000.0,19.3,None,0.331,17.34,,None,1835978000,1835978000,,,,,,,,,791000,1623714000,None,260326000,260326000,981631000,None,None,1801212000,None,None,35777000,,3.14,0.025,,,,1.43,0.32,1109067000,1144844000,2.15,2011-03-31,14.18,1629971000,22896001000.0,1768074000,1161792000,347878000,1629971000,1629971000,None,50690000,None,1304457000,None,None,3850130000,None,3344999000,813914000,None,None,None,0.452,,659007000,1109067000,734164000,1034211000,None,162823000,None,,,,,0.227,7.18,5.32,,,,,,,,0.279,,703794000,2025-10-30,quarterly,2.47,USD,pre-market,277724000,1320335000,0.126,0.407,0.03,23.35,379248000,4503223000,653093000,1175321000,113.48,122.57,14.8837,12987354000,6851132000,2768765000,6811993000,6136222000,4043228000,2028400000,5946253000,19.3,0,127.86,86.16
2025-12-28,GILD,6.46,29087001000.0,19.3,None,0.331,17.34,,None,907879000,907879000,,,,,,,,,802000,1666012000,None,260326000,260326000,803025000,None,None,1621966000,None,None,35777000,,3.14,0.025,,,,1.43,0.32,1109067000,1144844000,2.15,2010-12-31,14.18,532669000,22896001000.0,1768074000,1161792000,347878000,892923000,892923000,None,50690000,None,1203809000,None,None,2838573000,None,3219403000,813914000,None,None,None,0.452,,659007000,1109067000,783639000,910543000,None,134426000,None,,,,,0.227,7.18,5.32,,,,,,,,0.279,,701235000,2025-10-30,quarterly,2.47,USD,pre-market,277724000,1183730000,0.126,0.407,0.03,23.35,379248000,3484918000,646345000,1190789000,113.48,122.57,14.8837,11592630000,5708082000,2464950000,5470793000,5884548000,3005843000,2028400000,5863729000,19.3,0,127.86,86.16
2025-12-28,GILD,6.46,29087001000.0,19.3,None,0.331,17.34,,None,1022993000,1022993000,,,,,,,,,815000,1694456000,None,260326000,260326000,950813000,None,None,1670405000,None,None,35777000,,3.14,0.025,,,,1.43,0.32,1109067000,1144844000,2.15,2010-09-30,14.18,532669000,22896001000.0,1768074000,1161792000,347878000,1043904000,1043904000,None,50690000,None,1273389000,None,None,2818708000,None,2744150000,813914000,None,None,None,0.452,,659007000,1109067000,780622000,872405000,None,128557000,None,,,,,0.227,7.18,5.32,,,,,,,,0.279,,692032000,2025-10-30,quarterly,2.47,USD,pre-market,277724000,1122030000,0.126,0.407,0.03,23.35,379248000,3451094000,632386000,1284538000,113.48,122.57,14.8837,11455591000,6031947000,2590108000,5576819000,5423644000,2986711000,2028400000,5706314000,19.3,0,127.86,86.16
2025-12-28,GILD,6.46,29087001000.0,19.3,None,0.331,17.34,,None,1482639000,1482639000,,,,,,,,,860000,1797506000,None,260326000,260326000,1066433000,None,None,1482900000,None,None,35777000,,3.14,0.025,,,,1.43,0.32,1109067000,1144844000,2.15,2010-06-30,14.18,462558000,22896001000.0,1768074000,1161792000,347878000,1032255000,1032255000,None,50690000,None,1356606000,None,None,562612000,None,2216610000,813914000,None,None,None,0.452,,659007000,1109067000,868583000,774338000,None,88847000,None,,,,,0.227,7.18,5.32,,,,,,,,0.279,,695043000,2025-10-30,quarterly,2.47,USD,pre-market,277724000,1831381000,0.126,0.407,0.03,23.35,379248000,1752639000,1124230000,518286000,113.48,122.57,14.8837,10496708000,5709014000,3105723000,3796708000,4787694000,690985000,2028400000,6562495000,19.3,0,127.86,86.16
2025-12-28,GILD,6.46,29087001000.0,19.3,None,0.331,17.34,,None,936880000,936880000,,,,,,,,,902000,1856736000,None,260326000,260326000,949084000,None,None,1491332000,None,None,35777000,,3.14,0.025,,,,1.43,0.32,1109067000,1144844000,2.15,2010-03-31,14.18,462558000,22896001000.0,1768074000,1161792000,347878000,1047236000,1047236000,None,50690000,None,1223945000,None,None,1170099000,None,2967727000,813914000,None,None,None,0.452,,659007000,1109067000,756763000,770749000,None,94087000,None,,,,,0.227,7.18,5.32,,,,,,,,0.279,,695601000,2025-10-30,quarterly,2.47,USD,pre-market,277724000,2688679000,0.126,0.407,0.03,23.35,379248000,1243984000,7088000,715308000,113.48,122.57,14.8837,10695998000,5124228000,1887651000,3193326000,5571770000,1305675000,2028400000,7341996000,19.3,-7502672000,127.86,86.16
2025-12-28,GILD,6.46,29087001000.0,19.3,None,0.331,17.34,,None,1272958000,1272958000,,,,,,,,,900000,1806638000,None,260326000,260326000,810544000,None,None,1389534000,None,None,35777000,,3.14,0.025,,,,1.43,0.32,1109067000,1144844000,2.15,2009-12-31,14.18,1524777000,22896001000.0,1768074000,1161792000,347878000,1524777000,1524777000,None,50690000,None,1051771000,None,None,1155443000,None,2247871000,813914000,None,None,None,0.452,,659007000,1109067000,714278000,759569000,None,123301000,None,,,,,0.227,7.18,5.32,,,,,,,,0.279,,699970000,2025-10-30,quarterly,2.47,USD,pre-market,277724000,1995272000,0.126,0.407,0.03,23.35,379248000,1254000000,11174000,384017000,113.48,122.57,14.8837,9698559000,4812558000,1871631000,3193401000,4886001000,1321770000,2028400000,6367065000,19.3,-6505158000,127.86,86.16
2025-12-28,GILD,6.46,29087001000.0,19.3,None,0.331,17.34,,None,1024599000,1024599000,,,,,,,,,902000,1864848000,None,260326000,260326000,742684000,None,None,1339165000,None,None,35777000,,3.14,0.025,,,,1.43,0.32,1109067000,1144844000,2.15,2009-09-30,14.18,0,22896001000.0,1768074000,1161792000,347878000,1555602000,1555602000,None,50690000,None,1017827000,None,None,1140887000,None,1936818000,813914000,None,None,None,0.452,,659007000,1109067000,585306000,752054000,None,110120000,None,,,,,0.227,7.18,5.32,,,,,,,,0.279,,701371000,2025-10-30,quarterly,2.47,USD,pre-market,277724000,1420613000,0.126,0.407,0.03,23.35,379248000,1414257000,205613000,330713000,113.48,122.57,14.8837,8936980000,4297610000,1889249000,3184823000,4639370000,1295574000,2028400000,5646538000,19.3,-5752157000,127.86,86.16
2025-12-28,GILD,6.46,29087001000.0,19.3,None,0.331,17.34,,None,1040874000,1040874000,,,,,,,,,905000,1868956000,None,260326000,260326000,649999000,None,None,1242899000,None,None,35777000,,3.14,0.025,,,,1.43,0.32,1109067000,1144844000,2.15,2009-06-30,14.18,1242899000,22896001000.0,1768074000,1161792000,347878000,1570790000,1570790000,None,50690000,None,969971000,None,None,1126401000,None,1654178000,813914000,None,None,None,0.452,,659007000,1109067000,544169000,602523000,None,115423000,None,,,,,0.227,7.18,5.32,,,,,,,,0.279,,697426000,2025-10-30,quarterly,2.47,USD,pre-market,277724000,1019839000,0.126,0.407,0.03,23.35,379248000,1597362000,405622000,203394000,113.48,122.57,14.8837,8387092000,4001307000,1777882000,3073123000,4385785000,1295241000,2028400000,5189851000,19.3,-5313969000,127.86,86.16
2025-12-28,GILD,6.46,29087001000.0,19.3,None,0.331,17.34,,None,1663646000,1663646000,,,,,,,,,906000,1884958000,None,260326000,260326000,578362000,None,None,1068000000,None,None,35777000,,3.14,0.025,,,,1.43,0.32,1109067000,1144844000,2.15,2009-03-31,14.18,None,22896001000.0,1768074000,1161792000,347878000,None,None,None,50690000,None,936727000,None,None,1111866000,None,None,813914000,None,None,None,0.452,,659007000,1109067000,550894000,534160000,None,None,None,,,,,0.227,7.18,5.32,,,,,,,,0.279,,679437000,2025-10-30,quarterly,2.47,USD,pre-market,277724000,672956000,0.126,0.407,0.03,23.35,379248000,1174067000,5613000,396648000,113.48,122.57,14.8837,7519914000,4615915000,1261797000,2502631000,2903999000,1240834000,2028400000,4804089000,19.3,None,127.86,86.16
2025-12-28,GILD,6.46,29087001000.0,19.3,None,0.331,17.34,,None,1459302000,1459302000,,,,,,,,,910000,1841614000,None,260326000,260326000,601200000,None,None,1023397000,None,None,35777000,,3.14,0.025,,,,1.43,0.32,1109067000,1144844000,2.15,2008-12-31,14.18,123008000,22896001000.0,1768074000,1161792000,347878000,134200000,134200000,None,50690000,None,927868000,None,None,1299854000,None,None,813914000,None,None,None,0.452,,659007000,1109067000,537081000,526441000,None,None,None,,,,,0.227,7.18,5.32,,,,,,,,0.279,,528799000,2025-10-30,quarterly,2.47,USD,pre-market,277724000,300314000,0.126,0.407,0.03,23.35,379248000,1160244000,5631000,330760000,113.48,122.57,14.8837,6936831000,4278408000,1220992000,2471248000,2658423000,1250256000,2028400000,4272573000,19.3,None,127.86,86.16
2025-12-28,GILD,6.46,29087001000.0,19.3,None,0.331,17.34,,None,1209424000,1209424000,,,,,,,,,921000,1921170000,None,260326000,260326000,631525000,None,None,1047205000,None,None,35777000,,3.14,0.025,,,,1.43,0.32,1109067000,1144844000,2.15,2008-09-30,14.18,None,22896001000.0,1768074000,1161792000,347878000,None,None,None,50690000,None,897623000,None,None,1299854000,None,None,813914000,None,None,None,0.452,,659007000,1109067000,462561000,491307000,None,None,None,,,,,0.227,7.18,5.32,,,,,,,,0.279,,512281000,2025-10-30,quarterly,2.47,USD,pre-market,277724000,531001000,0.126,0.407,0.03,23.35,379248000,1327276000,6055000,709870000,113.48,122.57,14.8837,6974128000,4326683000,1259134000,2680582000,2647445000,1421448000,2028400000,4165910000,19.3,None,127.86,86.16
2025-12-28,GILD,6.46,29087001000.0,19.3,None,0.331,17.34,,None,1119599000,1119599000,,,,,,,,,923000,1931326000,None,260326000,260326000,606245000,None,None,1021369000,None,None,35777000,,3.14,0.025,,,,1.43,0.32,1109067000,1144844000,2.15,2008-06-30,14.18,None,22896001000.0,1768074000,1161792000,347878000,None,None,None,50690000,None,856287000,None,None,None,None,None,813914000,None,None,None,0.452,,659007000,1109067000,444000000,469938000,None,None,None,,,,,0.227,7.18,5.32,,,,,,,,0.279,,493012000,2025-10-30,quarterly,2.47,USD,pre-market,277724000,265435000,0.126,0.407,0.03,23.35,379248000,1330115000,1303662000,228122000,113.48,122.57,14.8837,6517417000,3669377000,2451334000,2652097000,2848040000,200763000,2028400000,3772225000,19.3,None,127.86,86.16
2025-12-28,GILD,6.46,29087001000.0,19.3,None,0.331,17.34,,None,722884000,722884000,,,,,,,,,921000,1933108000,None,260326000,260326000,396208000,None,None,979802000,None,None,35777000,,3.14,0.025,,,,1.43,0.32,1109067000,1144844000,2.15,2008-03-31,14.18,None,22896001000.0,1768074000,1161792000,347878000,None,None,None,50690000,None,661093000,None,None,1300000000,None,None,813914000,None,None,None,0.452,,659007000,1109067000,393167000,491539000,None,None,None,,,,,0.227,7.18,5.32,,,,,,,,0.279,,455759000,2025-10-30,quarterly,2.47,USD,pre-market,277724000,-34616000,0.126,0.407,0.03,23.35,379248000,1310503000,216000,191311000,113.48,122.57,14.8837,5879003000,2948257000,939005000,2439510000,2930746000,1500505000,2028400000,3329482000,19.3,None,127.86,86.16
2025-12-28,GILD,6.46,29087001000.0,19.3,None,0.331,17.34,,None,968086000,968086000,,,,,,,,,932000,1853926000,None,260326000,260326000,290333000,None,None,795127000,None,None,35777000,,3.14,0.025,,,,1.43,0.32,1109067000,1144844000,2.15,2007-12-31,14.18,None,22896001000.0,1768074000,1161792000,347878000,None,None,None,50690000,None,599966000,None,None,1300621000,None,None,813914000,None,None,None,0.452,,659007000,1109067000,461221000,289677000,None,None,None,,,,,0.227,7.18,5.32,,,,,,,,0.279,,447696000,2025-10-30,quarterly,2.47,USD,pre-market,277724000,249080000,0.126,0.407,0.03,23.35,379248000,1311890000,286000,203892000,113.48,122.57,14.8837,5834716000,3028292000,736275000,2234427000,2806424000,1498152000,2028400000,3459990000,19.3,None,127.86,86.16
2025-12-28,GILD,6.46,29087001000.0,19.3,None,0.331,17.34,,None,584128000,584128000,,,,,,,,,929000,1918086000,None,260326000,260326000,264496000,None,None,803628000,None,None,35777000,,3.14,0.025,,,,1.43,0.32,1109067000,1144844000,2.15,2007-09-30,14.18,129898000,22896001000.0,1768074000,1161792000,347878000,129898000,129898000,None,50690000,None,565692000,None,None,1300000000,None,None,813914000,None,None,None,0.452,,659007000,1109067000,408958000,394136000,None,None,None,,,,,0.227,7.18,5.32,,,,,,,,0.279,,441797000,2025-10-30,quarterly,2.47,USD,pre-market,277724000,-121556000,0.126,0.407,0.03,23.35,379248000,1419341000,245000,182637000,113.48,122.57,14.8837,5317575000,2545043000,691439000,2174130000,2772532000,1482691000,2028400000,2981845000,19.3,None,127.86,86.16
2025-12-28,GILD,6.46,29087001000.0,19.3,None,0.331,17.34,,None,701648000,701648000,,,,,,,,,926000,1935856000,None,260326000,260326000,265264000,None,None,734512000,None,None,35777000,,3.14,0.025,,,,1.43,0.32,1109067000,1144844000,2.15,2007-06-30,14.18,130188000,22896001000.0,1768074000,1161792000,347878000,130188000,130188000,None,50690000,None,573340000,None,None,1300000000,None,None,813914000,None,None,None,0.452,,659007000,1109067000,262898000,406784000,None,None,None,,,,,0.227,7.18,5.32,,,,,,,,0.279,,391016000,2025-10-30,quarterly,2.47,USD,pre-market,277724000,-519875000,0.126,0.407,0.03,23.35,379248000,1407640000,305000,174776000,113.48,122.57,14.8837,4825780000,2447174000,751725000,2225037000,2378606000,1473312000,2028400000,2489063000,19.3,None,127.86,86.16
2025-12-28,GILD,6.46,29087001000.0,19.3,None,0.331,17.34,,None,729142000,729142000,,,,,,,,,466000,1925432000,None,260326000,260326000,297267000,None,None,692066000,None,None,35777000,,3.14,0.025,,,,1.43,0.32,1109067000,1144844000,2.15,2007-03-31,14.18,131409000,22896001000.0,1768074000,1161792000,347878000,131409000,131409000,None,50690000,None,522410000,None,None,1300000000,None,None,813914000,None,None,None,0.452,,659007000,1109067000,300347000,365889000,None,None,None,,,,,0.227,7.18,5.32,,,,,,,,0.279,,377067000,2025-10-30,quarterly,2.47,USD,pre-market,277724000,-498031000,0.126,0.407,0.03,23.35,379248000,1396273000,307000,196594000,113.48,122.57,14.8837,4615379000,2440559000,710486000,2174811000,2174820000,1464325000,2028400000,2382679000,19.3,None,127.86,86.16
2025-12-28,GILD,6.46,29087001000.0,19.3,None,0.331,17.34,,None,816007000,816007000,,,,,,,,,461000,1829732000,None,260326000,260326000,367029000,None,None,609320000,None,None,35777000,,3.14,0.025,,,,1.43,0.32,1109067000,1144844000,2.15,2006-12-31,14.18,None,22896001000.0,1768074000,1161792000,347878000,None,None,None,50690000,None,564145000,None,None,1380939000,None,None,813914000,None,None,None,0.452,,659007000,1109067000,318890000,334069000,None,None,None,,,,,0.227,7.18,5.32,,,,,,,,0.279,,361299000,2025-10-30,quarterly,2.47,USD,pre-market,277724000,-891363000,0.126,0.407,0.03,23.35,379248000,1410594000,18747000,120844000,113.48,122.57,14.8837,4085981000,2429206000,764276000,2217172000,1656775000,1452896000,2028400000,1815718000,19.3,None,127.86,86.16
2025-12-28,GILD,6.46,29087001000.0,19.3,None,0.331,17.34,,None,559580000,559580000,,,,,,,,,459000,1829732000,None,260326000,260326000,207806000,None,None,585050000,None,None,35777000,,3.14,0.025,,,,1.43,0.32,1109067000,1144844000,2.15,2006-09-30,14.18,None,22896001000.0,1768074000,1161792000,347878000,None,None,None,50690000,None,373266000,None,None,1380421000,None,None,813914000,None,None,None,0.452,,659007000,1109067000,220136000,297151000,None,None,None,,,,,0.227,7.18,5.32,,,,,,,,0.279,,288105000,2025-10-30,quarterly,2.47,USD,pre-market,277724000,774284000,0.126,0.407,0.03,23.35,379248000,1440536000,60115000,2294368000,113.48,122.57,14.8837,5299132000,4032400000,581829000,2000302000,1266732000,1418473000,2028400000,3298830000,19.3,None,127.86,86.16
2025-12-28,GILD,6.46,29087001000.0,19.3,None,0.331,17.34,,None,884449000,884449000,,,,,,,,,456000,1904868000,None,260326000,260326000,153817000,None,None,489319000,None,None,35777000,,3.14,0.025,,,,1.43,0.32,1109067000,1144844000,2.15,2006-06-30,14.18,None,22896001000.0,1768074000,1161792000,347878000,None,None,None,50690000,None,318713000,None,None,1439417000,None,None,813914000,None,None,None,0.452,,659007000,1109067000,196254000,280334000,None,None,None,,,,,0.227,7.18,5.32,,,,,,,,0.279,,253760000,2025-10-30,quarterly,2.47,USD,pre-market,277724000,826448000,0.126,0.407,0.03,23.35,379248000,1499666000,60249000,603134000,113.48,122.57,14.8837,5179648000,2491869000,507968000,1981734000,2687779000,1473766000,2028400000,3197914000,19.3,None,127.86,86.16
2025-12-28,GILD,6.46,29087001000.0,19.3,None,0.331,17.34,,None,268677000,268677000,,,,,,,,,463000,1927208000,None,260326000,260326000,60209000,None,None,433633000,None,None,35777000,,3.14,0.025,,,,1.43,0.32,1109067000,1144844000,2.15,2006-03-31,14.18,None,22896001000.0,1768074000,1161792000,347878000,None,None,None,50690000,None,224372000,None,None,184382000,None,None,813914000,None,None,None,0.452,,659007000,1109067000,177779000,288439000,None,None,None,,,,,0.227,7.18,5.32,,,,,,,,0.279,,240587000,2025-10-30,quarterly,2.47,USD,pre-market,277724000,1072346000,0.126,0.407,0.03,23.35,379248000,244756000,60374000,2270944000,113.48,122.57,14.8837,4036534000,3375405000,421903000,638072000,661129000,216169000,2028400000,3388413000,19.3,None,127.86,86.16
2025-12-28,GILD,6.46,29087001000.0,19.3,None,0.331,17.34,,None,707913000,707913000,,,,,,,,,460000,1824392000,None,260326000,260326000,70908000,None,None,396125000,None,None,35777000,,3.14,0.025,,,,1.43,0.32,1109067000,1144844000,2.15,2005-12-31,14.18,None,22896001000.0,1768074000,1161792000,347878000,None,None,None,50690000,None,216903000,None,None,240650000,None,None,813914000,None,None,None,0.452,,659007000,1109067000,168147000,219957000,None,None,None,,,,,0.227,7.18,5.32,,,,,,,,0.279,,242568000,2025-10-30,quarterly,2.47,USD,pre-market,277724000,809642000,0.126,0.407,0.03,23.35,379248000,300856000,60206000,1603120000,113.48,122.57,14.8837,3766316000,3092208000,465163000,738538000,674108000,273375000,2028400000,3027778000,19.3,None,127.86,86.16
2025-12-28,GILD,6.46,29087001000.0,19.3,None,0.331,17.34,,None,592722000,592722000,,,,,,,,,457000,1903860000,None,260326000,260326000,33134000,None,None,400623000,None,None,35777000,,3.14,0.025,,,,1.43,0.32,1109067000,1144844000,2.15,2005-09-30,14.18,None,22896001000.0,1768074000,1161792000,347878000,None,None,None,50690000,None,174040000,None,None,291000,None,None,813914000,None,None,None,0.452,,659007000,1109067000,62776000,216150000,None,None,None,,,,,0.227,7.18,5.32,,,,,,,,0.279,,238310000,2025-10-30,quarterly,2.47,USD,pre-market,277724000,528040000,0.126,0.407,0.03,23.35,379248000,409000,118000,1067554000,113.48,122.57,14.8837,2918685000,2297715000,267866000,301820000,620970000,33954000,2028400000,2618330000,19.3,None,127.86,86.16
2025-12-28,GILD,6.46,29087001000.0,19.3,None,0.331,17.34,,None,9991000000,9991000000,,,,,,,,,1000000,1255000000,None,260326000,260326000,833000000,None,1815000000,4420000000,None,None,35777000,,3.14,0.025,,,,1.43,0.32,1109067000,1144844000,2.15,2024-12-31,14.18,8314000000,22896001000.0,1768074000,1161792000,347878000,19948000000,19948000000,None,50690000,None,1710000000,None,None,24896000000,None,0,813914000,None,None,None,0.452,,659007000,1109067000,1475000000,8526000000,None,1295000000,None,,,,,0.227,7.18,5.32,,,,,,,,0.279,,None,2025-10-30,annual,2.47,USD,pre-market,277724000,11497000000,0.126,0.407,0.03,23.35,379248000,26711000000,1815000000,1577000000,113.48,122.57,14.8837,58995000000,19173000000,12004000000,39749000000,39822000000,27745000000,2028400000,19330000000,19.3,None,127.86,86.16
2025-12-28,GILD,6.46,29087001000.0,19.3,None,0.331,17.34,,None,6085000000,6085000000,,,,,,,,,1000000,1258000000,None,260326000,260326000,550000000,None,1798000000,4660000000,None,None,35777000,,3.14,0.025,,,,1.43,0.32,1109067000,1144844000,2.15,2023-12-31,14.18,8314000000,22896001000.0,1768074000,1161792000,347878000,26454000000,26454000000,None,50690000,None,1787000000,None,None,23189000000,None,1163000000,813914000,None,None,None,0.452,,659007000,1109067000,2374000000,7724000000,None,1280000000,None,,,,,0.227,7.18,5.32,,,,,,,,0.279,,None,2025-10-30,annual,2.47,USD,pre-market,277724000,16304000000,0.126,0.407,0.03,23.35,379248000,24987000000,1798000000,1179000000,113.48,122.57,14.8837,62125000000,16085000000,11280000000,39376000000,46040000000,28096000000,2028400000,22833000000,19.3,0,127.86,86.16
2025-12-28,GILD,6.46,29087001000.0,19.3,None,0.331,17.34,,None,5412000000,5412000000,,,,,,,,,1000000,1262000000,None,260326000,260326000,905000000,None,2273000000,4777000000,None,None,35777000,,3.14,0.025,,,,1.43,0.32,1109067000,1144844000,2.15,2022-12-31,14.18,8314000000,22896001000.0,1768074000,1161792000,347878000,28893000000,28893000000,None,50690000,None,1507000000,None,None,22957000000,None,1245000000,813914000,None,None,None,0.452,,659007000,1109067000,1774000000,7101000000,None,5095000000,None,,,,,0.227,7.18,5.32,,,,,,,,0.279,,5475000000,2025-10-30,annual,2.47,USD,pre-market,277724000,15687000000,0.126,0.407,0.03,23.35,379248000,25230000000,2273000000,973000000,113.48,122.57,14.8837,63171000000,14443000000,11238000000,41962000000,48727000000,30724000000,2028400000,21240000000,19.3,0,127.86,86.16
2025-12-28,GILD,6.46,29087001000.0,19.3,None,0.331,17.34,,None,5338000000,5338000000,,,,,,,,,1000000,1262000000,None,260326000,260326000,705000000,None,1516000000,4493000000,None,None,35777000,,3.14,0.025,,,,1.43,0.32,1109067000,1144844000,2.15,2021-12-31,14.18,8332000000,22896001000.0,1768074000,1161792000,347878000,33455000000,33455000000,None,50690000,None,1618000000,None,None,25179000000,None,1309000000,813914000,None,None,None,0.452,,659007000,1109067000,2141000000,8850000000,None,5743000000,None,,,,,0.227,7.18,5.32,,,,,,,,0.279,,5121000000,2025-10-30,annual,2.47,USD,pre-market,277724000,16324000000,0.126,0.407,0.03,23.35,379248000,26695000000,1516000000,1182000000,113.48,122.57,14.8837,67952000000,14772000000,11610000000,46888000000,53180000000,35278000000,2028400000,21069000000,19.3,0,127.86,86.16
2025-12-28,GILD,6.46,29087001000.0,19.3,None,0.331,17.34,,None,5997000000,5997000000,,,,,,,,,1000000,1263000000,None,260326000,260326000,844000000,None,2757000000,4892000000,None,None,35777000,,3.14,0.025,,,,1.43,0.32,1109067000,1144844000,2.15,2020-12-31,14.18,8108000000,22896001000.0,1768074000,1161792000,347878000,33126000000,33126000000,None,50690000,None,1683000000,None,None,28645000000,None,502000000,813914000,None,None,None,0.452,,659007000,1109067000,2013000000,7198000000,None,10144000000,None,,,,,0.227,7.18,5.32,,,,,,,,0.279,,4967000000,2025-10-30,annual,2.47,USD,pre-market,277724000,14381000000,0.126,0.407,0.03,23.35,379248000,31402000000,2757000000,1411000000,113.48,122.57,14.8837,68407000000,15996000000,11397000000,50186000000,52411000000,38789000000,2028400000,18202000000,19.3,0,127.86,86.16
2025-12-28,GILD,6.46,29087001000.0,19.3,None,0.331,17.34,,None,11631000000,11631000000,,,,,,,,,1000000,1277000000,None,260326000,260326000,713000000,None,2499000000,3582000000,None,None,35777000,,3.14,0.025,,,,1.43,0.32,1109067000,1144844000,2.15,2019-12-31,14.18,4117000000,22896001000.0,1768074000,1161792000,347878000,13786000000,13786000000,None,50690000,None,922000000,None,None,22094000000,None,1488000000,813914000,None,None,None,0.452,,659007000,1109067000,1440000000,6260000000,None,7124000000,None,,,,,0.227,7.18,5.32,,,,,,,,0.279,,4502000000,2025-10-30,annual,2.47,USD,pre-market,277724000,19388000000,0.126,0.407,0.03,23.35,379248000,24593000000,2499000000,12721000000,113.48,122.57,14.8837,61627000000,30296000000,9759000000,38977000000,31331000000,29218000000,2028400000,22525000000,19.3,0,127.86,86.16
2025-12-28,GILD,6.46,29087001000.0,19.3,None,0.331,17.34,,None,17940000000,17940000000,,,,,,,,,1000000,1308000000,None,260326000,260326000,790000000,None,2748000000,3327000000,None,None,35777000,,3.14,0.025,,,,1.43,0.32,1109067000,1144844000,2.15,2018-12-31,14.18,4117000000,22896001000.0,1768074000,1161792000,347878000,15738000000,15738000000,None,50690000,None,814000000,None,None,24574000000,None,1423000000,813914000,None,None,None,0.452,,659007000,1109067000,1606000000,6877000000,None,6962000000,None,,,,,0.227,7.18,5.32,,,,,,,,0.279,,4006000000,2025-10-30,annual,2.47,USD,pre-market,277724000,19024000000,0.126,0.407,0.03,23.35,379248000,27322000000,2748000000,12149000000,113.48,122.57,14.8837,63675000000,35836000000,10605000000,42141000000,27839000000,31536000000,2028400000,21387000000,19.3,0,127.86,86.16
2025-12-28,GILD,6.46,29087001000.0,19.3,None,0.331,17.34,,None,7588000000,7588000000,,,,,,,,,1000000,1319000000,None,260326000,260326000,814000000,None,2747000000,3851000000,None,None,35777000,,3.14,0.025,,,,1.43,0.32,1109067000,1144844000,2.15,2017-12-31,14.18,4159000000,22896001000.0,1768074000,1161792000,347878000,17100000000,17100000000,None,50690000,None,801000000,None,None,30795000000,None,11184000000,813914000,None,None,None,0.452,,659007000,1109067000,1661000000,7361000000,None,7352000000,None,,,,,0.227,7.18,5.32,,,,,,,,0.279,,3295000000,2025-10-30,annual,2.47,USD,pre-market,277724000,19012000000,0.126,0.407,0.03,23.35,379248000,33542000000,2747000000,17922000000,113.48,122.57,14.8837,70283000000,31823000000,11635000000,49782000000,38460000000,38147000000,2028400000,20442000000,19.3,0,127.86,86.16
2025-12-28,GILD,6.46,29087001000.0,19.3,None,0.331,17.34,,None,8229000000,8229000000,,,,,,,,,1000000,1358000000,None,260326000,260326000,1206000000,None,26346000000,4514000000,None,None,35777000,,3.14,0.025,,,,1.43,0.32,1109067000,1144844000,2.15,2016-12-31,14.18,1172000000,22896001000.0,1768074000,1161792000,347878000,8971000000,8971000000,None,50690000,None,1587000000,None,None,26346000000,None,20485000000,813914000,None,None,None,0.452,,659007000,1109067000,1062000000,9219000000,None,2049000000,None,,,,,0.227,7.18,5.32,,,,,,,,0.279,,2865000000,2025-10-30,annual,2.47,USD,pre-market,277724000,18154000000,0.126,0.407,0.03,23.35,379248000,27754000000,1408000000,3666000000,113.48,122.57,14.8837,56977000000,38481000000,9219000000,37614000000,18496000000,28395000000,2028400000,19363000000,19.3,0,127.86,86.16
2025-12-28,GILD,6.46,29087001000.0,19.3,None,0.331,17.34,,None,12851000000,12851000000,,,,,,,,,1000000,1521000000,None,260326000,260326000,1178000000,None,982000000,5854000000,None,None,35777000,,3.14,0.025,,,,1.43,0.32,1109067000,1144844000,2.15,2015-12-31,14.18,1172000000,22896001000.0,1768074000,1161792000,347878000,10247000000,10247000000,None,50690000,None,1955000000,None,None,21195000000,None,11601000000,813914000,None,None,None,0.452,,659007000,1109067000,506000000,8271000000,None,1638000000,None,,,,,0.227,7.18,5.32,,,,,,,,0.279,,2276000000,2025-10-30,annual,2.47,USD,pre-market,277724000,18001000000,0.126,0.407,0.03,23.35,379248000,21197000000,2000000,1756000000,113.48,122.57,14.8837,51839000000,34017000000,9891000000,32726000000,17822000000,22835000000,2028400000,19113000000,19.3,0,127.86,86.16
2025-12-28,GILD,6.46,29087001000.0,19.3,None,0.331,17.34,,None,10027000000,10027000000,,,,,,,,,2000000,1647000000,None,260326000,260326000,955000000,None,483000000,4635000000,None,None,35777000,,3.14,0.025,,,,1.43,0.32,1109067000,1144844000,2.15,2014-12-31,14.18,1172000000,22896001000.0,1768074000,1161792000,347878000,11073000000,11073000000,None,50690000,None,1386000000,None,None,11921000000,None,1598000000,813914000,None,None,None,0.452,,659007000,1109067000,472000000,4514000000,None,1097000000,None,,,,,0.227,7.18,5.32,,,,,,,,0.279,,1674000000,2025-10-30,annual,2.47,USD,pre-market,277724000,12732000000,0.126,0.407,0.03,23.35,379248000,11936000000,15000000,101000000,113.48,122.57,14.8837,34664000000,17747000000,5618000000,18845000000,16917000000,13227000000,2028400000,15819000000,19.3,0,127.86,86.16
2025-12-28,GILD,6.46,29087001000.0,19.3,None,0.331,17.34,,None,2113000000,2113000000,,,,,,,,,2000000,1694747000,None,260326000,260326000,1256000000,None,None,2182000000,None,None,35777000,,3.14,0.025,,,,1.43,0.32,1109067000,1144844000,2.15,2013-12-31,14.18,1169000000,22896001000.0,1768074000,1161792000,347878000,11900000000,11900000000,None,50690000,None,1697000000,None,None,3938708000,None,None,813914000,None,None,None,0.452,,659007000,1109067000,986000000,2332145000,None,None,None,,,,,0.227,7.18,5.32,,,,,,,,0.279,,1166181000,2025-10-30,annual,2.47,USD,pre-market,277724000,6106000000,0.126,0.407,0.03,23.35,379248000,6636000000,2697000000,19000000,113.48,122.57,14.8837,22579000000,6997000000,6407000000,10834000000,15582000000,4427000000,2028400000,11370000000,19.3,0,127.86,86.16
2025-12-28,GILD,6.46,29087001000.0,19.3,None,0.331,17.34,,None,1803694000,1803694000,,,,,,,,,1519000,1582549000,None,260326000,260326000,1327339000,None,None,1751388000,None,None,35777000,,3.14,0.025,,,,1.43,0.32,1109067000,1144844000,2.15,2012-12-31,14.18,1060919000,22896001000.0,1768074000,1161792000,347878000,11736393000,11736393000,None,50690000,None,1744982000,None,None,7054555000,None,719836000,813914000,None,None,None,0.452,,659007000,1109067000,797727000,1624503000,None,343862000,None,,,,,0.227,7.18,5.32,,,,,,,,0.279,,1100259000,2025-10-30,annual,2.47,USD,pre-market,277724000,3704744000,0.126,0.407,0.03,23.35,379248000,8224045000,1169490000,58556000,113.48,122.57,14.8837,21239838000,6156347000,4237897000,11696116000,15083491000,7458219000,2028400000,9302592000,19.3,0,127.86,86.16
2025-12-28,GILD,6.46,29087001000.0,19.3,None,0.331,17.34,,None,9883777000,9883777000,,,,,,,,,753000,1580236000,None,260326000,260326000,1206052000,None,None,1951167000,None,None,35777000,,3.14,0.025,,,,1.43,0.32,1109067000,1144844000,2.15,2011-12-31,14.18,1004102000,22896001000.0,1768074000,1161792000,347878000,1062864000,1062864000,None,50690000,None,1389983000,None,None,7605734000,None,63704000,813914000,None,None,None,0.452,,659007000,1109067000,677367000,1191918000,None,147736000,None,,,,,0.227,7.18,5.32,,,,,,,,0.279,,774406000,2025-10-30,annual,2.47,USD,pre-market,277724000,1776760000,0.126,0.407,0.03,23.35,379248000,7607306000,1572000,16491000,113.48,122.57,14.8837,17303134000,13918785000,2514790000,10435785000,3384349000,7920995000,2028400000,6738856000,19.3,0,127.86,86.16
2025-12-28,GILD,6.46,29087001000.0,19.3,None,0.331,17.34,,None,907879000,907879000,,,,,,,,,802000,1746792000,None,260326000,260326000,803025000,None,None,1621966000,None,None,35777000,,3.14,0.025,,,,1.43,0.32,1109067000,1144844000,2.15,2010-12-31,14.18,532669000,22896001000.0,1768074000,1161792000,347878000,892923000,892923000,None,50690000,None,1203809000,None,None,2838573000,None,3219403000,813914000,None,None,None,0.452,,659007000,1109067000,783639000,910543000,None,134426000,None,,,,,0.227,7.18,5.32,,,,,,,,0.279,,701235000,2025-10-30,annual,2.47,USD,pre-market,277724000,1183730000,0.126,0.407,0.03,23.35,379248000,3484918000,646345000,1190789000,113.48,122.57,14.8837,11592630000,5708082000,2464950000,5470793000,5884548000,3005843000,2028400000,5863729000,19.3,0,127.86,86.16
2025-12-28,GILD,6.46,29087001000.0,19.3,None,0.331,17.34,,None,1272958000,1272958000,,,,,,,,,900000,1868218000,None,260326000,260326000,810544000,None,None,1389534000,None,None,35777000,,3.14,0.025,,,,1.43,0.32,1109067000,1144844000,2.15,2009-12-31,14.18,1524777000,22896001000.0,1768074000,1161792000,347878000,1524777000,1524777000,None,50690000,None,1051771000,None,None,1155443000,None,2247871000,813914000,None,None,None,0.452,,659007000,1109067000,714278000,759569000,None,123301000,None,,,,,0.227,7.18,5.32,,,,,,,,0.279,,699970000,2025-10-30,annual,2.47,USD,pre-market,277724000,1995272000,0.126,0.407,0.03,23.35,379248000,1254000000,11174000,384017000,113.48,122.57,14.8837,9698559000,4812558000,1871631000,3193401000,4886001000,1321770000,2028400000,6367065000,19.3,-6505158000,127.86,86.16
2025-12-28,GILD,6.46,29087001000.0,19.3,None,0.331,17.34,,None,1459302000,1459302000,,,,,,,,,910000,1917650000,None,260326000,260326000,601200000,None,None,1023397000,None,None,35777000,,3.14,0.025,,,,1.43,0.32,1109067000,1144844000,2.15,2008-12-31,14.18,123008000,22896001000.0,1768074000,1161792000,347878000,None,None,None,50690000,None,927868000,None,None,1299854000,None,None,813914000,None,None,None,0.452,,659007000,1109067000,537081000,526441000,None,None,None,,,,,0.227,7.18,5.32,,,,,,,,0.279,,528799000,2025-10-30,annual,2.47,USD,pre-market,277724000,300314000,0.126,0.407,0.03,23.35,379248000,1160244000,5631000,330760000,113.48,122.57,14.8837,6936831000,4278408000,1220992000,2471248000,2658423000,1250256000,2028400000,4272573000,19.3,None,127.86,86.16
2025-12-28,GILD,6.46,29087001000.0,19.3,None,0.331,17.34,,None,968086000,968086000,,,,,,,,,932000,1928712000,None,260326000,260326000,290333000,None,None,795127000,None,None,35777000,,3.14,0.025,,,,1.43,0.32,1109067000,1144844000,2.15,2007-12-31,14.18,None,22896001000.0,1768074000,1161792000,347878000,None,None,None,50690000,None,599966000,None,None,1300621000,None,None,813914000,None,None,None,0.452,,659007000,1109067000,461221000,289677000,None,None,None,,,,,0.227,7.18,5.32,,,,,,,,0.279,,447696000,2025-10-30,annual,2.47,USD,pre-market,277724000,249080000,0.126,0.407,0.03,23.35,379248000,1311890000,286000,203892000,113.48,122.57,14.8837,5834716000,3028292000,736275000,2234427000,2806424000,1498152000,2028400000,3459990000,19.3,None,127.86,86.16
2025-12-28,GILD,6.46,29087001000.0,19.3,None,0.331,17.34,,None,816007000,816007000,,,,,,,,,461000,1836424000,None,260326000,260326000,367029000,None,None,609320000,None,None,35777000,,3.14,0.025,,,,1.43,0.32,1109067000,1144844000,2.15,2006-12-31,14.18,None,22896001000.0,1768074000,1161792000,347878000,None,None,None,50690000,None,564145000,None,None,1380939000,None,None,813914000,None,None,None,0.452,,659007000,1109067000,318890000,334069000,None,None,None,,,,,0.227,7.18,5.32,,,,,,,,0.279,,361299000,2025-10-30,annual,2.47,USD,pre-market,277724000,-891363000,0.126,0.407,0.03,23.35,379248000,1410594000,18747000,120844000,113.48,122.57,14.8837,4085981000,2429206000,764276000,2217172000,1656775000,1452896000,2028400000,1815718000,19.3,None,127.86,86.16
2025-12-28,GILD,6.46,29087001000.0,19.3,None,0.331,17.34,,None,707913000,707913000,,,,,,,,,460000,1897136000,None,260326000,260326000,70908000,None,None,396125000,None,None,35777000,,3.14,0.025,,,,1.43,0.32,1109067000,1144844000,2.15,2005-12-31,14.18,None,22896001000.0,1768074000,1161792000,347878000,None,None,None,50690000,None,216903000,None,None,240650000,None,None,813914000,None,None,None,0.452,,659007000,1109067000,168147000,219957000,None,None,None,,,,,0.227,7.18,5.32,,,,,,,,0.279,,242568000,2025-10-30,annual,2.47,USD,pre-market,277724000,809642000,0.126,0.407,0.03,23.35,379248000,300856000,60206000,1603120000,113.48,122.57,14.8837,3766316000,3092208000,465163000,738538000,674108000,273375000,2028400000,3027778000,19.3,None,127.86,86.16
2025-12-28,GILD,6.46,29087001000.0,19.3,None,0.331,17.34,147000000,None,707913000,707913000,-1489000000,-427000000,None,None,-515000000,None,None,None,460000,1897136000,None,260326000,260326000,70908000,None,None,396125000,None,None,35777000,686000000,3.14,0.025,1005000000,1005000000,None,1.43,0.32,1109067000,1144844000,2.15,2025-09-30,14.18,None,22896001000.0,1768074000,1161792000,347878000,None,None,None,50690000,None,216903000,None,None,240650000,None,None,3052000000,None,None,None,0.452,4108000000,659007000,1109067000,168147000,219957000,None,None,None,None,None,None,None,0.227,7.18,5.32,None,None,None,None,None,-435000000,None,0.279,None,242568000,2025-10-30,quarterly,2.47,USD,pre-market,277724000,809642000,0.126,0.407,0.03,23.35,379248000,300856000,60206000,1603120000,113.48,122.57,14.8837,3766316000,3092208000,465163000,738538000,674108000,273375000,2028400000,3027778000,19.3,None,127.86,86.16
2025-12-28,GILD,6.46,29087001000.0,19.3,None,0.331,17.34,107000000,None,707913000,707913000,-1567000000,-2116000000,None,None,-175000000,None,None,None,460000,1897136000,None,260326000,260326000,70908000,None,None,396125000,None,None,35777000,691000000,3.14,0.025,994000000,994000000,None,1.43,0.32,1109067000,1144844000,2.15,2025-06-30,14.18,None,22896001000.0,1768074000,1161792000,347878000,None,None,None,50690000,None,216903000,None,None,240650000,None,None,1960000000,None,None,None,0.452,827000000,659007000,1109067000,168147000,219957000,None,None,None,None,None,None,None,0.227,7.18,5.32,None,None,None,None,None,-527000000,None,0.279,None,242568000,2025-10-30,quarterly,2.47,USD,pre-market,277724000,809642000,0.126,0.407,0.03,23.35,379248000,300856000,60206000,1603120000,113.48,122.57,14.8837,3766316000,3092208000,465163000,738538000,674108000,273375000,2028400000,3027778000,19.3,None,127.86,86.16
2025-12-28,GILD,6.46,29087001000.0,19.3,None,0.331,17.34,104000000,None,707913000,707913000,-3426000000,-415000000,None,None,-223000000,None,None,None,460000,1897136000,None,260326000,260326000,70908000,None,None,396125000,None,None,35777000,696000000,3.14,0.025,1010000000,1010000000,None,1.43,0.32,1109067000,1144844000,2.15,2025-03-31,14.18,None,22896001000.0,1768074000,1161792000,347878000,None,None,None,50690000,None,216903000,None,None,240650000,None,None,1315000000,None,None,None,0.452,1757000000,659007000,1109067000,168147000,219957000,None,None,None,None,None,None,None,0.227,7.18,5.32,None,None,None,None,None,-730000000,None,0.279,None,242568000,2025-10-30,quarterly,2.47,USD,pre-market,277724000,809642000,0.126,0.407,0.03,23.35,379248000,300856000,60206000,1603120000,113.48,122.57,14.8837,3766316000,3092208000,465163000,738538000,674108000,273375000,2028400000,3027778000,19.3,None,127.86,86.16
2025-12-28,GILD,6.46,29087001000.0,19.3,None,0.331,17.34,147000000,None,707913000,707913000,2260000000,-225000000,None,None,-226000000,None,None,None,460000,1897136000,None,260326000,260326000,70908000,None,None,396125000,None,None,35777000,693000000,3.14,0.025,973000000,973000000,None,1.43,0.32,1109067000,1144844000,2.15,2024-12-31,14.18,None,22896001000.0,1768074000,1161792000,347878000,None,None,None,50690000,None,216903000,None,None,240650000,None,None,1783000000,None,None,None,0.452,2975000000,659007000,1109067000,168147000,219957000,None,None,None,None,None,None,None,0.227,7.18,5.32,None,None,None,None,None,-350000000,None,0.279,None,242568000,2025-10-30,quarterly,2.47,USD,pre-market,277724000,809642000,0.126,0.407,0.03,23.35,379248000,300856000,60206000,1603120000,113.48,122.57,14.8837,3766316000,3092208000,465163000,738538000,674108000,273375000,2028400000,3027778000,19.3,None,127.86,86.16
2025-12-28,GILD,6.46,29087001000.0,19.3,None,0.331,17.34,141000000,None,707913000,707913000,-1379000000,-710000000,None,None,-85000000,None,None,None,460000,1897136000,None,260326000,260326000,70908000,None,None,396125000,None,None,35777000,690000000,3.14,0.025,983000000,983000000,None,1.43,0.32,1109067000,1144844000,2.15,2024-09-30,14.18,None,22896001000.0,1768074000,1161792000,347878000,None,None,None,50690000,None,216903000,None,None,240650000,None,None,1253000000,None,None,None,0.452,4309000000,659007000,1109067000,168147000,219957000,None,None,None,None,None,None,None,0.227,7.18,5.32,None,None,None,None,None,-300000000,None,0.279,None,242568000,2025-10-30,quarterly,2.47,USD,pre-market,277724000,809642000,0.126,0.407,0.03,23.35,379248000,300856000,60206000,1603120000,113.48,122.57,14.8837,3766316000,3092208000,465163000,738538000,674108000,273375000,2028400000,3027778000,19.3,None,127.86,86.16
2025-12-28,GILD,6.46,29087001000.0,19.3,None,0.331,17.34,130000000,None,707913000,707913000,-2953000000,-307000000,None,None,-70000000,None,None,None,460000,1897136000,None,260326000,260326000,70908000,None,None,396125000,None,None,35777000,694000000,3.14,0.025,972000000,972000000,None,1.43,0.32,1109067000,1144844000,2.15,2024-06-30,14.18,None,22896001000.0,1768074000,1161792000,347878000,None,None,None,50690000,None,216903000,None,None,240650000,None,None,1614000000,None,None,None,0.452,1325000000,659007000,1109067000,168147000,219957000,None,None,None,None,None,None,None,0.227,7.18,5.32,None,None,None,None,None,-100000000,None,0.279,None,242568000,2025-10-30,quarterly,2.47,USD,pre-market,277724000,809642000,0.126,0.407,0.03,23.35,379248000,300856000,60206000,1603120000,113.48,122.57,14.8837,3766316000,3092208000,465163000,738538000,674108000,273375000,2028400000,3027778000,19.3,None,127.86,86.16
2025-12-28,GILD,6.46,29087001000.0,19.3,None,0.331,17.34,105000000,None,707913000,707913000,-1361000000,-2207000000,None,None,-45000000,None,None,None,460000,1897136000,None,260326000,260326000,70908000,None,None,396125000,None,None,35777000,690000000,3.14,0.025,990000000,990000000,None,1.43,0.32,1109067000,1144844000,2.15,2024-03-31,14.18,None,22896001000.0,1768074000,1161792000,347878000,None,None,None,50690000,None,216903000,None,None,240650000,None,None,-4170000000,None,None,None,0.452,2219000000,659007000,1109067000,168147000,219957000,None,None,None,None,None,None,None,0.227,7.18,5.32,None,None,None,None,None,-400000000,None,0.279,None,242568000,2025-10-30,quarterly,2.47,USD,pre-market,277724000,809642000,0.126,0.407,0.03,23.35,379248000,300856000,60206000,1603120000,113.48,122.57,14.8837,3766316000,3092208000,465163000,738538000,674108000,273375000,2028400000,3027778000,19.3,None,127.86,86.16
2025-12-28,GILD,6.46,29087001000.0,19.3,None,0.331,17.34,215000000,None,707913000,707913000,-1099000000,-727000000,None,None,-307000000,None,None,None,460000,1897136000,None,260326000,260326000,70908000,None,None,396125000,None,None,35777000,688000000,3.14,0.025,943000000,943000000,None,1.43,0.32,1109067000,1144844000,2.15,2023-12-31,14.18,None,22896001000.0,1768074000,1161792000,347878000,None,None,None,50690000,None,216903000,None,None,240650000,None,None,1417000000,None,None,None,0.452,2169000000,659007000,1109067000,168147000,219957000,None,None,None,None,None,None,None,0.227,7.18,5.32,None,None,None,None,None,-150000000,None,0.279,None,242568000,2025-10-30,quarterly,2.47,USD,pre-market,277724000,809642000,0.126,0.407,0.03,23.35,379248000,300856000,60206000,1603120000,113.48,122.57,14.8837,3766316000,3092208000,465163000,738538000,674108000,273375000,2028400000,3027778000,19.3,None,127.86,86.16
2025-12-28,GILD,6.46,29087001000.0,19.3,None,0.331,17.34,122000000,None,707913000,707913000,-1519000000,-229000000,None,None,-82000000,None,None,None,460000,1897136000,None,260326000,260326000,70908000,None,None,396125000,None,None,35777000,684000000,3.14,0.025,953000000,953000000,None,1.43,0.32,1109067000,1144844000,2.15,2023-09-30,14.18,None,22896001000.0,1768074000,1161792000,347878000,None,None,None,50690000,None,216903000,None,None,240650000,None,None,2172000000,None,None,None,0.452,1755000000,659007000,1109067000,168147000,219957000,None,None,None,None,None,None,None,0.227,7.18,5.32,None,None,None,None,None,-300000000,None,0.279,None,242568000,2025-10-30,quarterly,2.47,USD,pre-market,277724000,809642000,0.126,0.407,0.03,23.35,379248000,300856000,60206000,1603120000,113.48,122.57,14.8837,3766316000,3092208000,465163000,738538000,674108000,273375000,2028400000,3027778000,19.3,None,127.86,86.16
2025-12-28,GILD,6.46,29087001000.0,19.3,None,0.331,17.34,139000000,None,707913000,707913000,-1101000000,-483000000,754000000,None,-226000000,None,None,-86000000,460000,1897136000,None,260326000,260326000,70908000,None,None,396125000,None,None,35777000,681000000,3.14,0.025,944000000,944000000,None,1.43,0.32,1109067000,1144844000,2.15,2023-06-30,14.18,None,22896001000.0,1768074000,1161792000,347878000,None,None,None,50690000,None,216903000,None,None,240650000,None,None,1039000000,None,None,None,0.452,2337000000,659007000,1109067000,168147000,219957000,None,None,None,None,None,None,None,0.227,7.18,5.32,None,None,None,None,None,-150000000,None,0.279,None,242568000,2025-10-30,quarterly,2.47,USD,pre-market,277724000,809642000,0.126,0.407,0.03,23.35,379248000,300856000,60206000,1603120000,113.48,122.57,14.8837,3766316000,3092208000,465163000,738538000,674108000,273375000,2028400000,3027778000,19.3,None,127.86,86.16
2025-12-28,GILD,6.46,29087001000.0,19.3,None,0.331,17.34,109000000,None,707913000,707913000,-1406000000,-826000000,-488000000,None,-227000000,None,None,635000000,460000,1897136000,None,260326000,260326000,70908000,None,None,396125000,None,None,35777000,94000000,3.14,0.025,969000000,969000000,None,1.43,0.32,1109067000,1144844000,2.15,2023-03-31,14.18,None,22896001000.0,1768074000,1161792000,347878000,None,None,None,50690000,None,216903000,None,None,240650000,None,None,985000000,None,None,None,0.452,1744000000,659007000,1109067000,168147000,219957000,None,None,None,None,None,None,None,0.227,7.18,5.32,None,None,None,None,None,-400000000,None,0.279,None,242568000,2025-10-30,quarterly,2.47,USD,pre-market,277724000,809642000,0.126,0.407,0.03,23.35,379248000,300856000,60206000,1603120000,113.48,122.57,14.8837,3766316000,3092208000,465163000,738538000,674108000,273375000,2028400000,3027778000,19.3,None,127.86,86.16
2025-12-28,GILD,6.46,29087001000.0,19.3,None,0.331,17.34,181000000,None,707913000,707913000,-1554000000,-375000000,638000000,None,-276000000,None,None,-281000000,460000,1897136000,None,260326000,260326000,70908000,None,None,396125000,None,None,35777000,528000000,3.14,0.025,915000000,915000000,None,1.43,0.32,1109067000,1144844000,2.15,2022-12-31,14.18,None,22896001000.0,1768074000,1161792000,347878000,None,None,None,50690000,None,216903000,None,None,240650000,None,None,1633000000,None,None,None,0.452,2566000000,659007000,1109067000,168147000,219957000,None,None,None,None,None,None,None,0.227,7.18,5.32,None,None,None,None,None,-792000000,None,0.279,None,242568000,2025-10-30,quarterly,2.47,USD,pre-market,277724000,809642000,0.126,0.407,0.03,23.35,379248000,300856000,60206000,1603120000,113.48,122.57,14.8837,3766316000,3092208000,465163000,738538000,674108000,273375000,2028400000,3027778000,19.3,None,127.86,86.16
2025-12-28,GILD,6.46,29087001000.0,19.3,None,0.331,17.34,157000000,None,707913000,707913000,-2118000000,-713000000,32000000,None,-95000000,None,None,-372000000,460000,1897136000,None,260326000,260326000,70908000,None,None,396125000,None,None,35777000,525000000,3.14,0.025,929000000,929000000,None,1.43,0.32,1109067000,1144844000,2.15,2022-09-30,14.18,None,22896001000.0,1768074000,1161792000,347878000,None,None,None,50690000,None,216903000,None,None,240650000,None,None,1786000000,None,None,None,0.452,2863000000,659007000,1109067000,168147000,219957000,None,None,None,None,None,None,None,0.227,7.18,5.32,None,None,None,None,None,-180000000,None,0.279,None,242568000,2025-10-30,quarterly,2.47,USD,pre-market,277724000,809642000,0.126,0.407,0.03,23.35,379248000,300856000,60206000,1603120000,113.48,122.57,14.8837,3766316000,3092208000,465163000,738538000,674108000,273375000,2028400000,3027778000,19.3,None,127.86,86.16
2025-12-28,GILD,6.46,29087001000.0,19.3,None,0.331,17.34,143000000,None,707913000,707913000,-1003000000,-308000000,491000000,None,8000000,None,None,-452000000,460000,1897136000,None,260326000,260326000,70908000,None,None,396125000,None,None,35777000,525000000,3.14,0.025,920000000,920000000,None,1.43,0.32,1109067000,1144844000,2.15,2022-06-30,14.18,None,22896001000.0,1768074000,1161792000,347878000,None,None,None,50690000,None,216903000,None,None,240650000,None,None,1135000000,None,None,None,0.452,1802000000,659007000,1109067000,168147000,219957000,None,None,None,None,None,None,None,0.227,7.18,5.32,None,None,None,None,None,-72000000,None,0.279,None,242568000,2025-10-30,quarterly,2.47,USD,pre-market,277724000,809642000,0.126,0.407,0.03,23.35,379248000,300856000,60206000,1603120000,113.48,122.57,14.8837,3766316000,3092208000,465163000,738538000,674108000,273375000,2028400000,3027778000,19.3,None,127.86,86.16
2025-12-28,GILD,6.46,29087001000.0,19.3,None,0.331,17.34,247000000,None,707913000,707913000,-1794000000,-1070000000,-1024000000,None,53000000,None,None,699000000,460000,1897136000,None,260326000,260326000,70908000,None,None,396125000,None,None,35777000,525000000,3.14,0.025,945000000,945000000,None,1.43,0.32,1109067000,1144844000,2.15,2022-03-31,14.18,None,22896001000.0,1768074000,1161792000,347878000,None,None,None,50690000,None,216903000,None,None,240650000,None,None,12000000,None,None,None,0.452,1840000000,659007000,1109067000,168147000,219957000,None,None,None,None,None,None,None,0.227,7.18,5.32,None,None,None,None,None,-352000000,None,0.279,None,242568000,2025-10-30,quarterly,2.47,USD,pre-market,277724000,809642000,0.126,0.407,0.03,23.35,379248000,300856000,60206000,1603120000,113.48,122.57,14.8837,3766316000,3092208000,465163000,738538000,674108000,273375000,2028400000,3027778000,19.3,None,127.86,86.16
2025-12-28,GILD,6.46,29087001000.0,19.3,None,0.331,17.34,156000000,None,707913000,707913000,-1942000000,-278000000,985000000,None,35000000,None,None,41000000,460000,1897136000,None,260326000,260326000,70908000,None,None,396125000,None,None,35777000,535000000,3.14,0.025,894000000,894000000,None,1.43,0.32,1109067000,1144844000,2.15,2021-12-31,14.18,None,22896001000.0,1768074000,1161792000,347878000,None,None,None,50690000,None,216903000,None,None,240650000,None,None,376000000,None,None,None,0.452,3205000000,659007000,1109067000,168147000,219957000,None,None,None,None,None,None,None,0.227,7.18,5.32,None,None,None,None,None,-49000000,None,0.279,None,242568000,2025-10-30,quarterly,2.47,USD,pre-market,277724000,809642000,0.126,0.407,0.03,23.35,379248000,300856000,60206000,1603120000,113.48,122.57,14.8837,3766316000,3092208000,465163000,738538000,674108000,273375000,2028400000,3027778000,19.3,None,127.86,86.16
2025-12-28,GILD,6.46,29087001000.0,19.3,None,0.331,17.34,139000000,None,707913000,707913000,-3527000000,-234000000,-508000000,None,70000000,None,None,-422000000,460000,1897136000,None,260326000,260326000,70908000,None,None,396125000,None,None,35777000,523000000,3.14,0.025,900000000,900000000,None,1.43,0.32,1109067000,1144844000,2.15,2021-09-30,14.18,None,22896001000.0,1768074000,1161792000,347878000,None,None,None,50690000,None,216903000,None,None,240650000,None,None,2586000000,None,None,None,0.452,3253000000,659007000,1109067000,168147000,219957000,None,None,None,None,None,None,None,0.227,7.18,5.32,None,None,None,None,None,-145000000,None,0.279,None,242568000,2025-10-30,quarterly,2.47,USD,pre-market,277724000,809642000,0.126,0.407,0.03,23.35,379248000,300856000,60206000,1603120000,113.48,122.57,14.8837,3766316000,3092208000,465163000,738538000,674108000,273375000,2028400000,3027778000,19.3,None,127.86,86.16
2025-12-28,GILD,6.46,29087001000.0,19.3,None,0.331,17.34,119000000,None,707913000,707913000,-931000000,-577000000,808000000,None,-25000000,None,None,-281000000,460000,1897136000,None,260326000,260326000,70908000,None,None,396125000,None,None,35777000,519000000,3.14,0.025,894000000,894000000,None,1.43,0.32,1109067000,1144844000,2.15,2021-06-30,14.18,None,22896001000.0,1768074000,1161792000,347878000,None,None,None,50690000,None,216903000,None,None,240650000,None,None,1517000000,None,None,None,0.452,2316000000,659007000,1109067000,168147000,219957000,None,None,None,None,None,None,None,0.227,7.18,5.32,None,None,None,None,None,-43000000,None,0.279,None,242568000,2025-10-30,quarterly,2.47,USD,pre-market,277724000,809642000,0.126,0.407,0.03,23.35,379248000,300856000,60206000,1603120000,113.48,122.57,14.8837,3766316000,3092208000,465163000,738538000,674108000,273375000,2028400000,3027778000,19.3,None,127.86,86.16
2025-12-28,GILD,6.46,29087001000.0,19.3,None,0.331,17.34,165000000,None,707913000,707913000,-2477000000,-2042000000,-1909000000,None,-69000000,None,None,975000000,460000,1897136000,None,260326000,260326000,70908000,None,None,396125000,None,None,35777000,473000000,3.14,0.025,917000000,917000000,None,1.43,0.32,1109067000,1144844000,2.15,2021-03-31,14.18,None,22896001000.0,1768074000,1161792000,347878000,None,None,None,50690000,None,216903000,None,None,240650000,None,None,1722000000,None,None,None,0.452,2610000000,659007000,1109067000,168147000,219957000,None,None,None,None,None,None,None,0.227,7.18,5.32,None,None,None,None,None,-309000000,None,0.279,None,242568000,2025-10-30,quarterly,2.47,USD,pre-market,277724000,809642000,0.126,0.407,0.03,23.35,379248000,300856000,60206000,1603120000,113.48,122.57,14.8837,3766316000,3092208000,465163000,738538000,674108000,273375000,2028400000,3027778000,19.3,None,127.86,86.16
2025-12-28,GILD,6.46,29087001000.0,19.3,None,0.331,17.34,181000000,None,707913000,707913000,131000000,-8977000000,-6930000000,None,-147000000,None,None,-837000000,460000,1897136000,None,260326000,260326000,70908000,None,None,396125000,None,None,35777000,427000000,3.14,0.025,858000000,858000000,None,1.43,0.32,1109067000,1144844000,2.15,2020-12-31,14.18,None,22896001000.0,1768074000,1161792000,347878000,None,None,None,50690000,None,216903000,None,None,240650000,None,None,1544000000,None,None,None,0.452,1916000000,659007000,1109067000,168147000,219957000,None,None,None,None,None,None,None,0.227,7.18,5.32,None,None,None,None,None,3495000000,None,0.279,None,242568000,2025-10-30,quarterly,2.47,USD,pre-market,277724000,809642000,0.126,0.407,0.03,23.35,379248000,300856000,60206000,1603120000,113.48,122.57,14.8837,3766316000,3092208000,465163000,738538000,674108000,273375000,2028400000,3027778000,19.3,None,127.86,86.16
2025-12-28,GILD,6.46,29087001000.0,19.3,None,0.331,17.34,155000000,None,707913000,707913000,4124000000,-271000000,6103000000,None,-26000000,None,None,-702000000,460000,1897136000,None,260326000,260326000,70908000,None,None,396125000,None,None,35777000,355000000,3.14,0.025,861000000,861000000,None,1.43,0.32,1109067000,1144844000,2.15,2020-09-30,14.18,None,22896001000.0,1768074000,1161792000,347878000,None,None,None,50690000,None,216903000,None,None,240650000,None,None,353000000,None,None,None,0.452,2250000000,659007000,1109067000,168147000,219957000,None,None,None,None,None,None,None,0.227,7.18,5.32,None,None,None,None,None,-201000000,None,0.279,None,242568000,2025-10-30,quarterly,2.47,USD,pre-market,277724000,809642000,0.126,0.407,0.03,23.35,379248000,300856000,60206000,1603120000,113.48,122.57,14.8837,3766316000,3092208000,465163000,738538000,674108000,273375000,2028400000,3027778000,19.3,None,127.86,86.16
2025-12-28,GILD,6.46,29087001000.0,19.3,None,0.331,17.34,143000000,None,707913000,707913000,-874000000,-5023000000,-3331000000,None,-37000000,None,None,744000000,460000,1897136000,None,260326000,260326000,70908000,None,None,396125000,None,None,35777000,349000000,3.14,0.025,856000000,856000000,None,1.43,0.32,1109067000,1144844000,2.15,2020-06-30,14.18,None,22896001000.0,1768074000,1161792000,347878000,None,None,None,50690000,None,216903000,None,None,240650000,None,None,-3346000000,None,None,None,0.452,2566000000,659007000,1109067000,168147000,219957000,None,None,None,None,None,None,None,0.227,7.18,5.32,None,None,None,None,None,-54000000,None,0.279,None,242568000,2025-10-30,quarterly,2.47,USD,pre-market,277724000,809642000,0.126,0.407,0.03,23.35,379248000,300856000,60206000,1603120000,113.48,122.57,14.8837,3766316000,3092208000,465163000,738538000,674108000,273375000,2028400000,3027778000,19.3,None,127.86,86.16
2025-12-28,GILD,6.46,29087001000.0,19.3,None,0.331,17.34,171000000,None,707913000,707913000,-2611000000,-344000000,-1519000000,None,15000000,None,None,-376000000,460000,1897136000,None,260326000,260326000,70908000,None,None,396125000,None,None,35777000,349000000,3.14,0.025,874000000,874000000,None,1.43,0.32,1109067000,1144844000,2.15,2020-03-31,14.18,None,22896001000.0,1768074000,1161792000,347878000,None,None,None,50690000,None,216903000,None,None,240650000,None,None,1538000000,None,None,None,0.452,1436000000,659007000,1109067000,168147000,219957000,None,None,None,None,None,None,None,0.227,7.18,5.32,None,None,None,None,None,-1328000000,None,0.279,None,242568000,2025-10-30,quarterly,2.47,USD,pre-market,277724000,809642000,0.126,0.407,0.03,23.35,379248000,300856000,60206000,1603120000,113.48,122.57,14.8837,3766316000,3092208000,465163000,738538000,674108000,273375000,2028400000,3027778000,19.3,None,127.86,86.16
2025-12-28,GILD,6.46,29087001000.0,19.3,None,0.331,17.34,203000000,None,707913000,707913000,-896000000,431000000,2115000000,None,-60000000,None,None,-251000000,460000,1897136000,None,260326000,260326000,70908000,None,None,396125000,None,None,35777000,350000000,3.14,0.025,801000000,801000000,None,1.43,0.32,1109067000,1144844000,2.15,2019-12-31,14.18,None,22896001000.0,1768074000,1161792000,347878000,None,None,None,50690000,None,216903000,None,None,240650000,None,None,2689000000,None,None,None,0.452,2580000000,659007000,1109067000,168147000,219957000,None,None,None,None,None,None,None,0.227,7.18,5.32,None,None,None,None,None,-105000000,None,0.279,None,242568000,2025-10-30,quarterly,2.47,USD,pre-market,277724000,809642000,0.126,0.407,0.03,23.35,379248000,300856000,60206000,1603120000,113.48,122.57,14.8837,3766316000,3092208000,465163000,738538000,674108000,273375000,2028400000,3027778000,19.3,None,127.86,86.16
2025-12-28,GILD,6.46,29087001000.0,19.3,None,0.331,17.34,200000000,None,707913000,707913000,-2515000000,-1841000000,-1722000000,None,-23000000,None,None,101000000,460000,1897136000,None,260326000,260326000,70908000,None,None,396125000,None,None,35777000,347000000,3.14,0.025,804000000,804000000,None,1.43,0.32,1109067000,1144844000,2.15,2019-09-30,14.18,None,22896001000.0,1768074000,1161792000,347878000,None,None,None,50690000,None,216903000,None,None,240650000,None,None,-1168000000,None,None,None,0.452,2645000000,659007000,1109067000,168147000,219957000,None,None,None,None,None,None,None,0.227,7.18,5.32,None,None,None,None,None,-222000000,None,0.279,None,242568000,2025-10-30,quarterly,2.47,USD,pre-market,277724000,809642000,0.126,0.407,0.03,23.35,379248000,300856000,60206000,1603120000,113.48,122.57,14.8837,3766316000,3092208000,465163000,738538000,674108000,273375000,2028400000,3027778000,19.3,None,127.86,86.16
2025-12-28,GILD,6.46,29087001000.0,19.3,None,0.331,17.34,185000000,None,707913000,707913000,-1857000000,-6163000000,-5687000000,-9000000,3000000,None,None,-100000000,460000,1897136000,None,260326000,260326000,70908000,None,None,396125000,None,None,35777000,348000000,3.14,0.025,800000000,800000000,None,1.43,0.32,1109067000,1144844000,2.15,2019-06-30,14.18,None,22896001000.0,1768074000,1161792000,347878000,None,None,None,50690000,None,216903000,None,None,240650000,None,None,1875000000,None,None,None,0.452,2342000000,659007000,1109067000,168147000,219957000,None,None,None,None,None,None,None,0.227,7.18,5.32,None,None,None,None,None,-588000000,None,0.279,None,242568000,2025-10-30,quarterly,2.47,USD,pre-market,277724000,809642000,0.126,0.407,0.03,23.35,379248000,300856000,60206000,1603120000,113.48,122.57,14.8837,3766316000,3092208000,465163000,738538000,674108000,273375000,2028400000,3027778000,19.3,None,127.86,86.16
2025-12-28,GILD,6.46,29087001000.0,19.3,None,0.331,17.34,237000000,None,707913000,707913000,-2366000000,-244000000,-1013000000,20000000,-15000000,None,None,32000000,460000,1897136000,None,260326000,260326000,70908000,None,None,396125000,None,None,35777000,359000000,3.14,0.025,817000000,817000000,None,1.43,0.32,1109067000,1144844000,2.15,2019-03-31,14.18,None,22896001000.0,1768074000,1161792000,347878000,None,None,None,50690000,None,216903000,None,None,240650000,None,None,1968000000,None,None,None,0.452,1577000000,659007000,1109067000,168147000,219957000,None,None,None,None,None,None,None,0.227,7.18,5.32,None,None,None,None,None,-834000000,None,0.279,None,242568000,2025-10-30,quarterly,2.47,USD,pre-market,277724000,809642000,0.126,0.407,0.03,23.35,379248000,300856000,60206000,1603120000,113.48,122.57,14.8837,3766316000,3092208000,465163000,738538000,674108000,273375000,2028400000,3027778000,19.3,None,127.86,86.16
2025-12-28,GILD,6.46,29087001000.0,19.3,None,0.331,17.34,248000000,None,707913000,707913000,-1670000000,2735000000,3371000000,-39000000,-119000000,None,None,113000000,460000,1897136000,None,260326000,260326000,70908000,None,None,396125000,None,None,35777000,358000000,3.14,0.025,736000000,736000000,None,1.43,0.32,1109067000,1144844000,2.15,2018-12-31,14.18,None,22896001000.0,1768074000,1161792000,347878000,None,None,None,50690000,None,216903000,None,None,240650000,None,None,3000000,None,None,None,0.452,2345000000,659007000,1109067000,168147000,219957000,None,None,None,None,None,None,None,0.227,7.18,5.32,None,None,None,None,None,-962000000,None,0.279,None,242568000,2025-10-30,quarterly,2.47,USD,pre-market,277724000,809642000,0.126,0.407,0.03,23.35,379248000,300856000,60206000,1603120000,113.48,122.57,14.8837,3766316000,3092208000,465163000,738538000,674108000,273375000,2028400000,3027778000,19.3,None,127.86,86.16
2025-12-28,GILD,6.46,29087001000.0,19.3,None,0.331,17.34,167000000,None,707913000,707913000,-2901000000,2025000000,5107000000,-72000000,-157000000,None,None,266000000,460000,1897136000,None,260326000,260326000,70908000,None,None,396125000,None,None,35777000,358000000,3.14,0.025,742000000,742000000,None,1.43,0.32,1109067000,1144844000,2.15,2018-09-30,14.18,None,22896001000.0,1768074000,1161792000,347878000,None,None,None,50690000,None,216903000,None,None,240650000,None,None,2099000000,None,None,None,0.452,2212000000,659007000,1109067000,168147000,219957000,None,None,None,None,None,None,None,0.227,7.18,5.32,None,None,None,None,None,-449000000,None,0.279,None,242568000,2025-10-30,quarterly,2.47,USD,pre-market,277724000,809642000,0.126,0.407,0.03,23.35,379248000,300856000,60206000,1603120000,113.48,122.57,14.8837,3766316000,3092208000,465163000,738538000,674108000,273375000,2028400000,3027778000,19.3,None,127.86,86.16
2025-12-28,GILD,6.46,29087001000.0,19.3,None,0.331,17.34,297000000,None,707913000,707913000,-1152000000,5241000000,1819000000,None,-20000000,None,None,None,460000,1897136000,None,260326000,260326000,70908000,None,None,396125000,None,None,35777000,356000000,3.14,0.025,740000000,740000000,None,1.43,0.32,1109067000,1144844000,2.15,2018-06-30,14.18,None,22896001000.0,1768074000,1161792000,347878000,None,None,None,50690000,None,216903000,None,None,240650000,None,None,1819000000,None,None,None,0.452,1573000000,659007000,1109067000,168147000,219957000,None,None,None,None,None,None,None,0.227,7.18,5.32,None,None,None,None,None,-450000000,None,0.279,None,242568000,2025-10-30,quarterly,2.47,USD,pre-market,277724000,809642000,0.126,0.407,0.03,23.35,379248000,300856000,60206000,1603120000,113.48,122.57,14.8837,3766316000,3092208000,465163000,738538000,674108000,273375000,2028400000,3027778000,19.3,None,127.86,86.16
2025-12-28,GILD,6.46,29087001000.0,19.3,None,0.331,17.34,212000000,None,707913000,707913000,-6595000000,4354000000,55000000,26000000,-14000000,None,None,101000000,460000,1897136000,None,260326000,260326000,70908000,None,None,396125000,None,None,35777000,357000000,3.14,0.025,753000000,753000000,None,1.43,0.32,1109067000,1144844000,2.15,2018-03-31,14.18,None,22896001000.0,1768074000,1161792000,347878000,None,None,None,50690000,None,216903000,None,None,240650000,None,None,1539000000,None,None,None,0.452,2270000000,659007000,1109067000,168147000,219957000,None,None,None,None,None,None,None,0.227,7.18,5.32,None,None,None,None,None,-1039000000,None,0.279,None,242568000,2025-10-30,quarterly,2.47,USD,pre-market,277724000,809642000,0.126,0.407,0.03,23.35,379248000,300856000,60206000,1603120000,113.48,122.57,14.8837,3766316000,3092208000,465163000,738538000,674108000,273375000,2028400000,3027778000,19.3,None,127.86,86.16
2025-12-28,GILD,6.46,29087001000.0,19.3,None,0.331,17.34,220000000,None,707913000,707913000,3347000000,-10016000000,-3920000000,-4000000,-174000000,None,None,281000000,460000,1897136000,None,260326000,260326000,70908000,None,None,396125000,None,None,35777000,397000000,3.14,0.025,682000000,682000000,None,1.43,0.32,1109067000,1144844000,2.15,2017-12-31,14.18,None,22896001000.0,1768074000,1161792000,347878000,None,None,None,50690000,None,216903000,None,None,240650000,None,None,-3836000000,None,None,None,0.452,2753000000,659007000,1109067000,168147000,219957000,None,None,None,None,None,None,None,0.227,7.18,5.32,None,None,None,None,None,-106000000,None,0.279,None,242568000,2025-10-30,quarterly,2.47,USD,pre-market,277724000,809642000,0.126,0.407,0.03,23.35,379248000,300856000,60206000,1603120000,113.48,122.57,14.8837,3766316000,3092208000,465163000,738538000,674108000,273375000,2028400000,3027778000,19.3,None,127.86,86.16
2025-12-28,GILD,6.46,29087001000.0,19.3,None,0.331,17.34,129000000,None,707913000,707913000,2170000000,-2114000000,2796000000,46000000,-65000000,None,None,355000000,460000,1897136000,None,260326000,260326000,70908000,None,None,396125000,None,None,35777000,297000000,3.14,0.025,682000000,682000000,None,1.43,0.32,1109067000,1144844000,2.15,2017-09-30,14.18,None,22896001000.0,1768074000,1161792000,347878000,None,None,None,50690000,None,216903000,None,None,240650000,None,None,2712000000,None,None,None,0.452,2694000000,659007000,1109067000,168147000,219957000,None,None,None,None,None,None,None,0.227,7.18,5.32,None,None,None,None,None,-153000000,None,0.279,None,242568000,2025-10-30,quarterly,2.47,USD,pre-market,277724000,809642000,0.126,0.407,0.03,23.35,379248000,300856000,60206000,1603120000,113.48,122.57,14.8837,3766316000,3092208000,465163000,738538000,674108000,273375000,2028400000,3027778000,19.3,None,127.86,86.16
2025-12-28,GILD,6.46,29087001000.0,19.3,None,0.331,17.34,123000000,None,707913000,707913000,-880000000,-4246000000,-1573000000,27000000,-9000000,None,None,-419000000,460000,1897136000,None,260326000,260326000,70908000,None,None,396125000,None,None,35777000,298000000,3.14,0.025,680000000,680000000,None,1.43,0.32,1109067000,1144844000,2.15,2017-06-30,14.18,None,22896001000.0,1768074000,1161792000,347878000,None,None,None,50690000,None,216903000,None,None,240650000,None,None,3069000000,None,None,None,0.452,3526000000,659007000,1109067000,168147000,219957000,None,None,None,None,None,None,None,0.227,7.18,5.32,None,None,None,None,None,-130000000,None,0.279,None,242568000,2025-10-30,quarterly,2.47,USD,pre-market,277724000,809642000,0.126,0.407,0.03,23.35,379248000,300856000,60206000,1603120000,113.48,122.57,14.8837,3766316000,3092208000,465163000,738538000,674108000,273375000,2028400000,3027778000,19.3,None,127.86,86.16
2025-12-28,GILD,6.46,29087001000.0,19.3,None,0.331,17.34,118000000,None,707913000,707913000,-1244000000,307000000,2056000000,68000000,-5000000,None,None,537000000,460000,1897136000,None,260326000,260326000,70908000,None,None,396125000,None,None,35777000,294000000,3.14,0.025,687000000,687000000,None,1.43,0.32,1109067000,1144844000,2.15,2017-03-31,14.18,None,22896001000.0,1768074000,1161792000,347878000,None,None,None,50690000,None,216903000,None,None,240650000,None,None,2699000000,None,None,None,0.452,2925000000,659007000,1109067000,168147000,219957000,None,None,None,None,None,None,None,0.227,7.18,5.32,None,None,None,None,None,-565000000,None,0.279,None,242568000,2025-10-30,quarterly,2.47,USD,pre-market,277724000,809642000,0.126,0.407,0.03,23.35,379248000,300856000,60206000,1603120000,113.48,122.57,14.8837,3766316000,3092208000,465163000,738538000,674108000,273375000,2028400000,3027778000,19.3,None,127.86,86.16
2025-12-28,GILD,6.46,29087001000.0,19.3,None,0.331,17.34,169000000,None,707913000,707913000,-2295000000,-2675000000,-1580000000,-96000000,-214000000,None,None,422000000,460000,1897136000,None,260326000,260326000,70908000,None,None,396125000,None,None,35777000,292000000,3.14,0.025,619000000,619000000,None,1.43,0.32,1109067000,1144844000,2.15,2016-12-31,14.18,None,22896001000.0,1768074000,1161792000,347878000,None,None,None,50690000,None,216903000,None,None,240650000,None,None,3099000000,None,None,None,0.452,3486000000,659007000,1109067000,168147000,219957000,None,None,None,None,None,None,None,0.227,7.18,5.32,None,None,None,None,None,-1000000000,None,0.279,None,242568000,2025-10-30,quarterly,2.47,USD,pre-market,277724000,809642000,0.126,0.407,0.03,23.35,379248000,300856000,60206000,1603120000,113.48,122.57,14.8837,3766316000,3092208000,465163000,738538000,674108000,273375000,2028400000,3027778000,19.3,None,127.86,86.16
2025-12-28,GILD,6.46,29087001000.0,19.3,None,0.331,17.34,198000000,None,707913000,707913000,2797000000,-3917000000,3324000000,51000000,-177000000,None,None,580000000,460000,1897136000,None,260326000,260326000,70908000,None,None,396125000,None,None,35777000,299000000,3.14,0.025,623000000,623000000,None,1.43,0.32,1109067000,1144844000,2.15,2016-09-30,14.18,None,22896001000.0,1768074000,1161792000,347878000,None,None,None,50690000,None,216903000,None,None,240650000,None,None,3325000000,None,None,None,0.452,4393000000,659007000,1109067000,168147000,219957000,None,None,None,None,None,None,None,0.227,7.18,5.32,None,None,None,None,None,-1000000000,None,0.279,None,242568000,2025-10-30,quarterly,2.47,USD,pre-market,277724000,809642000,0.126,0.407,0.03,23.35,379248000,300856000,60206000,1603120000,113.48,122.57,14.8837,3766316000,3092208000,465163000,738538000,674108000,273375000,2028400000,3027778000,19.3,None,127.86,86.16
2025-12-28,GILD,6.46,29087001000.0,19.3,None,0.331,17.34,204000000,None,707913000,707913000,-1561000000,-3284000000,170000000,30000000,-83000000,None,None,381000000,460000,1897136000,None,260326000,260326000,70908000,None,None,396125000,None,None,35777000,284000000,3.14,0.025,626000000,626000000,None,1.43,0.32,1109067000,1144844000,2.15,2016-06-30,14.18,None,22896001000.0,1768074000,1161792000,347878000,None,None,None,50690000,None,216903000,None,None,240650000,None,None,3497000000,None,None,None,0.452,4985000000,659007000,1109067000,168147000,219957000,None,None,None,None,None,None,None,0.227,7.18,5.32,None,None,None,None,None,-1001000000,None,0.279,None,242568000,2025-10-30,quarterly,2.47,USD,pre-market,277724000,809642000,0.126,0.407,0.03,23.35,379248000,300856000,60206000,1603120000,113.48,122.57,14.8837,3766316000,3092208000,465163000,738538000,674108000,273375000,2028400000,3027778000,19.3,None,127.86,86.16
2025-12-28,GILD,6.46,29087001000.0,19.3,None,0.331,17.34,177000000,None,707913000,707913000,-8613000000,-2109000000,-6536000000,56000000,-14000000,None,None,-191000000,460000,1897136000,None,260326000,260326000,70908000,None,None,396125000,None,None,35777000,283000000,3.14,0.025,587000000,587000000,None,1.43,0.32,1109067000,1144844000,2.15,2016-03-31,14.18,None,22896001000.0,1768074000,1161792000,347878000,None,None,None,50690000,None,216903000,None,None,240650000,None,None,3567000000,None,None,None,0.452,4130000000,659007000,1109067000,168147000,219957000,None,None,None,None,None,None,None,0.227,7.18,5.32,None,None,None,None,None,-8000000000,None,0.279,None,242568000,2025-10-30,quarterly,2.47,USD,pre-market,277724000,809642000,0.126,0.407,0.03,23.35,379248000,300856000,60206000,1603120000,113.48,122.57,14.8837,3766316000,3092208000,465163000,738538000,674108000,273375000,2028400000,3027778000,19.3,None,127.86,86.16
2025-12-28,GILD,6.46,29087001000.0,19.3,None,0.331,17.34,166000000,None,707913000,707913000,-3544000000,-2438000000,-1114000000,-6000000,-196000000,None,None,213000000,460000,1897136000,None,260326000,260326000,70908000,None,None,396125000,None,None,35777000,278000000,3.14,0.025,614000000,614000000,None,1.43,0.32,1109067000,1144844000,2.15,2015-12-31,14.18,None,22896001000.0,1768074000,1161792000,347878000,None,None,None,50690000,None,216903000,None,None,240650000,None,None,4685000000,None,None,None,0.452,4874000000,659007000,1109067000,168147000,219957000,None,None,None,None,None,None,None,0.227,7.18,5.32,None,None,None,None,None,-3051000000,None,0.279,None,242568000,2025-10-30,quarterly,2.47,USD,pre-market,277724000,809642000,0.126,0.407,0.03,23.35,379248000,300856000,60206000,1603120000,113.48,122.57,14.8837,3766316000,3092208000,465163000,738538000,674108000,273375000,2028400000,3027778000,19.3,None,127.86,86.16
2025-12-28,GILD,6.46,29087001000.0,19.3,None,0.331,17.34,286000000,None,707913000,707913000,6644000000,-4186000000,6548000000,-6000000,-25000000,None,None,-800000000,460000,1897136000,None,260326000,260326000,70908000,None,None,396125000,None,None,35777000,278000000,3.14,0.025,627000000,627000000,None,1.43,0.32,1109067000,1144844000,2.15,2015-09-30,14.18,None,22896001000.0,1768074000,1161792000,347878000,None,None,None,50690000,None,216903000,None,None,240650000,None,None,4592000000,None,None,None,0.452,4096000000,659007000,1109067000,168147000,219957000,None,None,None,None,None,None,None,0.227,7.18,5.32,None,None,None,None,None,-3050000000,None,0.279,None,242568000,2025-10-30,quarterly,2.47,USD,pre-market,277724000,809642000,0.126,0.407,0.03,23.35,379248000,300856000,60206000,1603120000,113.48,122.57,14.8837,3766316000,3092208000,465163000,738538000,674108000,273375000,2028400000,3027778000,19.3,None,127.86,86.16
2025-12-28,GILD,6.46,29087001000.0,19.3,None,0.331,17.34,171000000,None,707913000,707913000,-5341000000,-3552000000,-3218000000,17000000,-264000000,None,None,-462000000,460000,1897136000,None,260326000,260326000,70908000,None,None,396125000,None,None,35777000,273000000,3.14,0.025,633000000,633000000,None,1.43,0.32,1109067000,1144844000,2.15,2015-06-30,14.18,None,22896001000.0,1768074000,1161792000,347878000,None,None,None,50690000,None,216903000,None,None,240650000,None,None,4497000000,None,None,None,0.452,5658000000,659007000,1109067000,168147000,219957000,None,None,None,None,None,None,None,0.227,7.18,5.32,None,None,None,None,None,-900000000,None,0.279,None,242568000,2025-10-30,quarterly,2.47,USD,pre-market,277724000,809642000,0.126,0.407,0.03,23.35,379248000,300856000,60206000,1603120000,113.48,122.57,14.8837,3766316000,3092208000,465163000,738538000,674108000,273375000,2028400000,3027778000,19.3,None,127.86,86.16
2025-12-28,GILD,6.46,29087001000.0,19.3,None,0.331,17.34,124000000,None,707913000,707913000,-2722000000,-2299000000,608000000,-72000000,-370000000,None,None,-348000000,460000,1897136000,None,260326000,260326000,70908000,None,None,396125000,None,None,35777000,269000000,3.14,0.025,154000000,154000000,None,1.43,0.32,1109067000,1144844000,2.15,2015-03-31,14.18,None,22896001000.0,1768074000,1161792000,347878000,None,None,None,50690000,None,216903000,None,None,240650000,None,None,4332000000,None,None,None,0.452,5701000000,659007000,1109067000,168147000,219957000,None,None,None,None,None,None,None,0.227,7.18,5.32,None,None,None,None,None,-3001000000,None,0.279,None,242568000,2025-10-30,quarterly,2.47,USD,pre-market,277724000,809642000,0.126,0.407,0.03,23.35,379248000,300856000,60206000,1603120000,113.48,122.57,14.8837,3766316000,3092208000,465163000,738538000,674108000,273375000,2028400000,3027778000,19.3,None,127.86,86.16
2025-12-28,GILD,6.46,29087001000.0,19.3,None,0.331,17.34,167451000,None,707913000,707913000,1233876000,-404759000,3817746000,-32038000,42172000,None,None,-1751030000,460000,1897136000,None,260326000,260326000,70908000,None,None,396125000,None,None,35777000,275381000,3.14,0.025,4879829000,4879829000,None,1.43,0.32,1109067000,1144844000,2.15,2014-12-31,14.18,None,22896001000.0,1768074000,1161792000,347878000,None,None,None,50690000,None,216903000,None,None,240650000,None,None,3461665000,None,None,None,0.452,3020667000,659007000,1109067000,168147000,219957000,None,None,None,None,None,None,None,0.227,7.18,5.32,None,None,None,None,None,-2000523000,None,0.279,None,242568000,2025-10-30,quarterly,2.47,USD,pre-market,277724000,809642000,0.126,0.407,0.03,23.35,379248000,300856000,60206000,1603120000,113.48,122.57,14.8837,3766316000,3092208000,465163000,738538000,674108000,273375000,2028400000,3027778000,19.3,None,127.86,86.16
2025-12-28,GILD,6.46,29087001000.0,19.3,None,0.331,17.34,135000000,None,707913000,707913000,-5772000000,-770000000,-2521462000,-24010000,122000000,None,None,505425000,460000,1897136000,None,260326000,260326000,70908000,None,None,396125000,None,None,35777000,268000000,3.14,0.025,3775415000,3775415000,None,1.43,0.32,1109067000,1144844000,2.15,2014-09-30,14.18,None,22896001000.0,1768074000,1161792000,347878000,None,None,None,50690000,None,216903000,None,None,240650000,None,None,2724000000,None,None,None,0.452,4044000000,659007000,1109067000,168147000,219957000,None,None,None,None,None,None,None,0.227,7.18,5.32,None,None,None,None,None,-1698000000,None,0.279,None,242568000,2025-10-30,quarterly,2.47,USD,pre-market,277724000,809642000,0.126,0.407,0.03,23.35,379248000,300856000,60206000,1603120000,113.48,122.57,14.8837,3766316000,3092208000,465163000,738538000,674108000,273375000,2028400000,3027778000,19.3,None,127.86,86.16
2025-12-28,GILD,6.46,29087001000.0,19.3,None,0.331,17.34,91000000,None,707913000,707913000,-1371000000,-487000000,2326369000,-85000,64000000,None,None,-214775000,460000,1897136000,None,260326000,260326000,70908000,None,None,396125000,None,None,35777000,266000000,3.14,0.025,708081000,708081000,None,1.43,0.32,1109067000,1144844000,2.15,2014-06-30,14.18,None,22896001000.0,1768074000,1161792000,347878000,None,None,None,50690000,None,216903000,None,None,240650000,None,None,3650000000,None,None,None,0.452,4185000000,659007000,1109067000,168147000,219957000,None,None,None,None,None,None,None,0.227,7.18,5.32,None,None,None,None,None,-1200000000,None,0.279,None,242568000,2025-10-30,quarterly,2.47,USD,pre-market,277724000,809642000,0.126,0.407,0.03,23.35,379248000,300856000,60206000,1603120000,113.48,122.57,14.8837,3766316000,3092208000,465163000,738538000,674108000,273375000,2028400000,3027778000,19.3,None,127.86,86.16
2025-12-28,GILD,6.46,29087001000.0,19.3,None,0.331,17.34,164000000,None,707913000,707913000,2884000000,-161000000,4291347000,133000,-85000000,None,None,-1117620000,460000,1897136000,None,260326000,260326000,70908000,None,None,396125000,None,None,35777000,241000000,3.14,0.025,4569505000,4569505000,None,1.43,0.32,1109067000,1144844000,2.15,2014-03-31,14.18,None,22896001000.0,1768074000,1161792000,347878000,None,None,None,50690000,None,216903000,None,None,240650000,None,None,2223000000,None,None,None,0.452,1568000000,659007000,1109067000,168147000,219957000,None,None,None,None,None,None,None,0.227,7.18,5.32,None,None,None,None,None,-450000000,None,0.279,None,242568000,2025-10-30,quarterly,2.47,USD,pre-market,277724000,809642000,0.126,0.407,0.03,23.35,379248000,300856000,60206000,1603120000,113.48,122.57,14.8837,3766316000,3092208000,465163000,738538000,674108000,273375000,2028400000,3027778000,19.3,None,127.86,86.16
2025-12-28,GILD,6.46,29087001000.0,19.3,None,0.331,17.34,69472000,None,707913000,707913000,-845059000,216410000,102070000,3932000,-126493000,None,None,-88991000,460000,1897136000,None,260326000,260326000,70908000,None,None,396125000,None,None,35777000,127959000,3.14,0.025,1516533000,1516533000,None,1.43,0.32,1109067000,1144844000,2.15,2013-12-31,14.18,None,22896001000.0,1768074000,1161792000,347878000,None,None,None,50690000,None,216903000,None,None,240650000,None,None,786742000,None,None,None,0.452,726787000,659007000,1109067000,168147000,219957000,None,None,None,None,None,None,None,0.227,7.18,5.32,None,None,None,None,None,-400099000,None,0.279,None,242568000,2025-10-30,quarterly,2.47,USD,pre-market,277724000,809642000,0.126,0.407,0.03,23.35,379248000,300856000,60206000,1603120000,113.48,122.57,14.8837,3766316000,3092208000,465163000,738538000,674108000,273375000,2028400000,3027778000,19.3,None,127.86,86.16
2025-12-28,GILD,6.46,29087001000.0,19.3,None,0.331,17.34,37180000,None,707913000,707913000,-942233000,-8032000,-191440000,5729000,-15794000,None,None,-45042000,460000,1897136000,None,260326000,260326000,70908000,None,None,396125000,None,None,35777000,69242000,3.14,0.025,987782000,987782000,None,1.43,0.32,1109067000,1144844000,2.15,2013-09-30,14.18,None,22896001000.0,1768074000,1161792000,347878000,None,None,None,50690000,None,216903000,None,None,240650000,None,None,785216000,None,None,None,0.452,753096000,659007000,1109067000,168147000,219957000,None,None,None,None,None,None,None,0.227,7.18,5.32,None,None,None,None,None,-100020000,None,0.279,None,242568000,2025-10-30,quarterly,2.47,USD,pre-market,277724000,809642000,0.126,0.407,0.03,23.35,379248000,300856000,60206000,1603120000,113.48,122.57,14.8837,3766316000,3092208000,465163000,738538000,674108000,273375000,2028400000,3027778000,19.3,None,127.86,86.16
2025-12-28,GILD,6.46,29087001000.0,19.3,None,0.331,17.34,45276000,None,707913000,707913000,-557648000,-55477000,338204000,-1675000,-143747000,None,None,50515000,460000,1897136000,None,260326000,260326000,70908000,None,None,396125000,None,None,35777000,73177000,3.14,0.025,0,0,None,1.43,0.32,1109067000,1144844000,2.15,2013-06-30,14.18,None,22896001000.0,1768074000,1161792000,347878000,None,None,None,50690000,None,216903000,None,None,240650000,None,None,767618000,None,None,None,0.452,953004000,659007000,1109067000,168147000,219957000,None,None,None,None,None,None,None,0.227,7.18,5.32,None,None,None,None,None,76421000,None,0.279,None,242568000,2025-10-30,quarterly,2.47,USD,pre-market,277724000,809642000,0.126,0.407,0.03,23.35,379248000,300856000,60206000,1603120000,113.48,122.57,14.8837,3766316000,3092208000,465163000,738538000,674108000,273375000,2028400000,3027778000,19.3,None,127.86,86.16
2025-12-28,GILD,6.46,29087001000.0,19.3,None,0.331,17.34,38854000,None,707913000,707913000,-199001000,-407256000,60278000,-5566000,-57109000,None,None,-231781000,460000,1897136000,None,260326000,260326000,70908000,None,None,396125000,None,None,35777000,74326000,3.14,0.025,100771000,100771000,None,1.43,0.32,1109067000,1144844000,2.15,2013-03-31,14.18,None,22896001000.0,1768074000,1161792000,347878000,None,None,None,50690000,None,216903000,None,None,240650000,None,None,717710000,None,None,None,0.452,672101000,659007000,1109067000,168147000,219957000,None,None,None,None,None,None,None,0.227,7.18,5.32,None,None,None,None,None,-82239000,None,0.279,None,242568000,2025-10-30,quarterly,2.47,USD,pre-market,277724000,809642000,0.126,0.407,0.03,23.35,379248000,300856000,60206000,1603120000,113.48,122.57,14.8837,3766316000,3092208000,465163000,738538000,674108000,273375000,2028400000,3027778000,19.3,None,127.86,86.16
2025-12-28,GILD,6.46,29087001000.0,19.3,None,0.331,17.34,269871000,None,707913000,707913000,-509851000,50070000,252984000,7037000,-125182000,None,None,37155000,460000,1897136000,None,260326000,260326000,70908000,None,None,396125000,None,None,35777000,73631000,3.14,0.025,213856000,213856000,None,1.43,0.32,1109067000,1144844000,2.15,2012-12-31,14.18,None,22896001000.0,1768074000,1161792000,347878000,None,None,None,50690000,None,216903000,None,None,240650000,None,None,758959000,None,None,None,0.452,705728000,659007000,1109067000,168147000,219957000,None,None,None,None,None,None,None,0.227,7.18,5.32,None,None,None,None,None,-200041000,None,0.279,None,242568000,2025-10-30,quarterly,2.47,USD,pre-market,277724000,809642000,0.126,0.407,0.03,23.35,379248000,300856000,60206000,1603120000,113.48,122.57,14.8837,3766316000,3092208000,465163000,738538000,674108000,273375000,2028400000,3027778000,19.3,None,127.86,86.16
2025-12-28,GILD,6.46,29087001000.0,19.3,None,0.331,17.34,66584000,None,707913000,707913000,-307514000,-518044000,-74790000,5400000,-11552000,None,None,-19336000,460000,1897136000,None,260326000,260326000,70908000,None,None,396125000,None,None,35777000,70996000,3.14,0.025,2151000,2151000,None,1.43,0.32,1109067000,1144844000,2.15,2012-09-30,14.18,None,22896001000.0,1768074000,1161792000,347878000,None,None,None,50690000,None,216903000,None,None,240650000,None,None,671035000,None,None,None,0.452,745368000,659007000,1109067000,168147000,219957000,None,None,None,None,None,None,None,0.227,7.18,5.32,None,None,None,None,None,-205209000,None,0.279,None,242568000,2025-10-30,quarterly,2.47,USD,pre-market,277724000,809642000,0.126,0.407,0.03,23.35,379248000,300856000,60206000,1603120000,113.48,122.57,14.8837,3766316000,3092208000,465163000,738538000,674108000,273375000,2028400000,3027778000,19.3,None,127.86,86.16
2025-12-28,GILD,6.46,29087001000.0,19.3,None,0.331,17.34,37392000,None,707913000,707913000,-474879000,-634964000,173558000,-7250000,-186357000,None,None,376698000,460000,1897136000,None,260326000,260326000,70908000,None,None,396125000,None,None,35777000,67412000,3.14,0.025,1539000,1539000,None,1.43,0.32,1109067000,1144844000,2.15,2012-06-30,14.18,None,22896001000.0,1768074000,1161792000,347878000,None,None,None,50690000,None,216903000,None,None,240650000,None,None,706074000,None,None,None,0.452,1290651000,659007000,1109067000,168147000,219957000,None,None,None,None,None,None,None,0.227,7.18,5.32,None,None,None,None,None,-241021000,None,0.279,None,242568000,2025-10-30,quarterly,2.47,USD,pre-market,277724000,809642000,0.126,0.407,0.03,23.35,379248000,300856000,60206000,1603120000,113.48,122.57,14.8837,3766316000,3092208000,465163000,738538000,674108000,273375000,2028400000,3027778000,19.3,None,127.86,86.16
2025-12-28,GILD,6.46,29087001000.0,19.3,None,0.331,17.34,23199000,None,707913000,707913000,1855590000,-10743116000,-8431835000,2722000,-26833000,None,None,-196531000,460000,1897136000,None,260326000,260326000,70908000,None,None,396125000,None,None,35777000,66167000,3.14,0.025,2144121000,2144121000,None,1.43,0.32,1109067000,1144844000,2.15,2012-03-31,14.18,None,22896001000.0,1768074000,1161792000,347878000,None,None,None,50690000,None,216903000,None,None,240650000,None,None,437531000,None,None,None,0.452,452969000,659007000,1109067000,168147000,219957000,None,None,None,None,None,None,None,0.227,7.18,5.32,None,None,None,None,None,-20770000,None,0.279,None,242568000,2025-10-30,quarterly,2.47,USD,pre-market,277724000,809642000,0.126,0.407,0.03,23.35,379248000,300856000,60206000,1603120000,113.48,122.57,14.8837,3766316000,3092208000,465163000,738538000,674108000,273375000,2028400000,3027778000,19.3,None,127.86,86.16
2025-12-28,GILD,6.46,29087001000.0,19.3,None,0.331,17.34,26110000,None,707913000,707913000,3526620000,4440336000,8974418000,29355000,-64109000,None,None,-154343000,460000,1897136000,None,260326000,260326000,70908000,None,None,396125000,None,None,35777000,73425000,3.14,0.025,3674951000,3674951000,None,1.43,0.32,1109067000,1144844000,2.15,2011-12-31,14.18,None,22896001000.0,1768074000,1161792000,347878000,None,None,None,50690000,None,216903000,None,None,240650000,None,None,661759000,None,None,None,0.452,978107000,659007000,1109067000,168147000,219957000,None,None,None,None,None,None,None,0.227,7.18,5.32,None,None,None,None,None,-226302000,None,0.279,None,242568000,2025-10-30,quarterly,2.47,USD,pre-market,277724000,809642000,0.126,0.407,0.03,23.35,379248000,300856000,60206000,1603120000,113.48,122.57,14.8837,3766316000,3092208000,465163000,738538000,674108000,273375000,2028400000,3027778000,19.3,None,127.86,86.16
2025-12-28,GILD,6.46,29087001000.0,19.3,None,0.331,17.34,64289000,None,707913000,707913000,-876199000,-80320000,3580000,62993000,-22040000,None,None,573000,460000,1897136000,None,260326000,260326000,70908000,None,None,396125000,None,None,35777000,73001000,3.14,0.025,0,0,None,1.43,0.32,1109067000,1144844000,2.15,2011-09-30,14.18,None,22896001000.0,1768074000,1161792000,347878000,None,None,None,50690000,None,216903000,None,None,240650000,None,None,737538000,None,None,None,0.452,897106000,659007000,1109067000,168147000,219957000,None,None,None,None,None,None,None,0.227,7.18,5.32,None,None,None,None,None,-883968000,None,0.279,None,242568000,2025-10-30,quarterly,2.47,USD,pre-market,277724000,809642000,0.126,0.407,0.03,23.35,379248000,300856000,60206000,1603120000,113.48,122.57,14.8837,3766316000,3092208000,465163000,738538000,674108000,273375000,2028400000,3027778000,19.3,None,127.86,86.16
2025-12-28,GILD,6.46,29087001000.0,19.3,None,0.331,17.34,26635000,None,707913000,707913000,-1371962000,-469790000,-930199000,-31702000,-17470000,None,None,-114090000,460000,1897136000,None,260326000,260326000,70908000,None,None,396125000,None,None,35777000,74892000,3.14,0.025,0,0,None,1.43,0.32,1109067000,1144844000,2.15,2011-06-30,14.18,None,22896001000.0,1768074000,1161792000,347878000,None,None,None,50690000,None,216903000,None,None,240650000,None,None,742459000,None,None,None,0.452,943255000,659007000,1109067000,168147000,219957000,None,None,None,None,None,None,None,0.227,7.18,5.32,None,None,None,None,None,-724163000,None,0.279,None,242568000,2025-10-30,quarterly,2.47,USD,pre-market,277724000,809642000,0.126,0.407,0.03,23.35,379248000,300856000,60206000,1603120000,113.48,122.57,14.8837,3766316000,3092208000,465163000,738538000,674108000,273375000,2028400000,3027778000,19.3,None,127.86,86.16
2025-12-28,GILD,6.46,29087001000.0,19.3,None,0.331,17.34,14870000,None,707913000,707913000,485110000,-300381000,928099000,-77172000,-97174000,None,None,-107876000,460000,1897136000,None,260326000,260326000,70908000,None,None,396125000,None,None,35777000,80914000,3.14,0.025,0,0,None,1.43,0.32,1109067000,1144844000,2.15,2011-03-31,14.18,None,22896001000.0,1768074000,1161792000,347878000,None,None,None,50690000,None,216903000,None,None,240650000,None,None,647303000,None,None,None,0.452,820542000,659007000,1109067000,168147000,219957000,None,None,None,None,None,None,None,0.227,7.18,5.32,None,None,None,None,None,-548699000,None,0.279,None,242568000,2025-10-30,quarterly,2.47,USD,pre-market,277724000,809642000,0.126,0.407,0.03,23.35,379248000,300856000,60206000,1603120000,113.48,122.57,14.8837,3766316000,3092208000,465163000,738538000,674108000,273375000,2028400000,3027778000,19.3,None,127.86,86.16
2025-12-28,GILD,6.46,29087001000.0,19.3,None,0.331,17.34,23361000,None,707913000,707913000,-459656000,-407816000,-115114000,27515000,67073000,None,None,3206000,460000,1897136000,None,260326000,260326000,70908000,None,None,396125000,None,None,35777000,77517000,3.14,0.025,0,0,None,1.43,0.32,1109067000,1144844000,2.15,2010-12-31,14.18,None,22896001000.0,1768074000,1161792000,347878000,None,None,None,50690000,None,216903000,None,None,240650000,None,None,626365000,None,None,None,0.452,724843000,659007000,1109067000,168147000,219957000,None,None,None,None,None,None,None,0.227,7.18,5.32,None,None,None,None,None,-615538000,None,0.279,None,242568000,2025-10-30,quarterly,2.47,USD,pre-market,277724000,809642000,0.126,0.407,0.03,23.35,379248000,300856000,60206000,1603120000,113.48,122.57,14.8837,3766316000,3092208000,465163000,738538000,674108000,273375000,2028400000,3027778000,19.3,None,127.86,86.16
2025-12-28,GILD,6.46,29087001000.0,19.3,None,0.331,17.34,10806000,None,707913000,707913000,270450000,-1394129000,-459646000,-75389000,89280000,None,None,-109700000,460000,1897136000,None,260326000,260326000,70908000,None,None,396125000,None,None,35777000,69053000,3.14,0.025,2617925000,2617925000,None,1.43,0.32,1109067000,1144844000,2.15,2010-09-30,14.18,None,22896001000.0,1768074000,1161792000,347878000,None,None,None,50690000,None,216903000,None,None,240650000,None,None,702163000,None,None,None,0.452,739422000,659007000,1109067000,168147000,219957000,None,None,None,None,None,None,None,0.227,7.18,5.32,None,None,None,None,None,-1552974000,None,0.279,None,242568000,2025-10-30,quarterly,2.47,USD,pre-market,277724000,809642000,0.126,0.407,0.03,23.35,379248000,300856000,60206000,1603120000,113.48,122.57,14.8837,3766316000,3092208000,465163000,738538000,674108000,273375000,2028400000,3027778000,19.3,None,127.86,86.16
2025-12-28,GILD,6.46,29087001000.0,19.3,None,0.331,17.34,16051000,None,707913000,707913000,-1165536000,932972000,545759000,79244000,-142558000,None,None,-78467000,460000,1897136000,None,260326000,260326000,70908000,None,None,396125000,None,None,35777000,58801000,3.14,0.025,500000000,500000000,None,1.43,0.32,1109067000,1144844000,2.15,2010-06-30,14.18,None,22896001000.0,1768074000,1161792000,347878000,None,None,None,50690000,None,216903000,None,None,240650000,None,None,709127000,None,None,None,0.452,699079000,659007000,1109067000,168147000,219957000,None,None,None,None,None,None,None,0.227,7.18,5.32,None,None,None,None,None,-1691561000,None,0.279,None,242568000,2025-10-30,quarterly,2.47,USD,pre-market,277724000,809642000,0.126,0.407,0.03,23.35,379248000,300856000,60206000,1603120000,113.48,122.57,14.8837,3766316000,3092208000,465163000,738538000,674108000,273375000,2028400000,3027778000,19.3,None,127.86,86.16
2025-12-28,GILD,6.46,29087001000.0,19.3,None,0.331,17.34,11666000,None,707913000,707913000,16032000,-1068778000,-336078000,46099000,-174985000,None,None,-163914000,460000,1897136000,None,260326000,260326000,70908000,None,None,396125000,None,None,35777000,60106000,3.14,0.025,0,0,None,1.43,0.32,1109067000,1144844000,2.15,2010-03-31,14.18,None,22896001000.0,1768074000,1161792000,347878000,None,None,None,50690000,None,216903000,None,None,240650000,None,None,852094000,None,None,None,0.452,670569000,659007000,1109067000,168147000,219957000,None,None,None,None,None,None,None,0.227,7.18,5.32,None,None,None,None,None,-162520000,None,0.279,None,242568000,2025-10-30,quarterly,2.47,USD,pre-market,277724000,809642000,0.126,0.407,0.03,23.35,379248000,300856000,60206000,1603120000,113.48,122.57,14.8837,3766316000,3092208000,465163000,738538000,674108000,273375000,2028400000,3027778000,19.3,None,127.86,86.16
2025-12-28,GILD,6.46,29087001000.0,19.3,None,0.331,17.34,26987000,None,707913000,707913000,-324079000,-397684000,None,None,-35246000,None,None,None,460000,1897136000,None,260326000,260326000,70908000,None,None,396125000,None,None,35777000,64110000,3.14,0.025,0,0,None,1.43,0.32,1109067000,1144844000,2.15,2009-12-31,14.18,None,22896001000.0,1768074000,1161792000,347878000,None,None,None,50690000,None,216903000,None,None,240650000,None,None,799393000,None,None,None,0.452,955276000,659007000,1109067000,168147000,219957000,None,None,None,None,None,None,None,0.227,7.18,5.32,None,None,None,None,None,-242004000,None,0.279,None,242568000,2025-10-30,quarterly,2.47,USD,pre-market,277724000,809642000,0.126,0.407,0.03,23.35,379248000,300856000,60206000,1603120000,113.48,122.57,14.8837,3766316000,3092208000,465163000,738538000,674108000,273375000,2028400000,3027778000,19.3,None,127.86,86.16
2025-12-28,GILD,6.46,29087001000.0,19.3,None,0.331,17.34,18125000,None,707913000,707913000,-425325000,-426649000,None,None,-46892000,None,None,None,460000,1897136000,None,260326000,260326000,70908000,None,None,396125000,None,None,35777000,57051000,3.14,0.025,0,0,None,1.43,0.32,1109067000,1144844000,2.15,2009-09-30,14.18,None,22896001000.0,1768074000,1161792000,347878000,None,None,None,50690000,None,216903000,None,None,240650000,None,None,670478000,None,None,None,0.452,860531000,659007000,1109067000,168147000,219957000,None,None,None,None,None,None,None,0.227,7.18,5.32,None,None,None,None,None,-288247000,None,0.279,None,242568000,2025-10-30,quarterly,2.47,USD,pre-market,277724000,809642000,0.126,0.407,0.03,23.35,379248000,300856000,60206000,1603120000,113.48,122.57,14.8837,3766316000,3092208000,465163000,738538000,674108000,273375000,2028400000,3027778000,19.3,None,127.86,86.16
2025-12-28,GILD,6.46,29087001000.0,19.3,None,0.331,17.34,20874000,None,707913000,707913000,-156293000,-1063178000,None,None,18767000,None,None,None,460000,1897136000,None,260326000,260326000,70908000,None,None,396125000,None,None,35777000,52635000,3.14,0.025,400000000,400000000,None,1.43,0.32,1109067000,1144844000,2.15,2009-06-30,14.18,None,22896001000.0,1768074000,1161792000,347878000,None,None,None,50690000,None,216903000,None,None,240650000,None,None,569145000,None,None,None,0.452,622917000,659007000,1109067000,168147000,219957000,None,None,None,None,None,None,None,0.227,7.18,5.32,None,None,None,None,None,-238179000,None,0.279,None,242568000,2025-10-30,quarterly,2.47,USD,pre-market,277724000,809642000,0.126,0.407,0.03,23.35,379248000,300856000,60206000,1603120000,113.48,122.57,14.8837,3766316000,3092208000,465163000,738538000,674108000,273375000,2028400000,3027778000,19.3,None,127.86,86.16
2025-12-28,GILD,6.46,29087001000.0,19.3,None,0.331,17.34,164071000,None,707913000,707913000,-145741000,-328389000,None,None,-11895000,None,None,None,460000,1897136000,None,260326000,260326000,70908000,None,None,396125000,None,None,35777000,39148000,3.14,0.025,None,None,None,1.43,0.32,1109067000,1144844000,2.15,2009-03-31,14.18,None,22896001000.0,1768074000,1161792000,347878000,None,None,None,50690000,None,216903000,None,None,240650000,None,None,586576000,None,None,None,0.452,641330000,659007000,1109067000,168147000,219957000,None,None,None,None,None,None,None,0.227,7.18,5.32,None,None,None,None,None,-230065000,None,0.279,None,242568000,2025-10-30,quarterly,2.47,USD,pre-market,277724000,809642000,0.126,0.407,0.03,23.35,379248000,300856000,60206000,1603120000,113.48,122.57,14.8837,3766316000,3092208000,465163000,738538000,674108000,273375000,2028400000,3027778000,19.3,None,127.86,86.16
2025-12-28,GILD,6.46,29087001000.0,19.3,None,0.331,17.34,41660000,None,707913000,707913000,-648166000,238575000,None,None,-32344000,None,None,None,460000,1897136000,None,260326000,260326000,70908000,None,None,396125000,None,None,35777000,26831000,3.14,0.025,None,None,None,1.43,0.32,1109067000,1144844000,2.15,2008-12-31,14.18,None,22896001000.0,1768074000,1161792000,347878000,None,None,None,50690000,None,216903000,None,None,240650000,None,None,568194000,None,None,None,0.452,646030000,659007000,1109067000,168147000,219957000,None,None,None,None,None,None,None,0.227,7.18,5.32,None,None,None,None,None,-753514000,None,0.279,None,242568000,2025-10-30,quarterly,2.47,USD,pre-market,277724000,809642000,0.126,0.407,0.03,23.35,379248000,300856000,60206000,1603120000,113.48,122.57,14.8837,3766316000,3092208000,465163000,738538000,674108000,273375000,2028400000,3027778000,19.3,None,127.86,86.16
2025-12-28,GILD,6.46,29087001000.0,19.3,None,0.331,17.34,31398000,None,707913000,707913000,-134486000,-319078000,None,None,-44002000,None,None,None,460000,1897136000,None,260326000,260326000,70908000,None,None,396125000,None,None,35777000,8517000,3.14,0.025,None,None,None,1.43,0.32,1109067000,1144844000,2.15,2008-09-30,14.18,None,22896001000.0,1768074000,1161792000,347878000,None,None,None,50690000,None,216903000,None,None,240650000,None,None,523912000,None,None,None,0.452,512048000,659007000,1109067000,168147000,219957000,None,None,None,None,None,None,None,0.227,7.18,5.32,None,None,None,None,None,-250079000,None,0.279,None,242568000,2025-10-30,quarterly,2.47,USD,pre-market,277724000,809642000,0.126,0.407,0.03,23.35,379248000,300856000,60206000,1603120000,113.48,122.57,14.8837,3766316000,3092208000,465163000,738538000,674108000,273375000,2028400000,3027778000,19.3,None,127.86,86.16
2025-12-28,GILD,6.46,29087001000.0,19.3,None,0.331,17.34,25198000,None,707913000,707913000,-63470000,24900000,None,None,-196260000,None,None,None,460000,1897136000,None,260326000,260326000,70908000,None,None,396125000,None,None,35777000,37484000,3.14,0.025,None,None,None,1.43,0.32,1109067000,1144844000,2.15,2008-06-30,14.18,None,22896001000.0,1768074000,1161792000,347878000,None,None,None,50690000,None,216903000,None,None,240650000,None,None,432623000,None,None,None,0.452,441070000,659007000,1109067000,168147000,219957000,None,None,None,None,None,None,None,0.227,7.18,5.32,None,None,None,None,None,-150053000,None,0.279,None,242568000,2025-10-30,quarterly,2.47,USD,pre-market,277724000,809642000,0.126,0.407,0.03,23.35,379248000,300856000,60206000,1603120000,113.48,122.57,14.8837,3766316000,3092208000,465163000,738538000,674108000,273375000,2028400000,3027778000,19.3,None,127.86,86.16
2025-12-28,GILD,6.46,29087001000.0,19.3,None,0.331,17.34,16749000,None,707913000,707913000,-689722000,-123216000,None,None,-58120000,None,None,None,460000,1897136000,None,260326000,260326000,70908000,None,None,396125000,None,None,35777000,29635000,3.14,0.025,None,None,None,1.43,0.32,1109067000,1144844000,2.15,2008-03-31,14.18,None,22896001000.0,1768074000,1161792000,347878000,None,None,None,50690000,None,216903000,None,None,240650000,None,None,486425000,None,None,None,0.452,605511000,659007000,1109067000,168147000,219957000,None,None,None,None,None,None,None,0.227,7.18,5.32,None,None,None,None,None,-815936000,None,0.279,None,242568000,2025-10-30,quarterly,2.47,USD,pre-market,277724000,809642000,0.126,0.407,0.03,23.35,379248000,300856000,60206000,1603120000,113.48,122.57,14.8837,3766316000,3092208000,465163000,738538000,674108000,273375000,2028400000,3027778000,19.3,None,127.86,86.16
2025-12-28,GILD,6.46,29087001000.0,19.3,None,0.331,17.34,19322000,None,707913000,707913000,15337000,-129976000,None,None,-36580000,None,None,None,460000,1897136000,None,260326000,260326000,70908000,None,None,396125000,None,None,35777000,9465000,3.14,0.025,None,None,None,1.43,0.32,1109067000,1144844000,2.15,2007-12-31,14.18,None,22896001000.0,1768074000,1161792000,347878000,None,None,None,50690000,None,216903000,None,None,240650000,None,None,401642000,None,None,None,0.452,511986000,659007000,1109067000,168147000,219957000,None,None,None,None,None,None,None,0.227,7.18,5.32,None,None,None,None,None,-32655000,None,0.279,None,242568000,2025-10-30,quarterly,2.47,USD,pre-market,277724000,809642000,0.126,0.407,0.03,23.35,379248000,300856000,60206000,1603120000,113.48,122.57,14.8837,3766316000,3092208000,465163000,738538000,674108000,273375000,2028400000,3027778000,19.3,None,127.86,86.16
2025-12-28,GILD,6.46,29087001000.0,19.3,None,0.331,17.34,12496000,None,707913000,707913000,54152000,-400738000,None,None,8049000,None,None,None,460000,1897136000,None,260326000,260326000,70908000,None,None,396125000,None,None,35777000,15532000,3.14,0.025,None,None,None,1.43,0.32,1109067000,1144844000,2.15,2007-09-30,14.18,None,22896001000.0,1768074000,1161792000,347878000,None,None,None,50690000,None,216903000,None,None,240650000,None,None,398319000,None,None,None,0.452,251198000,659007000,1109067000,168147000,219957000,None,None,None,None,None,None,None,0.227,7.18,5.32,None,None,None,None,None,None,None,0.279,None,242568000,2025-10-30,quarterly,2.47,USD,pre-market,277724000,809642000,0.126,0.407,0.03,23.35,379248000,300856000,60206000,1603120000,113.48,122.57,14.8837,3766316000,3092208000,465163000,738538000,674108000,273375000,2028400000,3027778000,19.3,None,127.86,86.16
2025-12-28,GILD,6.46,29087001000.0,19.3,None,0.331,17.34,21789000,None,707913000,707913000,-355007000,-181322000,None,None,-48011000,None,None,None,460000,1897136000,None,260326000,260326000,70908000,None,None,396125000,None,None,35777000,14611000,3.14,0.025,None,None,None,1.43,0.32,1109067000,1144844000,2.15,2007-06-30,14.18,None,22896001000.0,1768074000,1161792000,347878000,None,None,None,50690000,None,216903000,None,None,240650000,None,None,407930000,None,None,None,0.452,511721000,659007000,1109067000,168147000,219957000,None,None,None,None,None,None,None,0.227,7.18,5.32,None,None,None,None,None,None,None,0.279,None,242568000,2025-10-30,quarterly,2.47,USD,pre-market,277724000,809642000,0.126,0.407,0.03,23.35,379248000,300856000,60206000,1603120000,113.48,122.57,14.8837,3766316000,3092208000,465163000,738538000,674108000,273375000,2028400000,3027778000,19.3,None,127.86,86.16
2025-12-28,GILD,6.46,29087001000.0,19.3,None,0.331,17.34,25041000,None,707913000,707913000,18219000,-590431000,None,None,41923000,None,None,None,460000,1897136000,None,260326000,260326000,70908000,None,None,396125000,None,None,35777000,11671000,3.14,0.025,None,None,None,1.43,0.32,1109067000,1144844000,2.15,2007-03-31,14.18,None,22896001000.0,1768074000,1161792000,347878000,None,None,None,50690000,None,216903000,None,None,240650000,None,None,407407000,None,None,None,0.452,490493000,659007000,1109067000,168147000,219957000,None,None,None,None,None,None,None,0.227,7.18,5.32,None,None,None,None,None,None,None,0.279,None,242568000,2025-10-30,quarterly,2.47,USD,pre-market,277724000,809642000,0.126,0.407,0.03,23.35,379248000,300856000,60206000,1603120000,113.48,122.57,14.8837,3766316000,3092208000,465163000,738538000,674108000,273375000,2028400000,3027778000,19.3,None,127.86,86.16
2025-12-28,GILD,6.46,29087001000.0,19.3,None,0.331,17.34,30213000,None,707913000,707913000,19427000,-237470000,None,None,-197358000,None,None,None,460000,1897136000,None,260326000,260326000,70908000,None,None,396125000,None,None,35777000,11767000,3.14,0.025,None,None,None,1.43,0.32,1109067000,1144844000,2.15,2006-12-31,14.18,None,22896001000.0,1768074000,1161792000,347878000,None,None,None,50690000,None,216903000,None,None,240650000,None,None,-1665647000,None,None,None,0.452,479508000,659007000,1109067000,168147000,219957000,None,None,None,None,None,None,None,0.227,7.18,5.32,None,None,None,None,None,1000,None,0.279,None,242568000,2025-10-30,quarterly,2.47,USD,pre-market,277724000,809642000,0.126,0.407,0.03,23.35,379248000,300856000,60206000,1603120000,113.48,122.57,14.8837,3766316000,3092208000,465163000,738538000,674108000,273375000,2028400000,3027778000,19.3,None,127.86,86.16
2025-12-28,GILD,6.46,29087001000.0,19.3,None,0.331,17.34,41411000,None,707913000,707913000,15058000,-587143000,None,None,-54367000,None,None,None,460000,1897136000,None,260326000,260326000,70908000,None,None,396125000,None,None,35777000,11684000,3.14,0.025,None,None,None,1.43,0.32,1109067000,1144844000,2.15,2006-09-30,14.18,None,22896001000.0,1768074000,1161792000,347878000,None,None,None,50690000,None,216903000,None,None,240650000,None,None,-52164000,None,None,None,0.452,250758000,659007000,1109067000,168147000,219957000,None,None,None,None,None,None,None,0.227,7.18,5.32,None,None,None,None,None,None,None,0.279,None,242568000,2025-10-30,quarterly,2.47,USD,pre-market,277724000,809642000,0.126,0.407,0.03,23.35,379248000,300856000,60206000,1603120000,113.48,122.57,14.8837,3766316000,3092208000,465163000,738538000,674108000,273375000,2028400000,3027778000,19.3,None,127.86,86.16
2025-12-28,GILD,6.46,29087001000.0,19.3,None,0.331,17.34,19326000,None,707913000,707913000,589999000,-224727000,None,None,-93355000,None,None,None,460000,1897136000,None,260326000,260326000,70908000,None,None,396125000,None,None,35777000,12590000,3.14,0.025,None,None,None,1.43,0.32,1109067000,1144844000,2.15,2006-06-30,14.18,None,22896001000.0,1768074000,1161792000,347878000,None,None,None,50690000,None,216903000,None,None,240650000,None,None,265150000,None,None,None,0.452,265899000,659007000,1109067000,168147000,219957000,None,None,None,None,None,None,None,0.227,7.18,5.32,None,None,None,None,None,None,None,0.279,None,242568000,2025-10-30,quarterly,2.47,USD,pre-market,277724000,809642000,0.126,0.407,0.03,23.35,379248000,300856000,60206000,1603120000,113.48,122.57,14.8837,3766316000,3092208000,465163000,738538000,674108000,273375000,2028400000,3027778000,19.3,None,127.86,86.16
2025-12-28,GILD,6.46,29087001000.0,19.3,None,0.331,17.34,14258000,None,707913000,707913000,24777000,-689994000,None,None,-13104000,None,None,None,460000,1897136000,None,260326000,260326000,70908000,None,None,396125000,None,None,35777000,11243000,3.14,0.025,None,None,None,1.43,0.32,1109067000,1144844000,2.15,2006-03-31,14.18,None,22896001000.0,1768074000,1161792000,347878000,None,None,None,50690000,None,216903000,None,None,240650000,None,None,262704000,None,None,None,0.452,221894000,659007000,1109067000,168147000,219957000,None,None,None,None,None,None,None,0.227,7.18,5.32,None,None,None,None,None,None,None,0.279,None,242568000,2025-10-30,quarterly,2.47,USD,pre-market,277724000,809642000,0.126,0.407,0.03,23.35,379248000,300856000,60206000,1603120000,113.48,122.57,14.8837,3766316000,3092208000,465163000,738538000,674108000,273375000,2028400000,3027778000,19.3,None,127.86,86.16
2025-12-28,GILD,6.46,29087001000.0,19.3,None,0.331,17.34,13042000,None,707913000,707913000,334905000,-561234000,None,None,-43874000,None,None,None,460000,1897136000,None,260326000,260326000,70908000,None,None,396125000,None,None,35777000,11873000,3.14,0.025,None,None,None,1.43,0.32,1109067000,1144844000,2.15,2005-12-31,14.18,None,22896001000.0,1768074000,1161792000,347878000,None,None,None,50690000,None,216903000,None,None,240650000,None,None,281602000,None,None,None,0.452,340449000,659007000,1109067000,168147000,219957000,None,None,None,None,None,None,None,0.227,7.18,5.32,None,None,None,None,None,None,None,0.279,None,242568000,2025-10-30,quarterly,2.47,USD,pre-market,277724000,809642000,0.126,0.407,0.03,23.35,379248000,300856000,60206000,1603120000,113.48,122.57,14.8837,3766316000,3092208000,465163000,738538000,674108000,273375000,2028400000,3027778000,19.3,None,127.86,86.16
2025-12-28,GILD,6.46,29087001000.0,19.3,None,0.331,17.34,11286000,None,707913000,707913000,29886000,-87089000,None,None,-7980000,None,None,None,460000,1897136000,None,260326000,260326000,70908000,None,None,396125000,None,None,35777000,11332000,3.14,0.025,None,None,None,1.43,0.32,1109067000,1144844000,2.15,2005-09-30,14.18,None,22896001000.0,1768074000,1161792000,347878000,None,None,None,50690000,None,216903000,None,None,240650000,None,None,179232000,None,None,None,0.452,-141401000,659007000,1109067000,168147000,219957000,None,None,None,None,None,None,None,0.227,7.18,5.32,None,None,None,None,None,None,None,0.279,None,242568000,2025-10-30,quarterly,2.47,USD,pre-market,277724000,809642000,0.126,0.407,0.03,23.35,379248000,300856000,60206000,1603120000,113.48,122.57,14.8837,3766316000,3092208000,465163000,738538000,674108000,273375000,2028400000,3027778000,19.3,None,127.86,86.16
2025-12-28,GILD,6.46,29087001000.0,19.3,None,0.331,17.34,523000000,None,707913000,707913000,-3433000000,-3449000000,None,None,-426000000,None,None,None,460000,1897136000,None,260326000,260326000,70908000,None,None,396125000,None,None,35777000,2767000000,3.14,0.025,3918000000,3918000000,None,1.43,0.32,1109067000,1144844000,2.15,2024-12-31,14.18,None,22896001000.0,1768074000,1161792000,347878000,None,None,None,50690000,None,216903000,None,None,240650000,None,None,480000000,None,None,None,0.452,10828000000,659007000,1109067000,168147000,219957000,None,None,None,None,None,None,None,0.227,7.18,5.32,None,None,None,None,None,-1150000000,None,0.279,None,242568000,2025-10-30,annual,2.47,USD,pre-market,277724000,809642000,0.126,0.407,0.03,23.35,379248000,300856000,60206000,1603120000,113.48,122.57,14.8837,3766316000,3092208000,465163000,738538000,674108000,273375000,2028400000,3027778000,19.3,None,127.86,86.16
2025-12-28,GILD,6.46,29087001000.0,19.3,None,0.331,17.34,585000000,None,707913000,707913000,-5125000000,-2265000000,None,None,-842000000,None,None,None,460000,1897136000,None,260326000,260326000,70908000,None,None,396125000,None,None,35777000,2693000000,3.14,0.025,3809000000,3809000000,None,1.43,0.32,1109067000,1144844000,2.15,2023-12-31,14.18,None,22896001000.0,1768074000,1161792000,347878000,None,None,None,50690000,None,216903000,None,None,240650000,None,None,5665000000,None,None,None,0.452,8006000000,659007000,1109067000,168147000,219957000,None,None,None,None,None,None,None,0.227,7.18,5.32,None,None,None,None,None,-1000000000,None,0.279,None,242568000,2025-10-30,annual,2.47,USD,pre-market,277724000,809642000,0.126,0.407,0.03,23.35,379248000,300856000,60206000,1603120000,113.48,122.57,14.8837,3766316000,3092208000,465163000,738538000,674108000,273375000,2028400000,3027778000,19.3,None,127.86,86.16
2025-12-28,GILD,6.46,29087001000.0,19.3,None,0.331,17.34,728000000,None,707913000,707913000,-6469000000,-2466000000,137000000,None,-310000000,None,None,-406000000,460000,1897136000,None,260326000,260326000,70908000,None,None,396125000,None,None,35777000,2103000000,3.14,0.025,3709000000,3709000000,None,1.43,0.32,1109067000,1144844000,2.15,2022-12-31,14.18,None,22896001000.0,1768074000,1161792000,347878000,None,None,None,50690000,None,216903000,None,None,240650000,None,None,4566000000,None,None,None,0.452,9072000000,659007000,1109067000,168147000,219957000,None,None,None,None,None,None,None,0.227,7.18,5.32,None,None,None,None,None,-1396000000,None,0.279,None,242568000,2025-10-30,annual,2.47,USD,pre-market,277724000,809642000,0.126,0.407,0.03,23.35,379248000,300856000,60206000,1603120000,113.48,122.57,14.8837,3766316000,3092208000,465163000,738538000,674108000,273375000,2028400000,3027778000,19.3,None,127.86,86.16
2025-12-28,GILD,6.46,29087001000.0,19.3,None,0.331,17.34,579000000,None,707913000,707913000,-8877000000,-3131000000,-624000000,None,11000000,None,None,313000000,460000,1897136000,None,260326000,260326000,70908000,None,None,396125000,None,None,35777000,2050000000,3.14,0.025,3605000000,3605000000,None,1.43,0.32,1109067000,1144844000,2.15,2021-12-31,14.18,None,22896001000.0,1768074000,1161792000,347878000,None,None,None,50690000,None,216903000,None,None,240650000,None,None,6201000000,None,None,None,0.452,11384000000,659007000,1109067000,168147000,219957000,None,None,None,None,None,None,None,0.227,7.18,5.32,None,None,None,None,None,-546000000,None,0.279,None,242568000,2025-10-30,annual,2.47,USD,pre-market,277724000,809642000,0.126,0.407,0.03,23.35,379248000,300856000,60206000,1603120000,113.48,122.57,14.8837,3766316000,3092208000,465163000,738538000,674108000,273375000,2028400000,3027778000,19.3,None,127.86,86.16
2025-12-28,GILD,6.46,29087001000.0,19.3,None,0.331,17.34,650000000,None,707913000,707913000,770000000,-14615000000,-5677000000,None,-195000000,None,None,-1171000000,460000,1897136000,None,260326000,260326000,70908000,None,None,396125000,None,None,35777000,1480000000,3.14,0.025,3449000000,3449000000,None,1.43,0.32,1109067000,1144844000,2.15,2020-12-31,14.18,None,22896001000.0,1768074000,1161792000,347878000,None,None,None,50690000,None,216903000,None,None,240650000,None,None,89000000,None,None,None,0.452,8168000000,659007000,1109067000,168147000,219957000,None,None,None,None,None,None,None,0.227,7.18,5.32,None,None,None,None,None,-1583000000,None,0.279,None,242568000,2025-10-30,annual,2.47,USD,pre-market,277724000,809642000,0.126,0.407,0.03,23.35,379248000,300856000,60206000,1603120000,113.48,122.57,14.8837,3766316000,3092208000,465163000,738538000,674108000,273375000,2028400000,3027778000,19.3,None,127.86,86.16
2025-12-28,GILD,6.46,29087001000.0,19.3,None,0.331,17.34,825000000,None,707913000,707913000,-7634000000,-7817000000,-6307000000,None,-95000000,None,None,-218000000,460000,1897136000,None,260326000,260326000,70908000,None,None,396125000,None,None,35777000,1404000000,3.14,0.025,3222000000,3222000000,None,1.43,0.32,1109067000,1144844000,2.15,2019-12-31,14.18,None,22896001000.0,1768074000,1161792000,347878000,None,None,None,50690000,None,216903000,None,None,240650000,None,None,5364000000,None,None,None,0.452,9144000000,659007000,1109067000,168147000,219957000,None,None,None,None,None,None,None,0.227,7.18,5.32,None,None,None,None,None,-1749000000,None,0.279,None,242568000,2025-10-30,annual,2.47,USD,pre-market,277724000,809642000,0.126,0.407,0.03,23.35,379248000,300856000,60206000,1603120000,113.48,122.57,14.8837,3766316000,3092208000,465163000,738538000,674108000,273375000,2028400000,3027778000,19.3,None,127.86,86.16
2025-12-28,GILD,6.46,29087001000.0,19.3,None,0.331,17.34,924000000,None,707913000,707913000,-12318000000,14355000000,10352000000,-85000000,-310000000,None,None,480000000,460000,1897136000,None,260326000,260326000,70908000,None,None,396125000,None,None,35777000,1429000000,3.14,0.025,2971000000,2971000000,None,1.43,0.32,1109067000,1144844000,2.15,2018-12-31,14.18,None,22896001000.0,1768074000,1161792000,347878000,None,None,None,50690000,None,216903000,None,None,240650000,None,None,5460000000,None,None,None,0.452,8400000000,659007000,1109067000,168147000,219957000,None,None,None,None,None,None,None,0.227,7.18,5.32,None,None,None,None,None,-2900000000,None,0.279,None,242568000,2025-10-30,annual,2.47,USD,pre-market,277724000,809642000,0.126,0.407,0.03,23.35,379248000,300856000,60206000,1603120000,113.48,122.57,14.8837,3766316000,3092208000,465163000,738538000,674108000,273375000,2028400000,3027778000,19.3,None,127.86,86.16
2025-12-28,GILD,6.46,29087001000.0,19.3,None,0.331,17.34,590000000,None,707913000,707913000,3393000000,-16069000000,-641000000,137000000,-253000000,None,None,754000000,460000,1897136000,None,260326000,260326000,70908000,None,None,396125000,None,None,35777000,1286000000,3.14,0.025,2731000000,2731000000,None,1.43,0.32,1109067000,1144844000,2.15,2017-12-31,14.18,None,22896001000.0,1768074000,1161792000,347878000,None,None,None,50690000,None,216903000,None,None,240650000,None,None,4644000000,None,None,None,0.452,11898000000,659007000,1109067000,168147000,219957000,None,None,None,None,None,None,None,0.227,7.18,5.32,None,None,None,None,None,-954000000,None,0.279,None,242568000,2025-10-30,annual,2.47,USD,pre-market,277724000,809642000,0.126,0.407,0.03,23.35,379248000,300856000,60206000,1603120000,113.48,122.57,14.8837,3766316000,3092208000,465163000,738538000,674108000,273375000,2028400000,3027778000,19.3,None,127.86,86.16
2025-12-28,GILD,6.46,29087001000.0,19.3,None,0.331,17.34,748000000,None,707913000,707913000,-9725000000,-11985000000,-4622000000,41000000,-488000000,None,None,1192000000,460000,1897136000,None,260326000,260326000,70908000,None,None,396125000,None,None,35777000,1158000000,3.14,0.025,2455000000,2455000000,None,1.43,0.32,1109067000,1144844000,2.15,2016-12-31,14.18,None,22896001000.0,1768074000,1161792000,347878000,None,None,None,50690000,None,216903000,None,None,240650000,None,None,13488000000,None,None,None,0.452,17047000000,659007000,1109067000,168147000,219957000,None,None,None,None,None,None,None,0.227,7.18,5.32,None,None,None,None,None,-11001000000,None,0.279,None,242568000,2025-10-30,annual,2.47,USD,pre-market,277724000,809642000,0.126,0.407,0.03,23.35,379248000,300856000,60206000,1603120000,113.48,122.57,14.8837,3766316000,3092208000,465163000,738538000,674108000,273375000,2028400000,3027778000,19.3,None,127.86,86.16
2025-12-28,GILD,6.46,29087001000.0,19.3,None,0.331,17.34,747000000,None,707913000,707913000,-5884000000,-12475000000,2824000000,-67000000,-855000000,None,None,-1397000000,460000,1897136000,None,260326000,260326000,70908000,None,None,396125000,None,None,35777000,1098000000,3.14,0.025,1874000000,1874000000,None,1.43,0.32,1109067000,1144844000,2.15,2015-12-31,14.18,None,22896001000.0,1768074000,1161792000,347878000,None,None,None,50690000,None,216903000,None,None,240650000,None,None,18106000000,None,None,None,0.452,21250000000,659007000,1109067000,168147000,219957000,None,None,None,None,None,None,None,0.227,7.18,5.32,None,None,None,None,None,-10002000000,None,0.279,None,242568000,2025-10-30,annual,2.47,USD,pre-market,277724000,809642000,0.126,0.407,0.03,23.35,379248000,300856000,60206000,1603120000,113.48,122.57,14.8837,3766316000,3092208000,465163000,738538000,674108000,273375000,2028400000,3027778000,19.3,None,127.86,86.16
2025-12-28,GILD,6.46,29087001000.0,19.3,None,0.331,17.34,557000000,None,707913000,707913000,-3025000000,-1823000000,7914000000,-56000000,143000000,None,None,-2578000000,460000,1897136000,None,260326000,260326000,70908000,None,None,396125000,None,None,35777000,1050000000,3.14,0.025,6382000000,6382000000,None,1.43,0.32,1109067000,1144844000,2.15,2014-12-31,14.18,None,22896001000.0,1768074000,1161792000,347878000,None,None,None,50690000,None,216903000,None,None,240650000,None,None,12059000000,None,None,None,0.452,12818000000,659007000,1109067000,168147000,219957000,None,None,None,None,None,None,None,0.227,7.18,5.32,None,None,None,None,None,-5349000000,None,0.279,None,242568000,2025-10-30,annual,2.47,USD,pre-market,277724000,809642000,0.126,0.407,0.03,23.35,379248000,300856000,60206000,1603120000,113.48,122.57,14.8837,3766316000,3092208000,465163000,738538000,674108000,273375000,2028400000,3027778000,19.3,None,127.86,86.16
2025-12-28,GILD,6.46,29087001000.0,19.3,None,0.331,17.34,190000000,None,707913000,707913000,-2544000000,-254000000,309112000,2420000,-343000000,None,None,-315299000,460000,1897136000,None,260326000,260326000,70908000,None,None,396125000,None,None,35777000,345000000,3.14,0.025,1734707000,1734707000,None,1.43,0.32,1109067000,1144844000,2.15,2013-12-31,14.18,None,22896001000.0,1768074000,1161792000,347878000,None,None,None,50690000,None,216903000,None,None,240650000,None,None,3057000000,None,None,None,0.452,3105000000,659007000,1109067000,168147000,219957000,None,None,None,None,None,None,None,0.227,7.18,5.32,None,None,None,None,None,-582000000,None,0.279,None,242568000,2025-10-30,annual,2.47,USD,pre-market,277724000,809642000,0.126,0.407,0.03,23.35,379248000,300856000,60206000,1603120000,113.48,122.57,14.8837,3766316000,3092208000,465163000,738538000,674108000,273375000,2028400000,3027778000,19.3,None,127.86,86.16
2025-12-28,GILD,6.46,29087001000.0,19.3,None,0.331,17.34,397000000,None,707913000,707913000,563000000,-11846000000,-8080083000,7909000,-350000000,None,None,197986000,460000,1897136000,None,260326000,260326000,70908000,None,None,396125000,None,None,35777000,278000000,3.14,0.025,2358589000,2358589000,None,1.43,0.32,1109067000,1144844000,2.15,2012-12-31,14.18,None,22896001000.0,1768074000,1161792000,347878000,None,None,None,50690000,None,216903000,None,None,240650000,None,None,2574000000,None,None,None,0.452,3195000000,659007000,1109067000,168147000,219957000,None,None,None,None,None,None,None,0.227,7.18,5.32,None,None,None,None,None,-667000000,None,0.279,None,242568000,2025-10-30,annual,2.47,USD,pre-market,277724000,809642000,0.126,0.407,0.03,23.35,379248000,300856000,60206000,1603120000,113.48,122.57,14.8837,3766316000,3092208000,465163000,738538000,674108000,273375000,2028400000,3027778000,19.3,None,127.86,86.16
2025-12-28,GILD,6.46,29087001000.0,19.3,None,0.331,17.34,131904000,None,707913000,707913000,1763569000,3589845000,8975898000,-16526000,-200793000,None,None,-375736000,460000,1897136000,None,260326000,260326000,70908000,None,None,396125000,None,None,35777000,302232000,3.14,0.025,4660702000,4660702000,None,1.43,0.32,1109067000,1144844000,2.15,2011-12-31,14.18,None,22896001000.0,1768074000,1161792000,347878000,None,None,None,50690000,None,216903000,None,None,240650000,None,None,2789059000,None,None,None,0.452,3639010000,659007000,1109067000,168147000,219957000,None,None,None,None,None,None,None,0.227,7.18,5.32,None,None,None,None,None,-2383132000,None,0.279,None,242568000,2025-10-30,annual,2.47,USD,pre-market,277724000,809642000,0.126,0.407,0.03,23.35,379248000,300856000,60206000,1603120000,113.48,122.57,14.8837,3766316000,3092208000,465163000,738538000,674108000,273375000,2028400000,3027778000,19.3,None,127.86,86.16
2025-12-28,GILD,6.46,29087001000.0,19.3,None,0.331,17.34,61884000,None,707913000,707913000,-1338710000,-1937751000,-365079000,77469000,-161190000,None,None,-348875000,460000,1897136000,None,260326000,260326000,70908000,None,None,396125000,None,None,35777000,265477000,3.14,0.025,3117925000,3117925000,None,1.43,0.32,1109067000,1144844000,2.15,2010-12-31,14.18,None,22896001000.0,1768074000,1161792000,347878000,None,None,None,50690000,None,216903000,None,None,240650000,None,None,2889749000,None,None,None,0.452,2833913000,659007000,1109067000,168147000,219957000,None,None,None,None,None,None,None,0.227,7.18,5.32,None,None,None,None,None,-4022593000,None,0.279,None,242568000,2025-10-30,annual,2.47,USD,pre-market,277724000,809642000,0.126,0.407,0.03,23.35,379248000,300856000,60206000,1603120000,113.48,122.57,14.8837,3766316000,3092208000,465163000,738538000,674108000,273375000,2028400000,3027778000,19.3,None,127.86,86.16
2025-12-28,GILD,6.46,29087001000.0,19.3,None,0.331,17.34,230057000,None,707913000,707913000,-1051438000,-2215900000,-186344000,940000,-75266000,None,None,-356462000,460000,1897136000,None,260326000,260326000,70908000,None,None,396125000,None,None,35777000,212944000,3.14,0.025,400000000,400000000,None,1.43,0.32,1109067000,1144844000,2.15,2009-12-31,14.18,None,22896001000.0,1768074000,1161792000,347878000,None,None,None,50690000,None,216903000,None,None,240650000,None,None,2625592000,None,None,None,0.452,3080054000,659007000,1109067000,168147000,219957000,None,None,None,None,None,None,None,0.227,7.18,5.32,None,None,None,None,None,-998495000,None,0.279,None,242568000,2025-10-30,annual,2.47,USD,pre-market,277724000,809642000,0.126,0.407,0.03,23.35,379248000,300856000,60206000,1603120000,113.48,122.57,14.8837,3766316000,3092208000,465163000,738538000,674108000,273375000,2028400000,3027778000,19.3,None,127.86,86.16
2025-12-28,GILD,6.46,29087001000.0,19.3,None,0.331,17.34,115005000,None,707913000,707913000,-1474569000,-178819000,None,None,-330726000,None,None,None,460000,1897136000,None,260326000,260326000,70908000,None,None,396125000,None,None,35777000,155610000,3.14,0.025,None,None,None,1.43,0.32,1109067000,1144844000,2.15,2008-12-31,14.18,None,22896001000.0,1768074000,1161792000,347878000,None,None,None,50690000,None,216903000,None,None,240650000,None,None,1970335000,None,None,None,0.452,2143384000,659007000,1109067000,168147000,219957000,None,None,None,None,None,None,None,0.227,7.18,5.32,None,None,None,None,None,-1969582000,None,0.279,None,242568000,2025-10-30,annual,2.47,USD,pre-market,277724000,809642000,0.126,0.407,0.03,23.35,379248000,300856000,60206000,1603120000,113.48,122.57,14.8837,3766316000,3092208000,465163000,738538000,674108000,273375000,2028400000,3027778000,19.3,None,127.86,86.16
2025-12-28,GILD,6.46,29087001000.0,19.3,None,0.331,17.34,78648000,None,707913000,707913000,-267299000,-1302467000,None,None,-34619000,None,None,None,460000,1897136000,None,260326000,260326000,70908000,None,None,396125000,None,None,35777000,51279000,3.14,0.025,None,None,None,1.43,0.32,1109067000,1144844000,2.15,2007-12-31,14.18,None,22896001000.0,1768074000,1161792000,347878000,None,None,None,50690000,None,216903000,None,None,240650000,None,None,1615298000,None,None,None,0.452,1765398000,659007000,1109067000,168147000,219957000,None,None,None,None,None,None,None,0.227,7.18,5.32,None,None,None,None,None,-487543000,None,0.279,None,242568000,2025-10-30,annual,2.47,USD,pre-market,277724000,809642000,0.126,0.407,0.03,23.35,379248000,300856000,60206000,1603120000,113.48,122.57,14.8837,3766316000,3092208000,465163000,738538000,674108000,273375000,2028400000,3027778000,19.3,None,127.86,86.16
2025-12-28,GILD,6.46,29087001000.0,19.3,None,0.331,17.34,105208000,None,707913000,707913000,649261000,-1739334000,None,None,-358184000,None,None,None,460000,1897136000,None,260326000,260326000,70908000,None,None,396125000,None,None,35777000,47284000,3.14,0.025,None,None,None,1.43,0.32,1109067000,1144844000,2.15,2006-12-31,14.18,None,22896001000.0,1768074000,1161792000,347878000,None,None,None,50690000,None,216903000,None,None,240650000,None,None,-1189957000,None,None,None,0.452,1218059000,659007000,1109067000,168147000,219957000,None,None,None,None,None,None,None,0.227,7.18,5.32,None,None,None,None,None,-544942000,None,0.279,None,242568000,2025-10-30,annual,2.47,USD,pre-market,277724000,809642000,0.126,0.407,0.03,23.35,379248000,300856000,60206000,1603120000,113.48,122.57,14.8837,3766316000,3092208000,465163000,738538000,674108000,273375000,2028400000,3027778000,19.3,None,127.86,86.16
2025-12-28,GILD,6.46,29087001000.0,19.3,None,0.331,17.34,47951000,None,707913000,707913000,441896000,-682478000,None,None,-81923000,None,None,None,460000,1897136000,None,260326000,260326000,70908000,None,None,396125000,None,None,35777000,35777000,3.14,0.025,None,None,None,1.43,0.32,1109067000,1144844000,2.15,2005-12-31,14.18,None,22896001000.0,1768074000,1161792000,347878000,None,None,None,50690000,None,216903000,None,None,240650000,None,None,813914000,None,None,None,0.452,705642000,659007000,1109067000,168147000,219957000,None,None,None,None,None,None,None,0.227,7.18,5.32,None,None,None,None,None,None,None,0.279,None,242568000,2025-10-30,annual,2.47,USD,pre-market,277724000,809642000,0.126,0.407,0.03,23.35,379248000,300856000,60206000,1603120000,113.48,122.57,14.8837,3766316000,3092208000,465163000,738538000,674108000,273375000,2028400000,3027778000,19.3,None,127.86,86.16
