date,symbol,eps,revenue_ttm,pe_ratio,accumulateddepreciationamortizationppe,beta,book_value,capitalexpenditures,capitalleaseobligations,cashandcashequivalentsatcarryingvalue,cashandshortterminvestments,cashflowfromfinancing,cashflowfrominvestment,changeincashandcashequivalents,changeinexchangerate,changeininventory,changeinoperatingassets,changeinoperatingliabilities,changeinreceivables,commonstock,commonstocksharesoutstanding,comprehensiveincomenetoftax,costofgoodsandservicessold,costofrevenue,currentaccountspayable,currentdebt,currentlongtermdebt,currentnetreceivables,deferredrevenue,depreciation,depreciationandamortization,depreciationdepletionandamortization,dividend_per_share,dividend_yield,dividendpayout,dividendpayoutcommonstock,dividendpayoutpreferredstock,earnings_growth_yoy,earnings_surprise,ebit,ebitda,estimated_eps,fiscaldateending,forward_pe,goodwill,gross_profit_ttm,grossprofit,incomebeforetax,incometaxexpense,intangibleassets,intangibleassetsexcludinggoodwill,interestanddebtexpense,interestexpense,interestincome,inventory,investmentincomenet,investments,longtermdebt,longtermdebtnoncurrent,longterminvestments,netincome,netincomefromcontinuingoperations,netinterestincome,noninterestincome,operating_margin_ttm,operatingcashflow,operatingexpenses,operatingincome,othercurrentassets,othercurrentliabilities,othernoncurrentassets,othernoncurrentliabilities,othernonoperatingincome,paymentsforoperatingactivities,paymentsforrepurchaseofcommonstock,paymentsforrepurchaseofequity,paymentsforrepurchaseofpreferredstock,peg_ratio,price_to_book,price_to_sales_ttm,proceedsfromissuanceofcommonstock,proceedsfromissuanceoflongtermdebtandcapitalsecuritiesnet,proceedsfromissuanceofpreferredstock,proceedsfromoperatingactivities,proceedsfromrepaymentsofshorttermdebt,proceedsfromrepurchaseofequity,proceedsfromsaleoftreasurystock,profit_margin,profitloss,propertyplantequipment,report_date,report_type,reported_eps,reportedcurrency,reporttime,researchanddevelopment,retainedearnings,return_on_assets_ttm,return_on_equity_ttm,revenue_growth_yoy,revenue_per_share_ttm,sellinggeneralandadministrative,shortlongtermdebttotal,shorttermdebt,shortterminvestments,sma_200,sma_50,surprise_pct,totalassets,totalcurrentassets,totalcurrentliabilities,totalliabilities,totalnoncurrentassets,totalnoncurrentliabilities,totalrevenue,totalshareholderequity,trailing_pe,treasurystock,week_52_high,week_52_low
1996-03-31,GLW,,,,,,,,,,,,,,,,,,,,,,,,,,,,,,,,,,,,,,0.01,,,0.09,,,,,,,,,,,,,,,,,,,,,,,,,,,,,,,,,,,,,,,,,,,,,,,,,1996-04-15,,0.1,,pre-market,,,,,,,,,,,,,11.1111,,,,,,,,,,,,
1996-06-30,GLW,,,,,,,,,,,,,,,,,,,,,,,,,,,,,,,,,,,,,,0.0,,,0.16,,,,,,,,,,,,,,,,,,,,,,,,,,,,,,,,,,,,,,,,,,,,,,,,,1996-07-15,,0.16,,pre-market,,,,,,,,,,,,,0.0,,,,,,,,,,,,
1996-09-30,GLW,,,,,,,,,,,,,,,,,,,,,,,,,,,,,,,,,,,,,,0.0,,,0.14,,,,,,,,,,,,,,,,,,,,,,,,,,,,,,,,,,,,,,,,,,,,,,,,,1996-10-15,,0.14,,pre-market,,,,,,,,,,,,,0.0,,,,,,,,,,,,
1996-12-31,GLW,,,,,,,,,,,,,,,,,,,,,,,,,,,,,,,,,,,,,,0.0,,,0.13,,,,,,,,,,,,,,,,,,,,,,,,,,,,,,,,,,,,,,,,,,,,,,,,,1997-01-27,,0.13,,pre-market,,,,,,,,,,,,,0.0,,,,,,,,,,,,
1997-03-31,GLW,,,,,,,,,,,,,,,,,,,,,,,,,,,,,,,,,,,,,,0.0,,,0.13,,,,,,,,,,,,,,,,,,,,,,,,,,,,,,,,,,,,,,,,,,,,,,,,,1997-04-15,,0.13,,pre-market,,,,,,,,,,,,,0.0,,,,,,,,,,,,
1997-06-30,GLW,,,,,,,,,,,,,,,,,,,,,,,,,,,,,,,,,,,,,,0.01,,,0.17,,,,,,,,,,,,,,,,,,,,,,,,,,,,,,,,,,,,,,,,,,,,,,,,,1997-07-15,,0.18,,pre-market,,,,,,,,,,,,,5.8824,,,,,,,,,,,,
1997-09-30,GLW,,,,,,,,,,,,,,,,,,,,,,,,,,,,,,,,,,,,,,0.0,,,0.16,,,,,,,,,,,,,,,,,,,,,,,,,,,,,,,,,,,,,,,,,,,,,,,,,1997-10-15,,0.16,,pre-market,,,,,,,,,,,,,0.0,,,,,,,,,,,,
1997-12-31,GLW,,,,,,,,,,,,,,,,,,,,,,,,,,,,,,,,,,,,,,-0.01,,,0.16,,,,,,,,,,,,,,,,,,,,,,,,,,,,,,,,,,,,,,,,,,,,,,,,,1998-01-28,,0.15,,pre-market,,,,,,,,,,,,,-6.25,,,,,,,,,,,,
1998-03-31,GLW,,,,,,,,,,,,,,,,,,,,,,,,,,,,,,,,,,,,,,0.01,,,0.08,,,,,,,,,,,,,,,,,,,,,,,,,,,,,,,,,,,,,,,,,,,,,,,,,1998-04-16,,0.09,,pre-market,,,,,,,,,,,,,12.5,,,,,,,,,,,,
1998-06-30,GLW,,,,,,,,,,,,,,,,,,,,,,,,,,,,,,,,,,,,,,0.0,,,0.13,,,,,,,,,,,,,,,,,,,,,,,,,,,,,,,,,,,,,,,,,,,,,,,,,1998-07-20,,0.13,,pre-market,,,,,,,,,,,,,0.0,,,,,,,,,,,,
1998-09-30,GLW,,,,,,,,,,,,,,,,,,,,,,,,,,,,,,,,,,,,,,0.02,,,0.13,,,,,,,,,,,,,,,,,,,,,,,,,,,,,,,,,,,,,,,,,,,,,,,,,1998-10-19,,0.15,,pre-market,,,,,,,,,,,,,15.3846,,,,,,,,,,,,
1998-12-31,GLW,,,,,,,,,,,,,,,,,,,,,,,,,,,,,,,,,,,,,,-0.08,,,0.12,,,,,,,,,,,,,,,,,,,,,,,,,,,,,,,,,,,,,,,,,,,,,,,,,1999-01-25,,0.04,,pre-market,,,,,,,,,,,,,-66.6667,,,,,,,,,,,,
1999-03-31,GLW,,,,,,,,,,,,,,,,,,,,,,,,,,,,,,,,,,,,,,0.01,,,0.11,,,,,,,,,,,,,,,,,,,,,,,,,,,,,,,,,,,,,,,,,,,,,,,,,1999-04-14,,0.12,,pre-market,,,,,,,,,,,,,9.0909,,,,,,,,,,,,
1999-06-30,GLW,,,,,,,,,,,,,,,,,,,,,,,,,,,,,,,,,,,,,,0.01,,,0.15,,,,,,,,,,,,,,,,,,,,,,,,,,,,,,,,,,,,,,,,,,,,,,,,,1999-07-19,,0.16,,pre-market,,,,,,,,,,,,,6.6667,,,,,,,,,,,,
1999-09-30,GLW,,,,,,,,,,,,,,,,,,,,,,,,,,,,,,,,,,,,,,0.0,,,0.18,,,,,,,,,,,,,,,,,,,,,,,,,,,,,,,,,,,,,,,,,,,,,,,,,1999-10-13,,0.18,,pre-market,,,,,,,,,,,,,0.0,,,,,,,,,,,,
1999-12-31,GLW,,,,,,,,,,,,,,,,,,,,,,,,,,,,,,,,,,,,,,-0.1,,,0.16,,,,,,,,,,,,,,,,,,,,,,,,,,,,,,,,,,,,,,,,,,,,,,,,,2000-01-24,,0.06,,pre-market,,,,,,,,,,,,,-62.5,,,,,,,,,,,,
2000-03-31,GLW,,,,,,,,,,,,,,,,,,,,,,,,,,,,,,,,,,,,,,0.05,,,0.18,,,,,,,,,,,,,,,,,,,,,,,,,,,,,,,,,,,,,,,,,,,,,,,,,2000-04-25,,0.23,,pre-market,,,,,,,,,,,,,27.7778,,,,,,,,,,,,
2000-06-30,GLW,,,,,,,,,,,,,,,,,,,,,,,,,,,,,,,,,,,,,,0.04,,,0.27,,,,,,,,,,,,,,,,,,,,,,,,,,,,,,,,,,,,,,,,,,,,,,,,,2000-07-17,,0.31,,pre-market,,,,,,,,,,,,,14.8148,,,,,,,,,,,,
2000-09-30,GLW,,,,,,,,,,,,,,,,,,,,,,,,,,,,,,,,,,,,,,0.01,,,0.34,,,,,,,,,,,,,,,,,,,,,,,,,,,,,,,,,,,,,,,,,,,,,,,,,2000-10-23,,0.35,,pre-market,,,,,,,,,,,,,2.9412,,,,,,,,,,,,
2000-12-31,GLW,,,,,,,,,,,,,,,,,,,,,,,,,,,,,,,,,,,,,,0.06,,,0.28,,,,,,,,,,,,,,,,,,,,,,,,,,,,,,,,,,,,,,,,,,,,,,,,,2001-01-24,,0.34,,post-market,,,,,,,,,,,,,21.4286,,,,,,,,,,,,
2001-03-31,GLW,,,,,,,,,,,,,,,,,,,,,,,,,,,,,,,,,,,,,,0.01,,,0.28,,,,,,,,,,,,,,,,,,,,,,,,,,,,,,,,,,,,,,,,,,,,,,,,,2001-04-26,,0.29,,post-market,,,,,,,,,,,,,3.5714,,,,,,,,,,,,
2001-06-30,GLW,,,,,,,,,,,,,,,,,,,,,,,,,,,,,,,,,,,,,,0.11,,,0.18,,,,,,,,,,,,,,,,,,,,,,,,,,,,,,,,,,,,,,,,,,,,,,,,,2001-07-25,,0.29,,post-market,,,,,,,,,,,,,61.1111,,,,,,,,,,,,
2001-09-30,GLW,,,,,,,,,,,,,,,,,,,,,,,,,,,,,,,,,,,,,,0.06,,,0.03,,,,,,,,,,,,,,,,,,,,,,,,,,,,,,,,,,,,,,,,,,,,,,,,,2001-10-18,,0.09,,post-market,,,,,,,,,,,,,200.0,,,,,,,,,,,,
2001-12-31,GLW,,,,,,,,,,,,,,,,,,,,,,,,,,,,,,,,,,,,,,0.0,,,-0.28,,,,,,,,,,,,,,,,,,,,,,,,,,,,,,,,,,,,,,,,,,,,,,,,,2002-01-23,,-0.28,,post-market,,,,,,,,,,,,,0.0,,,,,,,,,,,,
2002-03-31,GLW,,,,,,,,,,,,,,,,,,,,,,,,,,,,,,,,,,,,,,0.0,,,-0.1,,,,,,,,,,,,,,,,,,,,,,,,,,,,,,,,,,,,,,,,,,,,,,,,,2002-04-22,,-0.1,,post-market,,,,,,,,,,,,,0.0,,,,,,,,,,,,
2002-06-30,GLW,,,,,,,,,,,,,,,,,,,,,,,,,,,,,,,,,,,,,,0.02,,,-0.09,,,,,,,,,,,,,,,,,,,,,,,,,,,,,,,,,,,,,,,,,,,,,,,,,2002-07-23,,-0.07,,post-market,,,,,,,,,,,,,22.2222,,,,,,,,,,,,
2002-09-30,GLW,,,,,,,,,,,,,,,,,,,,,,,,,,,,,,,,,,,,,,0.02,,,-0.08,,,,,,,,,,,,,,,,,,,,,,,,,,,,,,,,,,,,,,,,,,,,,,,,,2002-10-30,,-0.06,,pre-market,,,,,,,,,,,,,25.0,,,,,,,,,,,,
2002-12-31,GLW,,,,,,,,,,,,,,,,,,,,,,,,,,,,,,,,,,,,,,-0.01,,,-0.09,,,,,,,,,,,,,,,,,,,,,,,,,,,,,,,,,,,,,,,,,,,,,,,,,2003-01-23,,-0.1,,post-market,,,,,,,,,,,,,-11.1111,,,,,,,,,,,,
2003-03-31,GLW,,,,,,,,,,,,,,,,,,,,,,,,,,,,,,,,,,,,,,-0.1308,,,-0.04,,,,,,,,,,,,,,,,,,,,,,,,,,,,,,,,,,,,,,,,,,,,,,,,,2003-04-22,,-0.1708,,post-market,,,,,,,,,,,,,-327.0,,,,,,,,,,,,
2003-06-30,GLW,,,,,,,,,,,,,,,,,,,,,,,,,,,,,,,,,,,,,,0.03,,,-0.01,,,,,,,,,,,,,,,,,,,,,,,,,,,,,,,,,,,,,,,,,,,,,,,,,2003-07-21,,0.02,,post-market,,,,,,,,,,,,,300.0,,,,,,,,,,,,
2003-09-30,GLW,,,,,,,,,,,,,,,,,,,,,,,,,,,,,,,,,,,,,,0.02,,,0.02,,,,,,,,,,,,,,,,,,,,,,,,,,,,,,,,,,,,,,,,,,,,,,,,,2003-10-22,,0.04,,post-market,,,,,,,,,,,,,100.0,,,,,,,,,,,,
2003-12-31,GLW,,,,,,,,,,,,,,,,,,,,,,,,,,,,,,,,,,,,,,0.0,,,0.04,,,,,,,,,,,,,,,,,,,,,,,,,,,,,,,,,,,,,,,,,,,,,,,,,2004-01-22,,0.04,,post-market,,,,,,,,,,,,,0.0,,,,,,,,,,,,
2004-03-31,GLW,,,,,,,,,,,,,,,,,,,,,,,,,,,,,,,,,,,,,,0.03,,,0.05,,,,,,,,,,,,,,,,,,,,,,,,,,,,,,,,,,,,,,,,,,,,,,,,,2004-04-22,,0.08,,post-market,,,,,,,,,,,,,60.0,,,,,,,,,,,,
2004-06-30,GLW,,,,,,,,,,,,,,,,,,,,,,,,,,,,,,,,,,,,,,0.02,,,0.09,,,,,,,,,,,,,,,,,,,,,,,,,,,,,,,,,,,,,,,,,,,,,,,,,2004-07-19,,0.11,,post-market,,,,,,,,,,,,,22.2222,,,,,,,,,,,,
2004-09-30,GLW,,,,,,,,,,,,,,,,,,,,,,,,,,,,,,,,,,,,,,0.03,,,0.11,,,,,,,,,,,,,,,,,,,,,,,,,,,,,,,,,,,,,,,,,,,,,,,,,2004-10-20,,0.14,,post-market,,,,,,,,,,,,,27.2727,,,,,,,,,,,,
2004-12-31,GLW,,,,,,,,,,,,,,,,,,,,,,,,,,,,,,,,,,,,,,0.0,,,0.12,,,,,,,,,,,,,,,,,,,,,,,,,,,,,,,,,,,,,,,,,,,,,,,,,2005-01-25,,0.12,,post-market,,,,,,,,,,,,,0.0,,,,,,,,,,,,
2005-03-31,GLW,,,,,,,,,,,,,,,,,,,,,,,,,,,,,,,,,,,,,,0.01,,,0.16,,,,,,,,,,,,,,,,,,,,,,,,,,,,,,,,,,,,,,,,,,,,,,,,,2005-04-26,,0.17,,post-market,,,,,,,,,,,,,6.25,,,,,,,,,,,,
2005-06-30,GLW,,,,,,,,,,,,,,,,,,,,,,,,,,,,,,,,,,,,,,0.02,,,0.18,,,,,,,,,,,,,,,,,,,,,,,,,,,,,,,,,,,,,,,,,,,,,,,,,2005-07-26,,0.2,,post-market,,,,,,,,,,,,,11.1111,,,,,,,,,,,,
2005-09-30,GLW,,,,,,,,,,,,,,,,,,,,,,,,,,,,,,,,,,,,,,0.05,,,0.21,,,,,,,,,,,,,,,,,,,,,,,,,,,,,,,,,,,,,,,,,,,,,,,,,2005-10-26,,0.26,,post-market,,,,,,,,,,,,,23.8095,,,,,,,,,,,,
2005-12-31,GLW,,,,,,,,,,,,,,,,,,,,,,,,,,,,,,,,,,,,,,-0.01,,,0.23,,,,,,,,,,,,,,,,,,,,,,,,,,,,,,,,,,,,,,,,,,,,,,,,,2006-01-24,,0.22,,post-market,,,,,,,,,,,,,-4.3478,,,,,,,,,,,,
2006-03-31,GLW,,,,,,,,,,,,,,,,,,,,,,,,,,,,,,,,,,,,,,0.04,,,0.23,,,,,,,,,,,,,,,,,,,,,,,,,,,,,,,,,,,,,,,,,,,,,,,,,2006-04-25,,0.27,,post-market,,,,,,,,,,,,,17.3913,,,,,,,,,,,,
2006-06-30,GLW,,,,,,,,,,,,,,,,,,,,,,,,,,,,,,,,,,,,,,0.01,,,0.25,,,,,,,,,,,,,,,,,,,,,,,,,,,,,,,,,,,,,,,,,,,,,,,,,2006-07-25,,0.26,,post-market,,,,,,,,,,,,,4.0,,,,,,,,,,,,
2006-09-30,GLW,,,,,,,,,,,,,,,,,,,,,,,,,,,,,,,,,,,,,,0.03,,,0.25,,,,,,,,,,,,,,,,,,,,,,,,,,,,,,,,,,,,,,,,,,,,,,,,,2006-10-24,,0.28,,post-market,,,,,,,,,,,,,12.0,,,,,,,,,,,,
2006-12-31,GLW,,,,,,,,,,,,,,,,,,,,,,,,,,,,,,,,,,,,,,0.03,,,0.28,,,,,,,,,,,,,,,,,,,,,,,,,,,,,,,,,,,,,,,,,,,,,,,,,2007-01-24,,0.31,,pre-market,,,,,,,,,,,,,10.7143,,,,,,,,,,,,
2007-03-31,GLW,,,,,,,,,,,,,,,,,,,,,,,,,,,,,,,,,,,,,,0.02,,,0.26,,,,,,,,,,,,,,,,,,,,,,,,,,,,,,,,,,,,,,,,,,,,,,,,,2007-04-25,,0.28,,pre-market,,,,,,,,,,,,,7.6923,,,,,,,,,,,,
2007-06-30,GLW,,,,,,,,,,,,,,,,,,,,,,,,,,,,,,,,,,,,,,0.02,,,0.32,,,,,,,,,,,,,,,,,,,,,,,,,,,,,,,,,,,,,,,,,,,,,,,,,2007-07-25,,0.34,,pre-market,,,,,,,,,,,,,6.25,,,,,,,,,,,,
2007-09-30,GLW,,,,,,,,,,,,,,,,,,,,,,,,,,,,,,,,,,,,,,0.01,,,0.37,,,,,,,,,,,,,,,,,,,,,,,,,,,,,,,,,,,,,,,,,,,,,,,,,2007-10-24,,0.38,,pre-market,,,,,,,,,,,,,2.7027,,,,,,,,,,,,
2007-12-31,GLW,,,,,,,,,,,,,,,,,,,,,,,,,,,,,,,,,,,,,,0.01,,,0.39,,,,,,,,,,,,,,,,,,,,,,,,,,,,,,,,,,,,,,,,,,,,,,,,,2008-01-28,,0.4,,pre-market,,,,,,,,,,,,,2.5641,,,,,,,,,,,,
2008-03-31,GLW,,,,,,,,,,,,,,,,,,,,,,,,,,,,,,,,,,,,,,0.02,,,0.42,,,,,,,,,,,,,,,,,,,,,,,,,,,,,,,,,,,,,,,,,,,,,,,,,2008-04-29,,0.44,,pre-market,,,,,,,,,,,,,4.7619,,,,,,,,,,,,
2008-06-30,GLW,,,,,,,,,,,,,,,,,,,,,,,,,,,,,,,,,,,,,,0.0,,,0.49,,,,,,,,,,,,,,,,,,,,,,,,,,,,,,,,,,,,,,,,,,,,,,,,,2008-07-30,,0.49,,pre-market,,,,,,,,,,,,,0.0,,,,,,,,,,,,
2008-09-30,GLW,,,,,,,,,,,,,,,,,,,,,,,,,,,,,,,,,,,,,,0.03,,,0.43,,,,,,,,,,,,,,,,,,,,,,,,,,,,,,,,,,,,,,,,,,,,,,,,,2008-10-29,,0.46,,pre-market,,,,,,,,,,,,,6.9767,,,,,,,,,,,,
2008-12-31,GLW,,,,,,,,,,,,,,,,,,,,,,,,,,,,,,,,,,,,,,-0.06,,,0.19,,,,,,,,,,,,,,,,,,,,,,,,,,,,,,,,,,,,,,,,,,,,,,,,,2009-01-27,,0.13,,pre-market,,,,,,,,,,,,,-31.5789,,,,,,,,,,,,
2009-03-31,GLW,,,,,,,,,,,,,,,,,,,,,,,,,,,,,,,,,,,,,,0.05,,,0.05,,,,,,,,,,,,,,,,,,,,,,,,,,,,,,,,,,,,,,,,,,,,,,,,,2009-04-27,,0.1,,pre-market,,,,,,,,,,,,,100.0,,,,,,,,,,,,
2009-06-30,GLW,,,,,,,,,,,,,,,,,,,,,,,,,,,,,,,,,,,,,,0.07,,,0.32,,,,,,,,,,,,,,,,,,,,,,,,,,,,,,,,,,,,,,,,,,,,,,,,,2009-07-27,,0.39,,pre-market,,,,,,,,,,,,,21.875,,,,,,,,,,,,
2009-09-30,GLW,,,,,,,,,,,,,,,,,,,,,,,,,,,,,,,,,,,,,,0.03,,,0.39,,,,,,,,,,,,,,,,,,,,,,,,,,,,,,,,,,,,,,,,,,,,,,,,,2009-10-26,,0.42,,pre-market,,,,,,,,,,,,,7.6923,,,,,,,,,,,,
2009-12-31,GLW,,,,,,,,,,,,,,,,,,,,,,,,,,,,,,,,,,,,,,0.02,,,0.42,,,,,,,,,,,,,,,,,,,,,,,,,,,,,,,,,,,,,,,,,,,,,,,,,2010-01-26,,0.44,,pre-market,,,,,,,,,,,,,4.7619,,,,,,,,,,,,
2010-03-31,GLW,,,,,,,,,,,,,,,,,,,,,,,,,,,,,,,,,,,,,,0.1,,,0.42,,,,,,,,,,,,,,,,,,,,,,,,,,,,,,,,,,,,,,,,,,,,,,,,,2010-04-28,,0.52,,pre-market,,,,,,,,,,,,,23.8095,,,,,,,,,,,,
2010-06-30,GLW,,,,,,,,,,,,,,,,,,,,,,,,,,,,,,,,,,,,,,0.06,,,0.52,,,,,,,,,,,,,,,,,,,,,,,,,,,,,,,,,,,,,,,,,,,,,,,,,2010-07-28,,0.58,,pre-market,,,,,,,,,,,,,11.5385,,,,,,,,,,,,
2010-09-30,GLW,,,,,,,,,,,,,,,,,,,,,,,,,,,,,,,,,,,,,,-0.01,,,0.52,,,,,,,,,,,,,,,,,,,,,,,,,,,,,,,,,,,,,,,,,,,,,,,,,2010-11-01,,0.51,,pre-market,,,,,,,,,,,,,-1.9231,,,,,,,,,,,,
2010-12-31,GLW,,,,,,,,,,,,,,,,,,,,,,,,,,,,,,,,,,,,,,-0.01,,,0.47,,,,,,,,,,,,,,,,,,,,,,,,,,,,,,,,,,,,,,,,,,,,,,,,,2011-01-25,,0.46,,pre-market,,,,,,,,,,,,,-2.1277,,,,,,,,,,,,
2011-03-31,GLW,,,,,,,,,,,,,,,,,,,,,,,,,,,,,,,,,,,,,,0.03,,,0.44,,,,,,,,,,,,,,,,,,,,,,,,,,,,,,,,,,,,,,,,,,,,,,,,,2011-04-27,,0.47,,pre-market,,,,,,,,,,,,,6.8182,,,,,,,,,,,,
2011-06-30,GLW,,,,,,,,,,,,,,,,,,,,,,,,,,,,,,,,,,,,,,0.01,,,0.47,,,,,,,,,,,,,,,,,,,,,,,,,,,,,,,,,,,,,,,,,,,,,,,,,2011-07-27,,0.48,,pre-market,,,,,,,,,,,,,2.1277,,,,,,,,,,,,
2011-09-30,GLW,,,,,,,,,,,,,,,,,,,,,,,,,,,,,,,,,,,,,,0.06,,,0.42,,,,,,,,,,,,,,,,,,,,,,,,,,,,,,,,,,,,,,,,,,,,,,,,,2011-10-26,,0.48,,pre-market,,,,,,,,,,,,,14.2857,,,,,,,,,,,,
2011-12-31,GLW,,,,,,,,,,,,,,,,,,,,,,,,,,,,,,,,,,,,,,0.0,,,0.33,,,,,,,,,,,,,,,,,,,,,,,,,,,,,,,,,,,,,,,,,,,,,,,,,2012-01-25,,0.33,,pre-market,,,,,,,,,,,,,0.0,,,,,,,,,,,,
2012-03-31,GLW,,,,,,,,,,,,,,,,,,,,,,,,,,,,,,,,,,,,,,0.02,,,0.28,,,,,,,,,,,,,,,,,,,,,,,,,,,,,,,,,,,,,,,,,,,,,,,,,2012-04-25,,0.3,,pre-market,,,,,,,,,,,,,7.1429,,,,,,,,,,,,
2012-06-30,GLW,,,,,,,,,,,,,,,,,,,,,,,,,,,,,,,,,,,,,,0.0,,,0.31,,,,,,,,,,,,,,,,,,,,,,,,,,,,,,,,,,,,,,,,,,,,,,,,,2012-07-25,,0.31,,pre-market,,,,,,,,,,,,,0.0,,,,,,,,,,,,
2012-09-30,GLW,,,,,,,,,,,,,,,,,,,,,,,,,,,,,,,,,,,,,,0.02,,,0.32,,,,,,,,,,,,,,,,,,,,,,,,,,,,,,,,,,,,,,,,,,,,,,,,,2012-10-24,,0.34,,pre-market,,,,,,,,,,,,,6.25,,,,,,,,,,,,
2012-12-31,GLW,,,,,,,,,,,,,,,,,,,,,,,,,,,,,,,,,,,,,,0.01,,,0.33,,,,,,,,,,,,,,,,,,,,,,,,,,,,,,,,,,,,,,,,,,,,,,,,,2013-01-29,,0.34,,pre-market,,,,,,,,,,,,,3.0303,,,,,,,,,,,,
2013-03-31,GLW,,,,,,,,,,,,,,,,,,,,,,,,,,,,,,,,,,,,,,0.06,,,0.24,,,,,,,,,,,,,,,,,,,,,,,,,,,,,,,,,,,,,,,,,,,,,,,,,2013-04-24,,0.3,,pre-market,,,,,,,,,,,,,25.0,,,,,,,,,,,,
2013-06-30,GLW,,,,,,,,,,,,,,,,,,,,,,,,,,,,,,,,,,,,,,0.01,,,0.31,,,,,,,,,,,,,,,,,,,,,,,,,,,,,,,,,,,,,,,,,,,,,,,,,2013-07-30,,0.32,,pre-market,,,,,,,,,,,,,3.2258,,,,,,,,,,,,
2013-09-30,GLW,,,,,,,,,,,,,,,,,,,,,,,,,,,,,,,,,,,,,,0.01,,,0.32,,,,,,,,,,,,,,,,,,,,,,,,,,,,,,,,,,,,,,,,,,,,,,,,,2013-10-30,,0.33,,pre-market,,,,,,,,,,,,,3.125,,,,,,,,,,,,
2013-12-31,GLW,,,,,,,,,,,,,,,,,,,,,,,,,,,,,,,,,,,,,,0.01,,,0.28,,,,,,,,,,,,,,,,,,,,,,,,,,,,,,,,,,,,,,,,,,,,,,,,,2014-01-28,,0.29,,pre-market,,,,,,,,,,,,,3.5714,,,,,,,,,,,,
2014-03-31,GLW,,,,,,,,,,,,,,,,,,,,,,,,,,,,,,,,,,,,,,0.01,,,0.3,,,,,,,,,,,,,,,,,,,,,,,,,,,,,,,,,,,,,,,,,,,,,,,,,2014-04-28,,0.31,,pre-market,,,,,,,,,,,,,3.3333,,,,,,,,,,,,
2014-06-30,GLW,,,,,,,,,,,,,,,,,,,,,,,,,,,,,,,,,,,,,,-0.01,,,0.38,,,,,,,,,,,,,,,,,,,,,,,,,,,,,,,,,,,,,,,,,,,,,,,,,2014-07-29,,0.37,,pre-market,,,,,,,,,,,,,-2.6316,,,,,,,,,,,,
2014-09-30,GLW,,,,,,,,,,,,,,,,,,,,,,,,,,,,,,,,,,,,,,0.02,,,0.38,,,,,,,,,,,,,,,,,,,,,,,,,,,,,,,,,,,,,,,,,,,,,,,,,2014-10-28,,0.4,,pre-market,,,,,,,,,,,,,5.2632,,,,,,,,,,,,
2014-12-31,GLW,,,,,,,,,,,,,,,,,,,,,,,,,,,,,,,,,,,,,,0.07,,,0.38,,,,,,,,,,,,,,,,,,,,,,,,,,,,,,,,,,,,,,,,,,,,,,,,,2015-01-27,,0.45,,pre-market,,,,,,,,,,,,,18.4211,,,,,,,,,,,,
2015-03-31,GLW,,,,,,,,,,,,,,,,,,,,,,,,,,,,,,,,,,,,,,0.02,,,0.33,,,,,,,,,,,,,,,,,,,,,,,,,,,,,,,,,,,,,,,,,,,,,,,,,2015-04-28,,0.35,,pre-market,,,,,,,,,,,,,6.0606,,,,,,,,,,,,
2015-06-30,GLW,,,,,,,,,,,,,,,,,,,,,,,,,,,,,,,,,,,,,,0.01,,,0.37,,,,,,,,,,,,,,,,,,,,,,,,,,,,,,,,,,,,,,,,,,,,,,,,,2015-07-28,,0.38,,pre-market,,,,,,,,,,,,,2.7027,,,,,,,,,,,,
2015-09-30,GLW,,,,,,,,,,,,,,,,,,,,,,,,,,,,,,,,,,,,,,-0.01,,,0.35,,,,,,,,,,,,,,,,,,,,,,,,,,,,,,,,,,,,,,,,,,,,,,,,,2015-10-27,,0.34,,pre-market,,,,,,,,,,,,,-2.8571,,,,,,,,,,,,
2015-12-31,GLW,,,,,,,,,,,,,,,,,,,,,,,,,,,,,,,,,,,,,,0.03,,,0.31,,,,,,,,,,,,,,,,,,,,,,,,,,,,,,,,,,,,,,,,,,,,,,,,,2016-01-26,,0.34,,pre-market,,,,,,,,,,,,,9.6774,,,,,,,,,,,,
2016-03-31,GLW,,,,,,,,,,,,,,,,,,,,,,,,,,,,,,,,,,,,,,0.0,,,0.28,,,,,,,,,,,,,,,,,,,,,,,,,,,,,,,,,,,,,,,,,,,,,,,,,2016-04-26,,0.28,,pre-market,,,,,,,,,,,,,0.0,,,,,,,,,,,,
2016-06-30,GLW,,,,,,,,,,,,,,,,,,,,,,,,,,,,,,,,,,,,,,0.05,,,0.32,,,,,,,,,,,,,,,,,,,,,,,,,,,,,,,,,,,,,,,,,,,,,,,,,2016-07-27,,0.37,,pre-market,,,,,,,,,,,,,15.625,,,,,,,,,,,,
2016-09-30,GLW,,,,,,,,,,,,,,,,,,,,,,,,,,,,,,,,,,,,,,0.04,,,0.38,,,,,,,,,,,,,,,,,,,,,,,,,,,,,,,,,,,,,,,,,,,,,,,,,2016-10-25,,0.42,,pre-market,,,,,,,,,,,,,10.5263,,,,,,,,,,,,
2016-12-31,GLW,,,,,,,,,,,,,,,,,,,,,,,,,,,,,,,,,,,,,,0.06,,,0.44,,,,,,,,,,,,,,,,,,,,,,,,,,,,,,,,,,,,,,,,,,,,,,,,,2017-01-24,,0.5,,pre-market,,,,,,,,,,,,,13.6364,,,,,,,,,,,,
2017-03-31,GLW,,,,,,,,,,,,,,,,,,,,,,,,,,,,,,,,,,,,,,0.04,,,0.35,,,,,,,,,,,,,,,,,,,,,,,,,,,,,,,,,,,,,,,,,,,,,,,,,2017-04-25,,0.39,,pre-market,,,,,,,,,,,,,11.4286,,,,,,,,,,,,
2017-06-30,GLW,,,,,,,,,,,,,,,,,,,,,,,,,,,,,,,,,,,,,,0.02,,,0.4,,,,,,,,,,,,,,,,,,,,,,,,,,,,,,,,,,,,,,,,,,,,,,,,,2017-07-26,,0.42,,pre-market,,,,,,,,,,,,,5.0,,,,,,,,,,,,
2017-09-30,GLW,,,,,,,,,,,,,,,,,,,,,,,,,,,,,,,,,,,,,,0.02,,,0.41,,,,,,,,,,,,,,,,,,,,,,,,,,,,,,,,,,,,,,,,,,,,,,,,,2017-10-24,,0.43,,pre-market,,,,,,,,,,,,,4.878,,,,,,,,,,,,
2017-12-31,GLW,,,,,,,,,,,,,,,,,,,,,,,,,,,,,,,,,,,,,,0.02,,,0.47,,,,,,,,,,,,,,,,,,,,,,,,,,,,,,,,,,,,,,,,,,,,,,,,,2018-01-30,,0.49,,pre-market,,,,,,,,,,,,,4.2553,,,,,,,,,,,,
2018-03-31,GLW,,,,,,,,,,,,,,,,,,,,,,,,,,,,,,,,,,,,,,0.02,,,0.29,,,,,,,,,,,,,,,,,,,,,,,,,,,,,,,,,,,,,,,,,,,,,,,,,2018-04-24,,0.31,,pre-market,,,,,,,,,,,,,6.8966,,,,,,,,,,,,
2018-06-30,GLW,,,,,,,,,,,,,,,,,,,,,,,,,,,,,,,,,,,,,,0.01,,,0.37,,,,,,,,,,,,,,,,,,,,,,,,,,,,,,,,,,,,,,,,,,,,,,,,,2018-07-25,,0.38,,pre-market,,,,,,,,,,,,,2.7027,,,,,,,,,,,,
2018-09-30,GLW,,,,,,,,,,,,,,,,,,,,,,,,,,,,,,,,,,,,,,0.03,,,0.48,,,,,,,,,,,,,,,,,,,,,,,,,,,,,,,,,,,,,,,,,,,,,,,,,2018-10-23,,0.51,,pre-market,,,,,,,,,,,,,6.25,,,,,,,,,,,,
2018-12-31,GLW,,,,,,,,,,,,,,,,,,,,,,,,,,,,,,,,,,,,,,0.01,,,0.58,,,,,,,,,,,,,,,,,,,,,,,,,,,,,,,,,,,,,,,,,,,,,,,,,2019-01-29,,0.59,,pre-market,,,,,,,,,,,,,1.7241,,,,,,,,,,,,
2019-03-31,GLW,,,,,,,,,,,,,,,,,,,,,,,,,,,,,,,,,,,,,,0.0,,,0.4,,,,,,,,,,,,,,,,,,,,,,,,,,,,,,,,,,,,,,,,,,,,,,,,,2019-04-30,,0.4,,pre-market,,,,,,,,,,,,,0.0,,,,,,,,,,,,
2019-06-30,GLW,,,,,,,,,,,,,,,,,,,,,,,,,,,,,,,,,,,,,,0.0,,,0.45,,,,,,,,,,,,,,,,,,,,,,,,,,,,,,,,,,,,,,,,,,,,,,,,,2019-07-30,,0.45,,pre-market,,,,,,,,,,,,,0.0,,,,,,,,,,,,
2019-09-30,GLW,,,,,,,,,,,,,,,,,,,,,,,,,,,,,,,,,,,,,,0.04,,,0.4,,,,,,,,,,,,,,,,,,,,,,,,,,,,,,,,,,,,,,,,,,,,,,,,,2019-10-29,,0.44,,pre-market,,,,,,,,,,,,,10.0,,,,,,,,,,,,
2019-12-31,GLW,,,,,,,,,,,,,,,,,,,,,,,,,,,,,,,,,,,,,,0.02,,,0.44,,,,,,,,,,,,,,,,,,,,,,,,,,,,,,,,,,,,,,,,,,,,,,,,,2020-01-29,,0.46,,post-market,,,,,,,,,,,,,4.5455,,,,,,,,,,,,
2020-03-31,GLW,,,,,,,,,,,,,,,,,,,,,,,,,,,,,,,,,,,,,,0.01,,,0.19,,,,,,,,,,,,,,,,,,,,,,,,,,,,,,,,,,,,,,,,,,,,,,,,,2020-04-28,,0.2,,pre-market,,,,,,,,,,,,,5.2632,,,,,,,,,,,,
2020-06-30,GLW,,,,,,,,,,,,,,,,,,,,,,,,,,,,,,,,,,,,,,0.11,,,0.14,,,,,,,,,,,,,,,,,,,,,,,,,,,,,,,,,,,,,,,,,,,,,,,,,2020-07-28,,0.25,,pre-market,,,,,,,,,,,,,78.5714,,,,,,,,,,,,
2020-09-30,GLW,,,,,,,,,,,,,,,,,,,,,,,,,,,,,,,,,,,,,,0.05,,,0.38,,,,,,,,,,,,,,,,,,,,,,,,,,,,,,,,,,,,,,,,,,,,,,,,,2020-10-27,,0.43,,pre-market,,,,,,,,,,,,,13.1579,,,,,,,,,,,,
2020-12-31,GLW,,,,,,,,,,,,,,,,,,,,,,,,,,,,,,,,,,,,,,0.03,,,0.49,,,,,,,,,,,,,,,,,,,,,,,,,,,,,,,,,,,,,,,,,,,,,,,,,2021-01-27,,0.52,,pre-market,,,,,,,,,,,,,6.1224,,,,,,,,,,,,
2021-03-31,GLW,,,,,,,,,,,,,,,,,,,,,,,,,,,,,,,,,,,,,,0.02,,,0.43,,,,,,,,,,,,,,,,,,,,,,,,,,,,,,,,,,,,,,,,,,,,,,,,,2021-04-27,,0.45,,pre-market,,,,,,,,,,,,,4.6512,,,,,,,,,,,,
2021-06-30,GLW,,,,,,,,,,,,,,,,,,,,,,,,,,,,,,,,,,,,,,0.02,,,0.51,,,,,,,,,,,,,,,,,,,,,,,,,,,,,,,,,,,,,,,,,,,,,,,,,2021-07-27,,0.53,,pre-market,,,,,,,,,,,,,3.9216,,,,,,,,,,,,
2021-09-30,GLW,,,,,,,,,,,,,,,,,,,,,,,,,,,,,,,,,,,,,,-0.02,,,0.58,,,,,,,,,,,,,,,,,,,,,,,,,,,,,,,,,,,,,,,,,,,,,,,,,2021-10-26,,0.56,,pre-market,,,,,,,,,,,,,-3.4483,,,,,,,,,,,,
2021-12-31,GLW,,,,,,,,,,,,,,,,,,,,,,,,,,,,,,,,,,,,,,0.02,,,0.52,,,,,,,,,,,,,,,,,,,,,,,,,,,,,,,,,,,,,,,,,,,,,,,,,2022-01-26,,0.54,,pre-market,,,,,,,,,,,,,3.8462,,,,,,,,,,,,
2022-03-31,GLW,,,,,,,,,,,,,,,,,,,,,,,,,,,,,,,,,,,,,,0.05,,,0.49,,,,,,,,,,,,,,,,,,,,,,,,,,,,,,,,,,,,,,,,,,,,,,,,,2022-04-26,,0.54,,pre-market,,,,,,,,,,,,,10.2041,,,,,,,,,,,,
2022-06-30,GLW,,,,,,,,,,,,,,,,,,,,,,,,,,,,,,,,,,,,,,0.01,,,0.56,,,,,,,,,,,,,,,,,,,,,,,,,,,,,,,,,,,,,,,,,,,,,,,,,2022-07-26,,0.57,,pre-market,,,,,,,,,,,,,1.7857,,,,,,,,,,,,
2022-09-30,GLW,,,,,,,,,,,,,,,,,,,,,,,,,,,,,,,,,,,,,,0.0,,,0.51,,,,,,,,,,,,,,,,,,,,,,,,,,,,,,,,,,,,,,,,,,,,,,,,,2022-10-25,,0.51,,pre-market,,,,,,,,,,,,,0.0,,,,,,,,,,,,
2022-12-31,GLW,,,,,,,,,,,,,,,,,,,,,,,,,,,,,,,,,,,,,,0.03,,,0.44,,,,,,,,,,,,,,,,,,,,,,,,,,,,,,,,,,,,,,,,,,,,,,,,,2023-01-31,,0.47,,pre-market,,,,,,,,,,,,,6.8182,,,,,,,,,,,,
2023-03-31,GLW,,,,,,,,,,,,,,,,,,,,,,,,,,,,,,,,,,,,,,0.02,,,0.39,,,,,,,,,,,,,,,,,,,,,,,,,,,,,,,,,,,,,,,,,,,,,,,,,2023-04-25,,0.41,,pre-market,,,,,,,,,,,,,5.1282,,,,,,,,,,,,
2023-06-30,GLW,,,,,,,,,,,,,,,,,,,,,,,,,,,,,,,,,,,,,,0.0,,,0.45,,,,,,,,,,,,,,,,,,,,,,,,,,,,,,,,,,,,,,,,,,,,,,,,,2023-07-25,,0.45,,pre-market,,,,,,,,,,,,,0.0,,,,,,,,,,,,
2023-09-30,GLW,,,,,,,,,,,,,,,,,,,,,,,,,,,,,,,,,,,,,,-0.02,,,0.47,,,,,,,,,,,,,,,,,,,,,,,,,,,,,,,,,,,,,,,,,,,,,,,,,2023-10-24,,0.45,,pre-market,,,,,,,,,,,,,-4.2553,,,,,,,,,,,,
2023-12-31,GLW,,,,,,,,,,,,,,,,,,,,,,,,,,,,,,,,,,,,,,-0.02,,,0.41,,,,,,,,,,,,,,,,,,,,,,,,,,,,,,,,,,,,,,,,,,,,,,,,,2024-01-30,,0.39,,pre-market,,,,,,,,,,,,,-4.878,,,,,,,,,,,,
2024-03-31,GLW,,,,,,,,,,,,,,,,,,,,,,,,,,,,,,,,,,,,,,0.03,,,0.35,,,,,,,,,,,,,,,,,,,,,,,,,,,,,,,,,,,,,,,,,,,,,,,,,2024-04-30,,0.38,,pre-market,,,,,,,,,,,,,8.5714,,,,,,,,,,,,
2024-06-30,GLW,,,,,,,,,,,,,,,,,,,,,,,,,,,,,,,,,,,,,,0.0,,,0.47,,,,,,,,,,,,,,,,,,,,,,,,,,,,,,,,,,,,,,,,,,,,,,,,,2024-07-30,,0.47,,pre-market,,,,,,,,,,,,,0.0,,,,,,,,,,,,
2024-09-30,GLW,,,,,,,,,,,,,,,,,,,,,,,,,,,,,,,,,,,,,,0.02,,,0.52,,,,,,,,,,,,,,,,,,,,,,,,,,,,,,,,,,,,,,,,,,,,,,,,,2024-10-29,,0.54,,pre-market,,,,,,,,,,,,,3.8462,,,,,,,,,,,,
2024-12-31,GLW,,,,,,,,,,,,,,,,,,,,,,,,,,,,,,,,,,,,,,0.01,,,0.56,,,,,,,,,,,,,,,,,,,,,,,,,,,,,,,,,,,,,,,,,,,,,,,,,2025-01-29,,0.57,,pre-market,,,,,,,,,,,,,1.7857,,,,,,,,,,,,
2025-03-31,GLW,,,,,,,,,,,,,,,,,,,,,,,,,,,,,,,,,,,,,,0.03,,,0.51,,,,,,,,,,,,,,,,,,,,,,,,,,,,,,,,,,,,,,,,,,,,,,,,,2025-04-29,,0.54,,pre-market,,,,,,,,,,,,,5.8824,,,,,,,,,,,,
2025-06-30,GLW,,,,,,,,,,,,,,,,,,,,,,,,,,,,,,,,,,,,,,0.03,,,0.57,,,,,,,,,,,,,,,,,,,,,,,,,,,,,,,,,,,,,,,,,,,,,,,,,2025-07-29,,0.6,,pre-market,,,,,,,,,,,,,5.2632,,,,,,,,,,,,
2025-09-30,GLW,,,,,,,,,,,,,,,,,,,,,,,,,,,,,,,,,,,,,,0.01,,,0.66,,,,,,,,,,,,,,,,,,,,,,,,,,,,,,,,,,,,,,,,,,,,,,,,,2025-10-28,,0.67,,pre-market,,,,,,,,,,,,,1.5152,,,,,,,,,,,,
2025-12-28,GLW,1.56,14915000000.0,57.42,,1.109,14.28,,,,,,,,,,,,,,,,,,,,,,,,,,1.12,0.0125,,,,3.5,0.01,,,0.66,,29.76,,5366000000.0,,,,,,,,,,,,,,,,,,,0.146,,,,,,,,,,,,,0.604,6.66,5.15,,,,,,,,0.0916,,,2025-10-28,,0.67,,pre-market,,,0.0442,0.127,0.209,17.45,,,,,64.52,86.2,1.5152,,,,,,,,,57.42,,96.64,36.82
2025-12-28,GLW,1.56,14915000000.0,57.42,,1.109,14.28,,,,,,,,,,,,,,,None,2580000000,2580000000,,,,,,None,327000000,,1.12,0.0125,,,,3.5,0.01,628000000,955000000,0.66,2025-09-30,29.76,,5366000000.0,1520000000,550000000,80000000,,,None,78000000,10000000,,None,,,,,430000000,470000000,-68000000,None,0.146,,931000000,589000000,,,,,None,,,,,0.604,6.66,5.15,,,,,,,,0.0916,,,2025-10-28,quarterly,0.67,USD,pre-market,280000000,,0.0442,0.127,0.209,17.45,624000000,,,,64.52,86.2,1.5152,,,,,,,4100000000,,57.42,,96.64,36.82
2025-12-28,GLW,1.56,14915000000.0,57.42,,1.109,14.28,,,,,,,,,,,,,,,None,2470000000,2470000000,,,,,,None,340000000,,1.12,0.0125,,,,3.5,0.01,667000000,1007000000,0.66,2025-06-30,29.76,,5366000000.0,1392000000,584000000,84000000,,,None,83000000,53000000,,None,,,,,469000000,500000000,-78000000,None,0.146,,819000000,573000000,,,,,None,,,,,0.604,6.66,5.15,,,,,,,,0.0916,,,2025-10-28,quarterly,0.67,USD,pre-market,276000000,,0.0442,0.127,0.209,17.45,515000000,,,,64.52,86.2,1.5152,,,,,,,3862000000,,57.42,,96.64,36.82
2025-12-28,GLW,1.56,14915000000.0,57.42,,1.109,14.28,,,,,,,,,,,,,,,None,2238000000,2238000000,,,,,,None,319000000,,1.12,0.0125,,,,3.5,0.01,322000000,641000000,0.66,2025-03-31,29.76,,5366000000.0,1214000000,240000000,55000000,,,None,82000000,12000000,,None,,,,,157000000,185000000,-70000000,None,0.146,,769000000,445000000,,,,,None,,,,,0.604,6.66,5.15,,,,,,,,0.0916,,,2025-10-28,quarterly,0.67,USD,pre-market,270000000,,0.0442,0.127,0.209,17.45,471000000,,,,64.52,86.2,1.5152,,,,,,,3452000000,,57.42,,96.64,36.82
2025-12-28,GLW,1.56,14915000000.0,57.42,,1.109,14.28,,,,,,,,,,,,,,,None,2304000000,2304000000,,,,,,None,335000000,,1.12,0.0125,,,,3.5,0.01,516000000,851000000,0.66,2024-12-31,29.76,,5366000000.0,1197000000,437000000,97000000,,,None,79000000,13000000,,None,,,,,310000000,340000000,-66000000,None,0.146,,804000000,393000000,,,,,None,,,,,0.604,6.66,5.15,,,,,,,,0.0916,,,2025-10-28,quarterly,0.67,USD,pre-market,275000000,,0.0442,0.127,0.209,17.45,499000000,,,,64.52,86.2,1.5152,,,,,,,3501000000,,57.42,,96.64,36.82
2025-12-28,GLW,1.56,14915000000.0,57.42,,1.109,14.28,,,,,,,,,,,,,,,None,2254000000,2254000000,,,,,,None,341000000,,1.12,0.0125,,,,3.5,0.01,-9000000,332000000,0.66,2024-09-30,29.76,,5366000000.0,1137000000,-92000000,3000000,,,None,83000000,12000000,,None,,,,,-117000000,-95000000,-71000000,None,0.146,,835000000,302000000,,,,,None,,,,,0.604,6.66,5.15,,,,,,,,0.0916,,,2025-10-28,quarterly,0.67,USD,pre-market,294000000,,0.0442,0.127,0.209,17.45,510000000,,,,64.52,86.2,1.5152,,,,,,,3391000000,,57.42,,96.64,36.82
2025-12-28,GLW,1.56,14915000000.0,57.42,,1.109,14.28,,,,,,,,,,,,,,,None,2302000000,2302000000,,,,,,None,337000000,,1.12,0.0125,,,,3.5,0.01,256000000,593000000,0.66,2024-06-30,29.76,,5366000000.0,949000000,172000000,50000000,,,None,84000000,10000000,,None,,,,,104000000,122000000,-74000000,None,0.146,,763000000,186000000,,,,,None,,,,,0.604,6.66,5.15,,,,,,,,0.0916,,,2025-10-28,quarterly,0.67,USD,pre-market,262000000,,0.0442,0.127,0.209,17.45,471000000,,,,64.52,86.2,1.5152,,,,,,,3251000000,,57.42,,96.64,36.82
2025-12-28,GLW,1.56,14915000000.0,57.42,,1.109,14.28,,,,,,,,,,,,,,,None,1982000000,1982000000,,,,,,None,337000000,,1.12,0.0125,,,,3.5,0.01,379000000,716000000,0.66,2024-03-31,29.76,,5366000000.0,993000000,296000000,71000000,,,None,83000000,12000000,,None,,,,,209000000,225000000,-71000000,None,0.146,,739000000,254000000,,,,,None,,,,,0.604,6.66,5.15,,,,,,,,0.0916,,,2025-10-28,quarterly,0.67,USD,pre-market,258000000,,0.0442,0.127,0.209,17.45,451000000,,,,64.52,86.2,1.5152,,,,,,,2975000000,,57.42,,96.64,36.82
2025-12-28,GLW,1.56,14915000000.0,57.42,,1.109,14.28,,,,,,,,,,,,,,,None,2083000000,2083000000,,,,,,None,345000000,,1.12,0.0125,,,,3.5,0.01,52000000,397000000,0.66,2023-12-31,29.76,,5366000000.0,911000000,-38000000,-10000000,,,None,90000000,13000000,,None,,,,,-40000000,-28000000,-77000000,None,0.146,,833000000,78000000,,,,,None,,,,,0.604,6.66,5.15,,,,,,,,0.0916,,,2025-10-28,quarterly,0.67,USD,pre-market,289000000,,0.0442,0.127,0.209,17.45,514000000,,,,64.52,86.2,1.5152,,,,,,,2994000000,,57.42,,96.64,36.82
2025-12-28,GLW,1.56,14915000000.0,57.42,,1.109,14.28,,,,,,,,,,,,,,,None,2169000000,2169000000,,,,,,None,340000000,,1.12,0.0125,,,,3.5,0.01,299000000,639000000,0.66,2023-09-30,29.76,,5366000000.0,1004000000,217000000,35000000,,,None,82000000,10000000,,None,,,,,164000000,182000000,-72000000,None,0.146,,768000000,236000000,,,,,None,,,,,0.604,6.66,5.15,,,,,,,,0.0916,,,2025-10-28,quarterly,0.67,USD,pre-market,270000000,,0.0442,0.127,0.209,17.45,468000000,,,,64.52,86.2,1.5152,,,,,,,3173000000,,57.42,,96.64,36.82
2025-12-28,GLW,1.56,14915000000.0,57.42,,1.109,14.28,,,,,,,,,,,,,,,None,2230000000,2230000000,,,,,,None,343000000,,1.12,0.0125,,,,3.5,0.01,490000000,833000000,0.66,2023-06-30,29.76,,5366000000.0,1013000000,409000000,106000000,,,None,81000000,8000000,,None,,,,,281000000,303000000,-73000000,None,0.146,,734000000,279000000,,,,,95000000,,,,,0.604,6.66,5.15,,,,,,,,0.0916,,,2025-10-28,quarterly,0.67,USD,pre-market,263000000,,0.0442,0.127,0.209,17.45,440000000,,,,64.52,86.2,1.5152,,,,,,,3243000000,,57.42,,96.64,36.82
2025-12-28,GLW,1.56,14915000000.0,57.42,,1.109,14.28,,,,,,,,,,,,,,,None,2175000000,2175000000,,,,,,None,341000000,,1.12,0.0125,,,,3.5,0.01,304000000,645000000,0.66,2023-03-31,29.76,,5366000000.0,1003000000,228000000,37000000,,,None,76000000,7000000,,None,,,,,176000000,191000000,-69000000,None,0.146,,706000000,297000000,,,,,15000000,,,,,0.604,6.66,5.15,,,,,,,,0.0916,,,2025-10-28,quarterly,0.67,USD,pre-market,254000000,,0.0442,0.127,0.209,17.45,421000000,,,,64.52,86.2,1.5152,,,,,,,3178000000,,57.42,,96.64,36.82
2025-12-28,GLW,1.56,14915000000.0,57.42,,1.109,14.28,,,,,,,,,,,,,,,None,2491000000,2491000000,,,,,,None,346000000,,1.12,0.0125,,,,3.5,0.01,80000000,426000000,0.66,2022-12-31,29.76,,5366000000.0,915000000,4000000,31000000,,,None,76000000,24000000,,None,,,,,-36000000,-27000000,-70000000,None,0.146,,829000000,86000000,,,,,-78000000,,,,,0.604,6.66,5.15,,,,,,,,0.0916,,,2025-10-28,quarterly,0.67,USD,pre-market,281000000,,0.0442,0.127,0.209,17.45,517000000,,,,64.52,86.2,1.5152,,,,,,,3406000000,,57.42,,96.64,36.82
2025-12-28,GLW,1.56,14915000000.0,57.42,,1.109,14.28,,,,,,,,,,,,,,,None,2426000000,2426000000,,,,,,None,358000000,,1.12,0.0125,,,,3.5,0.01,333000000,691000000,0.66,2022-09-30,29.76,,5366000000.0,1062000000,260000000,34000000,,,None,73000000,138000000,,None,,,,,208000000,226000000,-70000000,None,0.146,,770000000,292000000,,,,,109000000,,,,,0.604,6.66,5.15,,,,,,,,0.0916,,,2025-10-28,quarterly,0.67,USD,pre-market,278000000,,0.0442,0.127,0.209,17.45,461000000,,,,64.52,86.2,1.5152,,,,,,,3488000000,,57.42,,96.64,36.82
2025-12-28,GLW,1.56,14915000000.0,57.42,,1.109,14.28,,,,,,,,,,,,,,,None,2369000000,2369000000,,,,,,None,375000000,,1.12,0.0125,,,,3.5,0.01,822000000,1197000000,0.66,2022-06-30,29.76,,5366000000.0,1246000000,750000000,166000000,,,None,72000000,3000000,,None,,,,,563000000,584000000,-69000000,None,0.146,,756000000,490000000,,,,,136000000,,,,,0.604,6.66,5.15,,,,,,,,0.0916,,,2025-10-28,quarterly,0.67,USD,pre-market,240000000,,0.0442,0.127,0.209,17.45,486000000,,,,64.52,86.2,1.5152,,,,,,,3615000000,,57.42,,96.64,36.82
2025-12-28,GLW,1.56,14915000000.0,57.42,,1.109,14.28,,,,,,,,,,,,,,,None,2397000000,2397000000,,,,,,None,373000000,,1.12,0.0125,,,,3.5,0.01,854000000,1227000000,0.66,2022-03-31,29.76,,5366000000.0,1283000000,783000000,180000000,,,None,71000000,3000000,,None,,,,,581000000,581000000,-68000000,None,0.146,,713000000,570000000,,,,,133000000,,,,,0.604,6.66,5.15,,,,,,,,0.0916,,,2025-10-28,quarterly,0.67,USD,pre-market,248000000,,0.0442,0.127,0.209,17.45,434000000,,,,64.52,86.2,1.5152,,,,,,,3680000000,,57.42,,96.64,36.82
2025-12-28,GLW,1.56,14915000000.0,57.42,,1.109,14.28,,,,,,,,,,,,,,,None,2405000000,2405000000,,,,,,None,379000000,,1.12,0.0125,,,,3.5,0.01,649000000,1028000000,0.66,2021-12-31,29.76,,5366000000.0,1271000000,585000000,89000000,,,None,73000000,3000000,,None,,,,,487000000,487000000,-70000000,None,0.146,,788000000,483000000,,,,,74000000,,,,,0.604,6.66,5.15,,,,,,,,0.0916,,,2025-10-28,quarterly,0.67,USD,pre-market,280000000,,0.0442,0.127,0.209,17.45,476000000,,,,64.52,86.2,1.5152,,,,,,,3676000000,,57.42,,96.64,36.82
2025-12-28,GLW,1.56,14915000000.0,57.42,,1.109,14.28,,,,,,,,,,,,,,,None,2294000000,2294000000,,,,,,None,371000000,,1.12,0.0125,,,,3.5,0.01,565000000,936000000,0.66,2021-09-30,29.76,,5366000000.0,1321000000,493000000,109000000,,,None,72000000,66000000,,None,,,,,371000000,371000000,-69000000,None,0.146,,769000000,552000000,,,,,13000000,,,,,0.604,6.66,5.15,,,,,,,,0.0916,,,2025-10-28,quarterly,0.67,USD,pre-market,251000000,,0.0442,0.127,0.209,17.45,486000000,,,,64.52,86.2,1.5152,,,,,,,3615000000,,57.42,,96.64,36.82
2025-12-28,GLW,1.56,14915000000.0,57.42,,1.109,14.28,,,,,,,,,,,,,,,None,2186000000,2186000000,,,,,,None,369000000,,1.12,0.0125,,,,3.5,0.01,599000000,968000000,0.66,2021-06-30,29.76,,5366000000.0,1315000000,521000000,67000000,,,None,78000000,66000000,,None,,,,,449000000,449000000,-76000000,None,0.146,,740000000,575000000,,,,,16000000,,,,,0.604,6.66,5.15,,,,,,,,0.0916,,,2025-10-28,quarterly,0.67,USD,pre-market,242000000,,0.0442,0.127,0.209,17.45,465000000,,,,64.52,86.2,1.5152,,,,,,,3501000000,,57.42,,96.64,36.82
2025-12-28,GLW,1.56,14915000000.0,57.42,,1.109,14.28,,,,,,,,,,,,,,,None,2134000000,2134000000,,,,,,None,362000000,,1.12,0.0125,,,,3.5,0.01,902000000,1264000000,0.66,2021-03-31,29.76,,5366000000.0,1156000000,825000000,226000000,,,None,77000000,3000000,,None,,,,,599000000,599000000,-74000000,None,0.146,,654000000,502000000,,,,,128000000,,,,,0.604,6.66,5.15,,,,,,,,0.0916,,,2025-10-28,quarterly,0.67,USD,pre-market,222000000,,0.0442,0.127,0.209,17.45,400000000,,,,64.52,86.2,1.5152,,,,,,,3290000000,,57.42,,96.64,36.82
2025-12-28,GLW,1.56,14915000000.0,57.42,,1.109,14.28,,,,,,,,,,,,,,,None,2137000000,2137000000,,,,,,None,392000000,,1.12,0.0125,,,,3.5,0.01,405000000,797000000,0.66,2020-12-31,29.76,,5366000000.0,1213000000,330000000,78000000,,,None,75000000,3000000,,None,,,,,252000000,252000000,-72000000,None,0.146,,737000000,476000000,,,,,-28000000,,,,,0.604,6.66,5.15,,,,,,,,0.0916,,,2025-10-28,quarterly,0.67,USD,pre-market,232000000,,0.0442,0.127,0.209,17.45,471000000,,,,64.52,86.2,1.5152,,,,,,,3350000000,,57.42,,96.64,36.82
2025-12-28,GLW,1.56,14915000000.0,57.42,,1.109,14.28,,,,,,,,,,,,,,,None,2000000000,2000000000,,,,,,None,394000000,,1.12,0.0125,,,,3.5,0.01,520000000,914000000,0.66,2020-09-30,29.76,,5366000000.0,1001000000,450000000,23000000,,,None,70000000,243000000,,None,,,,,427000000,427000000,-67000000,None,0.146,,744000000,257000000,,,,,363000000,,,,,0.604,6.66,5.15,,,,,,,,0.0916,,,2025-10-28,quarterly,0.67,USD,pre-market,231000000,,0.0442,0.127,0.209,17.45,480000000,,,,64.52,86.2,1.5152,,,,,,,3001000000,,57.42,,96.64,36.82
2025-12-28,GLW,1.56,14915000000.0,57.42,,1.109,14.28,,,,,,,,,,,,,,,None,1805000000,1805000000,,,,,,None,352000000,,1.12,0.0125,,,,3.5,0.01,18000000,370000000,0.66,2020-06-30,29.76,,5366000000.0,756000000,-49000000,22000000,,,None,67000000,3000000,,None,,,,,-71000000,-71000000,-64000000,None,0.146,,859000000,-103000000,,,,,84000000,,,,,0.604,6.66,5.15,,,,,,,,0.0916,,,2025-10-28,quarterly,0.67,USD,pre-market,430000000,,0.0442,0.127,0.209,17.45,401000000,,,,64.52,86.2,1.5152,,,,,,,2561000000,,57.42,,96.64,36.82
2025-12-28,GLW,1.56,14915000000.0,57.42,,1.109,14.28,,,,,,,,,,,,,,,None,1830000000,1830000000,,,,,,None,382000000,,1.12,0.0125,,,,3.5,0.01,-44000000,338000000,0.66,2020-03-31,29.76,,5366000000.0,561000000,-108000000,-12000000,,,None,64000000,6000000,,None,,,,,-96000000,-96000000,-58000000,None,0.146,,682000000,-121000000,,,,,9000000,,,,,0.604,6.66,5.15,,,,,,,,0.0916,,,2025-10-28,quarterly,0.67,USD,pre-market,261000000,,0.0442,0.127,0.209,17.45,395000000,,,,64.52,86.2,1.5152,,,,,,,2391000000,,57.42,,96.64,36.82
2025-12-28,GLW,1.56,14915000000.0,57.42,,1.109,14.28,,,,,,,,,,,,,,,None,1963000000,1963000000,,,,,,None,392000000,,1.12,0.0125,,,,3.5,0.01,77000000,469000000,0.66,2019-12-31,29.76,,5366000000.0,854000000,17000000,-15000000,,,None,60000000,5000000,,None,,,,,32000000,32000000,-55000000,None,0.146,,707000000,147000000,,,,,-232000000,,,,,0.604,6.66,5.15,,,,,,,,0.0916,,,2025-10-28,quarterly,0.67,USD,pre-market,278000000,,0.0442,0.127,0.209,17.45,401000000,,,,64.52,86.2,1.5152,,,,,,,2817000000,,57.42,,96.64,36.82
2025-12-28,GLW,1.56,14915000000.0,57.42,,1.109,14.28,,,,,,,,,,,,,,,None,1917000000,1917000000,,,,,,None,396000000,,1.12,0.0125,,,,3.5,0.01,463000000,859000000,0.66,2019-09-30,29.76,,5366000000.0,1017000000,408000000,71000000,,,None,55000000,4000000,,None,,,,,337000000,337000000,-51000000,None,0.146,,652000000,365000000,,,,,12000000,,,,,0.604,6.66,5.15,,,,,,,,0.0916,,,2025-10-28,quarterly,0.67,USD,pre-market,255000000,,0.0442,0.127,0.209,17.45,369000000,,,,64.52,86.2,1.5152,,,,,,,2934000000,,57.42,,96.64,36.82
2025-12-28,GLW,1.56,14915000000.0,57.42,,1.109,14.28,,,,,,,,,,,,,,,None,1875000000,1875000000,,,,,,None,380000000,,1.12,0.0125,,,,3.5,0.01,270000000,650000000,0.66,2019-06-30,29.76,,5366000000.0,1065000000,216000000,124000000,,,None,54000000,5000000,,None,,,,,92000000,92000000,-49000000,None,0.146,,691000000,374000000,,,,,-104000000,,,,,0.604,6.66,5.15,,,,,,,,0.0916,,,2025-10-28,quarterly,0.67,USD,pre-market,249000000,,0.0442,0.127,0.209,17.45,414000000,,,,64.52,86.2,1.5152,,,,,,,2940000000,,57.42,,96.64,36.82
2025-12-28,GLW,1.56,14915000000.0,57.42,,1.109,14.28,,,,,,,,,,,,,,,None,1713000000,1713000000,,,,,,None,335000000,,1.12,0.0125,,,,3.5,0.01,627000000,962000000,0.66,2019-03-31,29.76,,5366000000.0,1099000000,575000000,76000000,,,None,52000000,7000000,,None,,,,,499000000,499000000,-45000000,None,0.146,,679000000,420000000,,,,,207000000,,,,,0.604,6.66,5.15,,,,,,,,0.0916,,,2025-10-28,quarterly,0.67,USD,pre-market,249000000,,0.0442,0.127,0.209,17.45,401000000,,,,64.52,86.2,1.5152,,,,,,,2812000000,,57.42,,96.64,36.82
2025-12-28,GLW,1.56,14915000000.0,57.42,,1.109,14.28,,,,,,,,,,,,,,,None,1833000000,1833000000,,,,,,None,330000000,,1.12,0.0125,,,,3.5,0.01,397000000,727000000,0.66,2018-12-31,29.76,,5366000000.0,1202000000,346000000,54000000,,,None,51000000,None,,None,,,,,292000000,292000000,None,None,0.146,,738000000,464000000,,,,,-67000000,,,,,0.604,6.66,5.15,,,,,,,,0.0916,,,2025-10-28,quarterly,0.67,USD,pre-market,265000000,,0.0442,0.127,0.209,17.45,447000000,,,,64.52,86.2,1.5152,,,,,,,3035000000,,57.42,,96.64,36.82
2025-12-28,GLW,1.56,14915000000.0,57.42,,1.109,14.28,,,,,,,,,,,,,,,None,1776000000,1776000000,,,,,,None,318000000,,1.12,0.0125,,,,3.5,0.01,803000000,1121000000,0.66,2018-09-30,29.76,,5366000000.0,1232000000,758000000,133000000,,,None,45000000,None,,None,,,,,625000000,625000000,None,None,0.146,,710000000,522000000,,,,,281000000,,,,,0.604,6.66,5.15,,,,,,,,0.0916,,,2025-10-28,quarterly,0.67,USD,pre-market,244000000,,0.0442,0.127,0.209,17.45,439000000,,,,64.52,86.2,1.5152,,,,,,,3008000000,,57.42,,96.64,36.82
2025-12-28,GLW,1.56,14915000000.0,57.42,,1.109,14.28,,,,,,,,,,,,,,,None,1675000000,1675000000,,,,,,None,322000000,,1.12,0.0125,,,,3.5,0.01,907000000,1229000000,0.66,2018-06-30,29.76,,5366000000.0,1072000000,864000000,126000000,,,None,43000000,None,,None,,,,,738000000,738000000,None,None,0.146,,677000000,395000000,,,,,512000000,,,,,0.604,6.66,5.15,,,,,,,,0.0916,,,2025-10-28,quarterly,0.67,USD,pre-market,243000000,,0.0442,0.127,0.209,17.45,412000000,,,,64.52,86.2,1.5152,,,,,,,2747000000,,57.42,,96.64,36.82
2025-12-28,GLW,1.56,14915000000.0,57.42,,1.109,14.28,,,,,,,,,,,,,,,None,1545000000,1545000000,,,,,,None,323000000,,1.12,0.0125,,,,3.5,0.01,-413000000,-90000000,0.66,2018-03-31,29.76,,5366000000.0,955000000,-465000000,124000000,,,None,52000000,None,,None,,,,,-589000000,-589000000,None,None,0.146,,761000000,194000000,,,,,-607000000,,,,,0.604,6.66,5.15,,,,,,,,0.0916,,,2025-10-28,quarterly,0.67,USD,pre-market,241000000,,0.0442,0.127,0.209,17.45,501000000,,,,64.52,86.2,1.5152,,,,,,,2500000000,,57.42,,96.64,36.82
2025-12-28,GLW,1.56,14915000000.0,57.42,,1.109,14.28,,,,,,,,,,,,,,,None,1603000000,1603000000,,,,,,None,306000000,,1.12,0.0125,,,,3.5,0.01,609000000,915000000,0.66,2017-12-31,29.76,,5366000000.0,1034000000,566000000,1978000000,,,None,43000000,None,,None,,,,,-1412000000,-1588000000,None,None,0.146,,662000000,372000000,,,,,237000000,,,,,0.604,6.66,5.15,,,,,,,,0.0916,,,2025-10-28,quarterly,0.67,USD,pre-market,240000000,,0.0442,0.127,0.209,17.45,400000000,,,,64.52,86.2,1.5152,,,,,,,2637000000,,57.42,,96.64,36.82
2025-12-28,GLW,1.56,14915000000.0,57.42,,1.109,14.28,,,,,,,,,,,,,,,None,1557000000,1557000000,,,,,,None,294000000,,1.12,0.0125,,,,3.5,0.01,516000000,810000000,0.66,2017-09-30,29.76,,5366000000.0,1050000000,479000000,89000000,,,None,37000000,None,,None,,,,,390000000,479000000,None,None,0.146,,608000000,453000000,,,,,63000000,,,,,0.604,6.66,5.15,,,,,,,,0.0916,,,2025-10-28,quarterly,0.67,USD,pre-market,213000000,,0.0442,0.127,0.209,17.45,372000000,,,,64.52,86.2,1.5152,,,,,,,2607000000,,57.42,,96.64,36.82
2025-12-28,GLW,1.56,14915000000.0,57.42,,1.109,14.28,,,,,,,,,,,,,,,None,1510000000,1510000000,,,,,,None,281000000,,1.12,0.0125,,,,3.5,0.01,630000000,911000000,0.66,2017-06-30,29.76,,5366000000.0,987000000,592000000,153000000,,,None,38000000,None,,None,,,,,439000000,592000000,None,None,0.146,,602000000,381000000,,,,,249000000,,,,,0.604,6.66,5.15,,,,,,,,0.0916,,,2025-10-28,quarterly,0.67,USD,pre-market,207000000,,0.0442,0.127,0.209,17.45,379000000,,,,64.52,86.2,1.5152,,,,,,,2497000000,,57.42,,96.64,36.82
2025-12-28,GLW,1.56,14915000000.0,57.42,,1.109,14.28,,,,,,,,,,,,,,,None,1424000000,1424000000,,,,,,None,277000000,,1.12,0.0125,,,,3.5,0.01,57000000,334000000,0.66,2017-03-31,29.76,,5366000000.0,951000000,20000000,-66000000,,,None,37000000,None,,None,,,,,86000000,20000000,None,None,0.146,,538000000,413000000,,,,,-367000000,,,,,0.604,6.66,5.15,,,,,,,,0.0916,,,2025-10-28,quarterly,0.67,USD,pre-market,200000000,,0.0442,0.127,0.209,17.45,316000000,,,,64.52,86.2,1.5152,,,,,,,2375000000,,57.42,,96.64,36.82
2025-12-28,GLW,1.56,14915000000.0,57.42,,1.109,14.28,,,,,,,,,,,,,,,None,1486000000,1486000000,,,,,,None,305000000,,1.12,0.0125,,,,3.5,0.01,2441000000,2746000000,0.66,2016-12-31,29.76,,5366000000.0,990000000,2404000000,832000000,,,None,37000000,None,,None,,,,,1572000000,1572000000,None,None,0.146,,558000000,432000000,,,,,2009000000,,,,,0.604,6.66,5.15,,,,,,,,0.0916,,,2025-10-28,quarterly,0.67,USD,pre-market,173000000,,0.0442,0.127,0.209,17.45,368000000,,,,64.52,86.2,1.5152,,,,,,,2476000000,,57.42,,96.64,36.82
2025-12-28,GLW,1.56,14915000000.0,57.42,,1.109,14.28,,,,,,,,,,,,,,,None,1466000000,1466000000,,,,,,None,300000000,,1.12,0.0125,,,,3.5,0.01,298000000,598000000,0.66,2016-09-30,29.76,,5366000000.0,1041000000,257000000,-27000000,,,None,41000000,None,,None,,,,,284000000,284000000,None,None,0.146,,506000000,535000000,,,,,-237000000,,,,,0.604,6.66,5.15,,,,,,,,0.0916,,,2025-10-28,quarterly,0.67,USD,pre-market,187000000,,0.0442,0.127,0.209,17.45,302000000,,,,64.52,86.2,1.5152,,,,,,,2507000000,,57.42,,96.64,36.82
2025-12-28,GLW,1.56,14915000000.0,57.42,,1.109,14.28,,,,,,,,,,,,,,,None,1409000000,1409000000,,,,,,None,295000000,,1.12,0.0125,,,,3.5,0.01,1743000000,2038000000,0.66,2016-06-30,29.76,,5366000000.0,951000000,1703000000,-504000000,,,None,40000000,None,,None,,,,,2207000000,-469000000,None,None,0.146,,704000000,247000000,,,,,-1180000000,,,,,0.604,6.66,5.15,,,,,,,,0.0916,,,2025-10-28,quarterly,0.67,USD,pre-market,192000000,,0.0442,0.127,0.209,17.45,499000000,,,,64.52,86.2,1.5152,,,,,,,2360000000,,57.42,,96.64,36.82
2025-12-28,GLW,1.56,14915000000.0,57.42,,1.109,14.28,,,,,,,,,,,,,,,None,1283000000,1283000000,,,,,,None,295000000,,1.12,0.0125,,,,3.5,0.01,-631000000,-336000000,0.66,2016-03-31,29.76,,5366000000.0,764000000,-672000000,-304000000,,,None,41000000,None,,None,,,,,-368000000,-368000000,None,None,0.146,,587000000,177000000,,,,,-808000000,,,,,0.604,6.66,5.15,,,,,,,,0.0916,,,2025-10-28,quarterly,0.67,USD,pre-market,190000000,,0.0442,0.127,0.209,17.45,303000000,,,,64.52,86.2,1.5152,,,,,,,2047000000,,57.42,,96.64,36.82
2025-12-28,GLW,1.56,14915000000.0,57.42,,1.109,14.28,,,,,,,,,,,,,,,None,1374000000,1374000000,,,,,,None,302000000,,1.12,0.0125,,,,3.5,0.01,208000000,510000000,0.66,2015-12-31,29.76,,5366000000.0,857000000,169000000,-55000000,,,None,39000000,None,,None,,,,,224000000,224000000,None,None,0.146,,770000000,87000000,,,,,121000000,,,,,0.604,6.66,5.15,,,,,,,,0.0916,,,2025-10-28,quarterly,0.67,USD,pre-market,208000000,,0.0442,0.127,0.209,17.45,563000000,,,,64.52,86.2,1.5152,,,,,,,2231000000,,57.42,,96.64,36.82
2025-12-28,GLW,1.56,14915000000.0,57.42,,1.109,14.28,,,,,,,,,,,,,,,None,1380000000,1380000000,,,,,,None,292000000,,1.12,0.0125,,,,3.5,0.01,256000000,548000000,0.66,2015-09-30,29.76,,5366000000.0,892000000,218000000,6000000,,,None,38000000,None,,None,,,,,212000000,212000000,None,None,0.146,,500000000,392000000,,,,,-136000000,,,,,0.604,6.66,5.15,,,,,,,,0.0916,,,2025-10-28,quarterly,0.67,USD,pre-market,181000000,,0.0442,0.127,0.209,17.45,307000000,,,,64.52,86.2,1.5152,,,,,,,2272000000,,57.42,,96.64,36.82
2025-12-28,GLW,1.56,14915000000.0,57.42,,1.109,14.28,,,,,,,,,,,,,,,None,1368000000,1368000000,,,,,,None,299000000,,1.12,0.0125,,,,3.5,0.01,639000000,938000000,0.66,2015-06-30,29.76,,5366000000.0,975000000,606000000,110000000,,,None,33000000,None,,None,,,,,496000000,496000000,None,None,0.146,,544000000,431000000,,,,,208000000,,,,,0.604,6.66,5.15,,,,,,,,0.0916,,,2025-10-28,quarterly,0.67,USD,pre-market,191000000,,0.0442,0.127,0.209,17.45,337000000,,,,64.52,86.2,1.5152,,,,,,,2343000000,,57.42,,96.64,36.82
2025-12-28,GLW,1.56,14915000000.0,57.42,,1.109,14.28,,,,,,,,,,,,,,,None,1336000000,1336000000,,,,,,None,291000000,,1.12,0.0125,,,,3.5,0.01,523000000,814000000,0.66,2015-03-31,29.76,,5366000000.0,929000000,493000000,86000000,,,None,30000000,None,,None,,,,,407000000,407000000,None,None,0.146,,517000000,412000000,,,,,111000000,,,,,0.604,6.66,5.15,,,,,,,,0.0916,,,2025-10-28,quarterly,0.67,USD,pre-market,189000000,,0.0442,0.127,0.209,17.45,316000000,,,,64.52,86.2,1.5152,,,,,,,2265000000,,57.42,,96.64,36.82
2025-12-28,GLW,1.56,14915000000.0,57.42,,1.109,14.28,,,,,,,,,,,,,,,None,1408000000,1408000000,,,,,,None,298000000,,1.12,0.0125,,,,3.5,0.01,1369000000,1667000000,0.66,2014-12-31,29.76,,5366000000.0,996000000,1337000000,349000000,,,None,32000000,None,,None,,,,,988000000,988000000,None,None,0.146,,460000000,536000000,,,,,833000000,,,,,0.604,6.66,5.15,,,,,,,,0.0916,,,2025-10-28,quarterly,0.67,USD,pre-market,210000000,,0.0442,0.127,0.209,17.45,242000000,,,,64.52,86.2,1.5152,,,,,,,2404000000,,57.42,,96.64,36.82
2025-12-28,GLW,1.56,14915000000.0,57.42,,1.109,14.28,,,,,,,,,,,,,,,None,1451000000,1451000000,,,,,,None,303000000,,1.12,0.0125,,,,3.5,0.01,1440000000,1743000000,0.66,2014-09-30,29.76,,5366000000.0,1089000000,1409000000,395000000,,,None,31000000,None,,None,,,,,1014000000,1014000000,None,None,0.146,,469000000,620000000,,,,,820000000,,,,,0.604,6.66,5.15,,,,,,,,0.0916,,,2025-10-28,quarterly,0.67,USD,pre-market,199000000,,0.0442,0.127,0.209,17.45,256000000,,,,64.52,86.2,1.5152,,,,,,,2540000000,,57.42,,96.64,36.82
2025-12-28,GLW,1.56,14915000000.0,57.42,,1.109,14.28,,,,,,,,,,,,,,,None,1450000000,1450000000,,,,,,None,302000000,,1.12,0.0125,,,,3.5,0.01,371000000,673000000,0.66,2014-06-30,29.76,,5366000000.0,1032000000,341000000,172000000,,,None,30000000,None,,None,,,,,169000000,169000000,None,None,0.146,,572000000,460000000,,,,,-89000000,,,,,0.604,6.66,5.15,,,,,,,,0.0916,,,2025-10-28,quarterly,0.67,USD,pre-market,208000000,,0.0442,0.127,0.209,17.45,318000000,,,,64.52,86.2,1.5152,,,,,,,2482000000,,57.42,,96.64,36.82
2025-12-28,GLW,1.56,14915000000.0,57.42,,1.109,14.28,,,,,,,,,,,,,,,None,1354000000,1354000000,,,,,,None,297000000,,1.12,0.0125,,,,3.5,0.01,511000000,808000000,0.66,2014-03-31,29.76,,5366000000.0,935000000,481000000,180000000,,,None,30000000,None,,None,,,,,301000000,301000000,None,None,0.146,,620000000,315000000,,,,,196000000,,,,,0.604,6.66,5.15,,,,,,,,0.0916,,,2025-10-28,quarterly,0.67,USD,pre-market,198000000,,0.0442,0.127,0.209,17.45,395000000,,,,64.52,86.2,1.5152,,,,,,,2289000000,,57.42,,96.64,36.82
2025-12-28,GLW,1.56,14915000000.0,57.42,,1.109,14.28,,,,,,,,,,,,,,,None,1186000000,1186000000,,,,,,None,249000000,,1.12,0.0125,,,,3.5,0.01,595000000,844000000,0.66,2013-12-31,29.76,,5366000000.0,770000000,567000000,146000000,,,None,28000000,None,,None,,,,,421000000,421000000,None,None,0.146,,586000000,184000000,,,,,411000000,,,,,0.604,6.66,5.15,,,,,,,,0.0916,,,2025-10-28,quarterly,0.67,USD,pre-market,169000000,,0.0442,0.127,0.209,17.45,336000000,,,,64.52,86.2,1.5152,,,,,,,1956000000,,57.42,,96.64,36.82
2025-12-28,GLW,1.56,14915000000.0,57.42,,1.109,14.28,,,,,,,,,,,,,,,None,1166000000,1166000000,,,,,,None,248000000,,1.12,0.0125,,,,3.5,0.01,577000000,825000000,0.66,2013-09-30,29.76,,5366000000.0,901000000,549000000,141000000,,,None,28000000,None,,None,,,,,408000000,408000000,None,None,0.146,,462000000,439000000,,,,,138000000,,,,,0.604,6.66,5.15,,,,,,,,0.0916,,,2025-10-28,quarterly,0.67,USD,pre-market,184000000,,0.0442,0.127,0.209,17.45,265000000,,,,64.52,86.2,1.5152,,,,,,,2067000000,,57.42,,96.64,36.82
2025-12-28,GLW,1.56,14915000000.0,57.42,,1.109,14.28,,,,,,,,,,,,,,,None,1099000000,1099000000,,,,,,None,250000000,,1.12,0.0125,,,,3.5,0.01,857000000,1107000000,0.66,2013-06-30,29.76,,5366000000.0,883000000,829000000,191000000,,,None,28000000,None,,None,,,,,638000000,638000000,None,None,0.146,,459000000,424000000,,,,,433000000,,,,,0.604,6.66,5.15,,,,,,,,0.0916,,,2025-10-28,quarterly,0.67,USD,pre-market,179000000,,0.0442,0.127,0.209,17.45,266000000,,,,64.52,86.2,1.5152,,,,,,,1982000000,,57.42,,96.64,36.82
2025-12-28,GLW,1.56,14915000000.0,57.42,,1.109,14.28,,,,,,,,,,,,,,,None,1044000000,1044000000,,,,,,None,255000000,,1.12,0.0125,,,,3.5,0.01,564000000,819000000,0.66,2013-03-31,29.76,,5366000000.0,770000000,528000000,34000000,,,None,36000000,None,,None,,,,,494000000,494000000,None,None,0.146,,446000000,324000000,,,,,240000000,,,,,0.604,6.66,5.15,,,,,,,,0.0916,,,2025-10-28,quarterly,0.67,USD,pre-market,178000000,,0.0442,0.127,0.209,17.45,259000000,,,,64.52,86.2,1.5152,,,,,,,1814000000,,57.42,,96.64,36.82
2025-12-28,GLW,1.56,14915000000.0,57.42,,1.109,14.28,,,,,,,,,,,,,,,None,1239000000,1239000000,,,,,,None,267000000,,1.12,0.0125,,,,3.5,0.01,415000000,682000000,0.66,2012-12-31,29.76,,5366000000.0,907000000,1477000000,98000000,,,None,34000000,None,,None,,,,,283000000,283000000,None,None,0.146,,630000000,650000000,,,,,138000000,,,,,0.604,6.66,5.15,,,,,,,,0.0916,,,2025-10-28,quarterly,0.67,USD,pre-market,185000000,,0.0442,0.127,0.209,17.45,301000000,,,,64.52,86.2,1.5152,,,,,,,2146000000,,57.42,,96.64,36.82
2025-12-28,GLW,1.56,14915000000.0,57.42,,1.109,14.28,,,,,,,,,,,,,,,None,1149000000,1149000000,,,,,,None,248000000,,1.12,0.0125,,,,3.5,0.01,659000000,907000000,0.66,2012-09-30,29.76,,5366000000.0,889000000,627000000,94000000,,,None,33000000,None,,None,,,,,533000000,521000000,None,None,0.146,,478000000,414000000,,,,,248000000,,,,,0.604,6.66,5.15,,,,,,,,0.0916,,,2025-10-28,quarterly,0.67,USD,pre-market,185000000,,0.0442,0.127,0.209,17.45,294000000,,,,64.52,86.2,1.5152,,,,,,,2038000000,,57.42,,96.64,36.82
2025-12-28,GLW,1.56,14915000000.0,57.42,,1.109,14.28,,,,,,,,,,,,,,,None,1100000000,1100000000,,,,,,None,242000000,,1.12,0.0125,,,,3.5,0.01,598000000,840000000,0.66,2012-06-30,29.76,,5366000000.0,808000000,555000000,100000000,,,None,24000000,None,,None,,,,,474000000,462000000,None,None,0.146,,480000000,309000000,,,,,270000000,,,,,0.604,6.66,5.15,,,,,,,,0.0916,,,2025-10-28,quarterly,0.67,USD,pre-market,188000000,,0.0442,0.127,0.209,17.45,291000000,,,,64.52,86.2,1.5152,,,,,,,1908000000,,57.42,,96.64,36.82
2025-12-28,GLW,1.56,14915000000.0,57.42,,1.109,14.28,,,,,,,,,,,,,,,None,1096000000,1096000000,,,,,,None,240000000,,1.12,0.0125,,,,3.5,0.01,612000000,852000000,0.66,2012-03-31,29.76,,5366000000.0,824000000,573000000,118000000,,,None,20000000,None,,None,,,,,474000000,462000000,None,None,0.146,,463000000,342000000,,,,,251000000,,,,,0.604,6.66,5.15,,,,,,,,0.0916,,,2025-10-28,quarterly,0.67,USD,pre-market,187000000,,0.0442,0.127,0.209,17.45,279000000,,,,64.52,86.2,1.5152,,,,,,,1920000000,,57.42,,96.64,36.82
2025-12-28,GLW,1.56,14915000000.0,57.42,,1.109,14.28,,,,,,,,,,,,,,,None,1062000000,1062000000,,,,,,None,247000000,,1.12,0.0125,,,,3.5,0.01,569000000,816000000,0.66,2011-12-31,29.76,,5366000000.0,825000000,552000000,61000000,,,None,17000000,None,,None,,,,,491000000,491000000,None,None,0.146,,602000000,223000000,,,,,346000000,,,,,0.604,6.66,5.15,,,,,,,,0.0916,,,2025-10-28,quarterly,0.67,USD,pre-market,177000000,,0.0442,0.127,0.209,17.45,283000000,,,,64.52,86.2,1.5152,,,,,,,1887000000,,57.42,,96.64,36.82
2025-12-28,GLW,1.56,14915000000.0,57.42,,1.109,14.28,,,,,,,,,,,,,,,None,1097000000,1097000000,,,,,,None,245000000,,1.12,0.0125,,,,3.5,0.01,944000000,1189000000,0.66,2011-09-30,29.76,,5366000000.0,978000000,921000000,110000000,,,None,23000000,None,,None,,,,,811000000,811000000,None,None,0.146,,391000000,587000000,,,,,357000000,,,,,0.604,6.66,5.15,,,,,,,,0.0916,,,2025-10-28,quarterly,0.67,USD,pre-market,166000000,,0.0442,0.127,0.209,17.45,216000000,,,,64.52,86.2,1.5152,,,,,,,2075000000,,57.42,,96.64,36.82
2025-12-28,GLW,1.56,14915000000.0,57.42,,1.109,14.28,,,,,,,,,,,,,,,None,1116000000,1116000000,,,,,,None,236000000,,1.12,0.0125,,,,3.5,0.01,900000000,1136000000,0.66,2011-06-30,29.76,,5366000000.0,889000000,878000000,123000000,,,None,22000000,None,,None,,,,,755000000,755000000,None,None,0.146,,465000000,424000000,,,,,476000000,,,,,0.604,6.66,5.15,,,,,,,,0.0916,,,2025-10-28,quarterly,0.67,USD,pre-market,172000000,,0.0442,0.127,0.209,17.45,284000000,,,,64.52,86.2,1.5152,,,,,,,2005000000,,57.42,,96.64,36.82
2025-12-28,GLW,1.56,14915000000.0,57.42,,1.109,14.28,,,,,,,,,,,,,,,None,1049000000,1049000000,,,,,,None,229000000,,1.12,0.0125,,,,3.5,0.01,889000000,1118000000,0.66,2011-03-31,29.76,,5366000000.0,874000000,862000000,114000000,,,None,27000000,None,,None,,,,,748000000,748000000,None,None,0.146,,414000000,460000000,,,,,429000000,,,,,0.604,6.66,5.15,,,,,,,,0.0916,,,2025-10-28,quarterly,0.67,USD,pre-market,156000000,,0.0442,0.127,0.209,17.45,250000000,,,,64.52,86.2,1.5152,,,,,,,1923000000,,57.42,,96.64,36.82
2025-12-28,GLW,1.56,14915000000.0,57.42,,1.109,14.28,,,,,,,,,,,,,,,None,998000000,998000000,,,,,,None,224000000,,1.12,0.0125,,,,3.5,0.01,1217000000,1441000000,0.66,2010-12-31,29.76,,5366000000.0,767000000,1189000000,145000000,,,None,28000000,None,,None,,,,,1044000000,1043000000,None,None,0.146,,118000000,649000000,,,,,567000000,,,,,0.604,6.66,5.15,,,,,,,,0.0916,,,2025-10-28,quarterly,0.67,USD,pre-market,166000000,,0.0442,0.127,0.209,17.45,284000000,,,,64.52,86.2,1.5152,,,,,,,1765000000,,57.42,,96.64,36.82
2025-12-28,GLW,1.56,14915000000.0,57.42,,1.109,14.28,,,,,,,,,,,,,,,None,878000000,878000000,,,,,,None,214000000,,1.12,0.0125,,,,3.5,0.01,828000000,1042000000,0.66,2010-09-30,29.76,,5366000000.0,724000000,799000000,14000000,,,None,29000000,None,,None,,,,,785000000,785000000,None,None,0.146,,405000000,319000000,,,,,509000000,,,,,0.604,6.66,5.15,,,,,,,,0.0916,,,2025-10-28,quarterly,0.67,USD,pre-market,148000000,,0.0442,0.127,0.209,17.45,250000000,,,,64.52,86.2,1.5152,,,,,,,1602000000,,57.42,,96.64,36.82
2025-12-28,GLW,1.56,14915000000.0,57.42,,1.109,14.28,,,,,,,,,,,,,,,None,885000000,885000000,,,,,,None,208000000,,1.12,0.0125,,,,3.5,0.01,970000000,1178000000,0.66,2010-06-30,29.76,,5366000000.0,827000000,944000000,31000000,,,None,26000000,None,,None,,,,,913000000,914000000,None,None,0.146,,397000000,430000000,,,,,541000000,,,,,0.604,6.66,5.15,,,,,,,,0.0916,,,2025-10-28,quarterly,0.67,USD,pre-market,144000000,,0.0442,0.127,0.209,17.45,246000000,,,,64.52,86.2,1.5152,,,,,,,1712000000,,57.42,,96.64,36.82
2025-12-28,GLW,1.56,14915000000.0,57.42,,1.109,14.28,,,,,,,,,,,,,,,None,822000000,822000000,,,,,,None,208000000,,1.12,0.0125,,,,3.5,0.01,939000000,1147000000,0.66,2010-03-31,29.76,,5366000000.0,731000000,913000000,97000000,,,None,26000000,None,,None,,,,,816000000,816000000,None,None,0.146,,328000000,403000000,,,,,536000000,,,,,0.604,6.66,5.15,,,,,,,,0.0916,,,2025-10-28,quarterly,0.67,USD,pre-market,145000000,,0.0442,0.127,0.209,17.45,235000000,,,,64.52,86.2,1.5152,,,,,,,1553000000,,57.42,,96.64,36.82
2025-12-28,GLW,1.56,14915000000.0,57.42,,1.109,14.28,,,,,,,,,,,,,,,None,883000000,883000000,,,,,,None,198000000,,1.12,0.0125,,,,3.5,0.01,728000000,926000000,0.66,2009-12-31,29.76,,5366000000.0,649000000,704000000,-36000000,,,None,24000000,None,,None,,,,,740000000,0,None,None,0.146,,449000000,200000000,,,,,None,,,,,0.604,6.66,5.15,,,,,,,,0.0916,,,2025-10-28,quarterly,0.67,USD,pre-market,145000000,,0.0442,0.127,0.209,17.45,244000000,,,,64.52,86.2,1.5152,,,,,,,1532000000,,57.42,,96.64,36.82
2025-12-28,GLW,1.56,14915000000.0,57.42,,1.109,14.28,,,,,,,,,,,,,,,None,880000000,880000000,,,,,,None,230000000,,1.12,0.0125,,,,3.5,0.01,699000000,929000000,0.66,2009-09-30,29.76,,5366000000.0,599000000,675000000,32000000,,,None,24000000,None,,None,,,,,643000000,644000000,None,None,0.146,,369000000,230000000,,,,,470000000,,,,,0.604,6.66,5.15,,,,,,,,0.0916,,,2025-10-28,quarterly,0.67,USD,pre-market,131000000,,0.0442,0.127,0.209,17.45,219000000,,,,64.52,86.2,1.5152,,,,,,,1479000000,,57.42,,96.64,36.82
2025-12-28,GLW,1.56,14915000000.0,57.42,,1.109,14.28,,,,,,,,,,,,,,,None,820000000,820000000,,,,,,None,186000000,,1.12,0.0125,,,,3.5,0.01,627000000,813000000,0.66,2009-06-30,29.76,,5366000000.0,575000000,607000000,-4000000,,,None,20000000,None,,None,,,,,611000000,612000000,None,None,0.146,,354000000,221000000,,,,,407000000,,,,,0.604,6.66,5.15,,,,,,,,0.0916,,,2025-10-28,quarterly,0.67,USD,pre-market,136000000,,0.0442,0.127,0.209,17.45,211000000,,,,64.52,86.2,1.5152,,,,,,,1395000000,,57.42,,96.64,36.82
2025-12-28,GLW,1.56,14915000000.0,57.42,,1.109,14.28,,,,,,,,,,,,,,,None,719000000,719000000,,,,,,None,178000000,,1.12,0.0125,,,,3.5,0.01,-38000000,140000000,0.66,2009-03-31,29.76,,5366000000.0,270000000,-52000000,-66000000,,,None,14000000,None,,None,,,,,14000000,0,None,None,0.146,,530000000,-260000000,,,,,None,,,,,0.604,6.66,5.15,,,,,,,,0.0916,,,2025-10-28,quarterly,0.67,USD,pre-market,151000000,,0.0442,0.127,0.209,17.45,207000000,,,,64.52,86.2,1.5152,,,,,,,989000000,,57.42,,96.64,36.82
2025-12-28,GLW,1.56,14915000000.0,57.42,,1.109,14.28,,,,,,,,,,,,,,,None,777000000,777000000,,,,,,None,205000000,,1.12,0.0125,,,,3.5,0.01,42000000,247000000,0.66,2008-12-31,29.76,,5366000000.0,307000000,-56000000,-23000000,,,None,59000000,None,,None,,,,,249000000,0,None,None,0.146,,330000000,-23000000,,,,,None,,,,,0.604,6.66,5.15,,,,,,,,0.0916,,,2025-10-28,quarterly,0.67,USD,pre-market,153000000,,0.0442,0.127,0.209,17.45,179000000,,,,64.52,86.2,1.5152,,,,,,,1084000000,,57.42,,96.64,36.82
2025-12-28,GLW,1.56,14915000000.0,57.42,,1.109,14.28,,,,,,,,,,,,,,,None,820000000,820000000,,,,,,None,166000000,,1.12,0.0125,,,,3.5,0.01,732000000,898000000,0.66,2008-09-30,29.76,,5366000000.0,735000000,326000000,-51000000,,,None,15000000,None,,None,,,,,768000000,0,None,None,0.146,,386000000,349000000,,,,,None,,,,,0.604,6.66,5.15,,,,,,,,0.0916,,,2025-10-28,quarterly,0.67,USD,pre-market,160000000,,0.0442,0.127,0.209,17.45,220000000,,,,64.52,86.2,1.5152,,,,,,,1555000000,,57.42,,96.64,36.82
2025-12-28,GLW,1.56,14915000000.0,57.42,,1.109,14.28,,,,,,,,,,,,,,,None,840000000,840000000,,,,,,None,165000000,,1.12,0.0125,,,,3.5,0.01,845000000,1010000000,0.66,2008-06-30,29.76,,5366000000.0,852000000,463000000,-2381000000,,,None,15000000,None,,None,,,,,3211000000,0,None,None,0.146,,435000000,417000000,,,,,None,,,,,0.604,6.66,5.15,,,,,,,,0.0916,,,2025-10-28,quarterly,0.67,USD,pre-market,163000000,,0.0442,0.127,0.209,17.45,260000000,,,,64.52,86.2,1.5152,,,,,,,1692000000,,57.42,,96.64,36.82
2025-12-28,GLW,1.56,14915000000.0,57.42,,1.109,14.28,,,,,,,,,,,,,,,None,773000000,773000000,,,,,,None,159000000,,1.12,0.0125,,,,3.5,0.01,1121000000,1280000000,0.66,2008-03-31,29.76,,5366000000.0,844000000,790000000,74000000,,,None,18000000,None,,None,,,,,1029000000,0,None,None,0.146,,67000000,777000000,,,,,None,,,,,0.604,6.66,5.15,,,,,,,,0.0916,,,2025-10-28,quarterly,0.67,USD,pre-market,151000000,,0.0442,0.127,0.209,17.45,242000000,,,,64.52,86.2,1.5152,,,,,,,1617000000,,57.42,,96.64,36.82
2025-12-28,GLW,1.56,14915000000.0,57.42,,1.109,14.28,,,,,,,,,,,,,,,None,825000000,825000000,,,,,,None,154000000,,1.12,0.0125,,,,3.5,0.01,329000000,483000000,0.66,2007-12-31,29.76,,5366000000.0,757000000,390000000,-221000000,,,None,82000000,None,,None,,,,,717000000,0,None,None,0.146,,426000000,331000000,,,,,None,,,,,0.604,6.66,5.15,,,,,,,,0.0916,,,2025-10-28,quarterly,0.67,USD,pre-market,153000000,,0.0442,0.127,0.209,17.45,257000000,,,,64.52,86.2,1.5152,,,,,,,1582000000,,57.42,,96.64,36.82
2025-12-28,GLW,1.56,14915000000.0,57.42,,1.109,14.28,,,,,,,,,,,,,,,None,811000000,811000000,,,,,,None,149000000,,1.12,0.0125,,,,3.5,0.01,399000000,548000000,0.66,2007-09-30,29.76,,5366000000.0,742000000,445000000,66000000,,,None,21000000,None,,None,,,,,617000000,0,None,None,0.146,,343000000,399000000,,,,,None,,,,,0.604,6.66,5.15,,,,,,,,0.0916,,,2025-10-28,quarterly,0.67,USD,pre-market,145000000,,0.0442,0.127,0.209,17.45,212000000,,,,64.52,86.2,1.5152,,,,,,,1553000000,,57.42,,96.64,36.82
2025-12-28,GLW,1.56,14915000000.0,57.42,,1.109,14.28,,,,,,,,,,,,,,,None,759000000,759000000,,,,,,None,151000000,,1.12,0.0125,,,,3.5,0.01,215000000,366000000,0.66,2007-06-30,29.76,,5366000000.0,659000000,289000000,19000000,,,None,20000000,None,,None,,,,,489000000,0,None,None,0.146,,442000000,217000000,,,,,None,,,,,0.604,6.66,5.15,,,,,,,,0.0916,,,2025-10-28,quarterly,0.67,USD,pre-market,137000000,,0.0442,0.127,0.209,17.45,229000000,,,,64.52,86.2,1.5152,,,,,,,1418000000,,57.42,,96.64,36.82
2025-12-28,GLW,1.56,14915000000.0,57.42,,1.109,14.28,,,,,,,,,,,,,,,None,716000000,716000000,,,,,,None,153000000,,1.12,0.0125,,,,3.5,0.01,134000000,287000000,0.66,2007-03-31,29.76,,5366000000.0,591000000,167000000,56000000,,,None,21000000,None,,None,,,,,327000000,0,None,None,0.146,,457000000,134000000,,,,,None,,,,,0.604,6.66,5.15,,,,,,,,0.0916,,,2025-10-28,quarterly,0.67,USD,pre-market,130000000,,0.0442,0.127,0.209,17.45,214000000,,,,64.52,86.2,1.5152,,,,,,,1307000000,,57.42,,96.64,36.82
2025-12-28,GLW,1.56,14915000000.0,57.42,,1.109,14.28,,,,,,,,,,,,,,,None,766000000,766000000,,,,,,None,153000000,,1.12,0.0125,,,,3.5,0.01,331000000,484000000,0.66,2006-12-31,29.76,,5366000000.0,603000000,377000000,-110000000,,,None,76000000,None,,None,,,,,646000000,0,None,None,0.146,,265000000,338000000,,,,,None,,,,,0.604,6.66,5.15,,,,,,,,0.0916,,,2025-10-28,quarterly,0.67,USD,pre-market,138000000,,0.0442,0.127,0.209,17.45,222000000,,,,64.52,86.2,1.5152,,,,,,,1369000000,,57.42,,96.64,36.82
2025-12-28,GLW,1.56,14915000000.0,57.42,,1.109,14.28,,,,,,,,,,,,,,,None,716000000,716000000,,,,,,None,142000000,,1.12,0.0125,,,,3.5,0.01,206000000,348000000,0.66,2006-09-30,29.76,,5366000000.0,566000000,245000000,143000000,,,None,18000000,None,,None,,,,,438000000,0,None,None,0.146,,362000000,204000000,,,,,None,,,,,0.604,6.66,5.15,,,,,,,,0.0916,,,2025-10-28,quarterly,0.67,USD,pre-market,127000000,,0.0442,0.127,0.209,17.45,218000000,,,,64.52,86.2,1.5152,,,,,,,1282000000,,57.42,,96.64,36.82
2025-12-28,GLW,1.56,14915000000.0,57.42,,1.109,14.28,,,,,,,,,,,,,,,None,720000000,720000000,,,,,,None,152000000,,1.12,0.0125,,,,3.5,0.01,277000000,429000000,0.66,2006-06-30,29.76,,5366000000.0,541000000,283000000,134000000,,,None,18000000,None,,None,,,,,514000000,0,None,None,0.146,,269000000,272000000,,,,,None,,,,,0.604,6.66,5.15,,,,,,,,0.0916,,,2025-10-28,quarterly,0.67,USD,pre-market,128000000,,0.0442,0.127,0.209,17.45,194000000,,,,64.52,86.2,1.5152,,,,,,,1261000000,,57.42,,96.64,36.82
2025-12-28,GLW,1.56,14915000000.0,57.42,,1.109,14.28,,,,,,,,,,,,,,,None,689000000,689000000,,,,,,None,144000000,,1.12,0.0125,,,,3.5,0.01,38000000,182000000,0.66,2006-03-31,29.76,,5366000000.0,573000000,56000000,-2000000,,,None,20000000,None,,None,,,,,257000000,0,None,None,0.146,,541000000,32000000,,,,,None,,,,,0.604,6.66,5.15,,,,,,,,0.0916,,,2025-10-28,quarterly,0.67,USD,pre-market,124000000,,0.0442,0.127,0.209,17.45,178000000,,,,64.52,86.2,1.5152,,,,,,,1262000000,,57.42,,96.64,36.82
2025-12-28,GLW,1.56,14915000000.0,57.42,,1.109,14.28,,,,,,,,,,,,,,,None,673000000,673000000,,,,,,None,128000000,,1.12,0.0125,,,,3.5,0.01,191000000,319000000,0.66,2005-12-31,29.76,,5366000000.0,527000000,268000000,487000000,,,None,24000000,None,,None,,,,,-32000000,0,None,None,0.146,,252000000,275000000,,,,,None,,,,,0.604,6.66,5.15,,,,,,,,0.0916,,,2025-10-28,quarterly,0.67,USD,pre-market,123000000,,0.0442,0.127,0.209,17.45,203000000,,,,64.52,86.2,1.5152,,,,,,,1200000000,,57.42,,96.64,36.82
2025-12-28,GLW,1.56,14915000000.0,57.42,,1.109,14.28,,,,,,,,,,,,,,,None,643000000,643000000,,,,,,None,130000000,,1.12,0.0125,,,,3.5,0.01,178000000,308000000,0.66,2005-09-30,29.76,,5366000000.0,545000000,131000000,28000000,,,None,23000000,None,,None,,,,,203000000,0,None,None,0.146,,395000000,150000000,,,,,None,,,,,0.604,6.66,5.15,,,,,,,,0.0916,,,2025-10-28,quarterly,0.67,USD,pre-market,118000000,,0.0442,0.127,0.209,17.45,178000000,,,,64.52,86.2,1.5152,,,,,,,1188000000,,57.42,,96.64,36.82
2025-12-28,GLW,1.56,14915000000.0,57.42,,1.109,14.28,,,,,,,,,,,,,,,None,8842000000,8842000000,,,,,,None,1350000000,,1.12,0.0125,,,,3.5,0.01,1142000000,2492000000,0.66,2024-12-31,29.76,,5366000000.0,4276000000,813000000,221000000,,,None,329000000,47000000,,None,,,,,506000000,592000000,-282000000,None,0.146,,3141000000,1135000000,,,,,None,,,,,0.604,6.66,5.15,,,,,,,,0.0916,,,2025-10-28,annual,0.67,USD,pre-market,1089000000,,0.0442,0.127,0.209,17.45,1931000000,,,,64.52,86.2,1.5152,,,,,,,13118000000,,57.42,,96.64,36.82
2025-12-28,GLW,1.56,14915000000.0,57.42,,1.109,14.28,,,,,,,,,,,,,,,None,8657000000,8657000000,,,,,,None,1369000000,,1.12,0.0125,,,,3.5,0.01,890000000,890000000,0.66,2023-12-31,29.76,,5366000000.0,3931000000,816000000,-168000000,,,None,329000000,38000000,,None,,,,,581000000,648000000,-291000000,None,0.146,,2919000000,890000000,,,,,None,,,,,0.604,6.66,5.15,,,,,,,,0.0916,,,2025-10-28,annual,0.67,USD,pre-market,1076000000,,0.0442,0.127,0.209,17.45,1843000000,,,,64.52,86.2,1.5152,,,,,,,12588000000,,57.42,,96.64,36.82
2025-12-28,GLW,1.56,14915000000.0,57.42,,1.109,14.28,,,,,,,,,,,,,,,None,9683000000,9683000000,,,,,,None,1452000000,,1.12,0.0125,,,,3.5,0.01,2089000000,3541000000,0.66,2022-12-31,29.76,,5366000000.0,4506000000,1797000000,411000000,,,None,292000000,15000000,,None,,,,,1316000000,1386000000,-277000000,None,0.146,,3068000000,1438000000,,,,,300000000,,,,,0.604,6.66,5.15,,,,,,,,0.0916,,,2025-10-28,annual,0.67,USD,pre-market,1047000000,,0.0442,0.127,0.209,17.45,1898000000,,,,64.52,86.2,1.5152,,,,,,,14189000000,,57.42,,96.64,36.82
2025-12-28,GLW,1.56,14915000000.0,57.42,,1.109,14.28,,,,,,,,,,,,,,,None,9019000000,9019000000,,,,,,None,1481000000,,1.12,0.0125,,,,3.5,0.01,2726000000,4207000000,0.66,2021-12-31,29.76,,5366000000.0,5063000000,2426000000,491000000,,,None,300000000,11000000,,None,,,,,1906000000,1906000000,-289000000,None,0.146,,2951000000,2112000000,,,,,231000000,,,,,0.604,6.66,5.15,,,,,,,,0.0916,,,2025-10-28,annual,0.67,USD,pre-market,995000000,,0.0442,0.127,0.209,17.45,1827000000,,,,64.52,86.2,1.5152,,,,,,,14082000000,,57.42,,96.64,36.82
2025-12-28,GLW,1.56,14915000000.0,57.42,,1.109,14.28,,,,,,,,,,,,,,,None,7772000000,7772000000,,,,,,None,1520000000,,1.12,0.0125,,,,3.5,0.01,899000000,2419000000,0.66,2020-12-31,29.76,,5366000000.0,3531000000,623000000,111000000,,,None,276000000,15000000,,None,,,,,512000000,512000000,-261000000,None,0.146,,3022000000,509000000,,,,,428000000,,,,,0.604,6.66,5.15,,,,,,,,0.0916,,,2025-10-28,annual,0.67,USD,pre-market,1154000000,,0.0442,0.127,0.209,17.45,1747000000,,,,64.52,86.2,1.5152,,,,,,,11303000000,,57.42,,96.64,36.82
2025-12-28,GLW,1.56,14915000000.0,57.42,,1.109,14.28,,,,,,,,,,,,,,,None,7468000000,7468000000,,,,,,None,1503000000,,1.12,0.0125,,,,3.5,0.01,1437000000,2940000000,0.66,2019-12-31,29.76,,5366000000.0,4035000000,1216000000,256000000,,,None,221000000,21000000,,None,,,,,960000000,960000000,-200000000,None,0.146,,2729000000,1306000000,,,,,-117000000,,,,,0.604,6.66,5.15,,,,,,,,0.0916,,,2025-10-28,annual,0.67,USD,pre-market,1031000000,,0.0442,0.127,0.209,17.45,1585000000,,,,64.52,86.2,1.5152,,,,,,,11503000000,,57.42,,96.64,36.82
2025-12-28,GLW,1.56,14915000000.0,57.42,,1.109,14.28,,,,,,,,,,,,,,,None,6829000000,6829000000,,,,,,None,1293000000,,1.12,0.0125,,,,3.5,0.01,1694000000,2987000000,0.66,2018-12-31,29.76,,5366000000.0,4461000000,1503000000,437000000,,,None,191000000,38000000,,None,,,,,1066000000,1066000000,-153000000,None,0.146,,2886000000,1575000000,,,,,119000000,,,,,0.604,6.66,5.15,,,,,,,,0.0916,,,2025-10-28,annual,0.67,USD,pre-market,993000000,,0.0442,0.127,0.209,17.45,1799000000,,,,64.52,86.2,1.5152,,,,,,,11290000000,,57.42,,96.64,36.82
2025-12-28,GLW,1.56,14915000000.0,57.42,,1.109,14.28,,,,,,,,,,,,,,,None,6096000000,6096000000,,,,,,None,1158000000,,1.12,0.0125,,,,3.5,0.01,1812000000,2970000000,0.66,2017-12-31,29.76,,5366000000.0,4020000000,1657000000,2154000000,,,None,155000000,45000000,,None,,,,,-497000000,-497000000,-110000000,None,0.146,,2412000000,1630000000,,,,,182000000,,,,,0.604,6.66,5.15,,,,,,,,0.0916,,,2025-10-28,annual,0.67,USD,pre-market,860000000,,0.0442,0.127,0.209,17.45,1467000000,,,,64.52,86.2,1.5152,,,,,,,10116000000,,57.42,,96.64,36.82
2025-12-28,GLW,1.56,14915000000.0,57.42,,1.109,14.28,,,,,,,,,,,,,,,None,5627000000,5627000000,,,,,,None,1195000000,,1.12,0.0125,,,,3.5,0.01,3851000000,5046000000,0.66,2016-12-31,29.76,,5366000000.0,3763000000,3692000000,-3000000,,,None,159000000,32000000,,None,,,,,3695000000,1019000000,-127000000,None,0.146,,2339000000,1424000000,,,,,-216000000,,,,,0.604,6.66,5.15,,,,,,,,0.0916,,,2025-10-28,annual,0.67,USD,pre-market,742000000,,0.0442,0.127,0.209,17.45,1472000000,,,,64.52,86.2,1.5152,,,,,,,9390000000,,57.42,,96.64,36.82
2025-12-28,GLW,1.56,14915000000.0,57.42,,1.109,14.28,,,,,,,,,,,,,,,None,5458000000,5458000000,,,,,,None,1184000000,,1.12,0.0125,,,,3.5,0.01,1626000000,2810000000,0.66,2015-12-31,29.76,,5366000000.0,3653000000,1486000000,147000000,,,None,140000000,265000000,,None,,,,,1339000000,1339000000,None,None,0.146,,2331000000,1322000000,,,,,304000000,,,,,0.604,6.66,5.15,,,,,,,,0.0916,,,2025-10-28,annual,0.67,USD,pre-market,769000000,,0.0442,0.127,0.209,17.45,1523000000,,,,64.52,86.2,1.5152,,,,,,,9111000000,,57.42,,96.64,36.82
2025-12-28,GLW,1.56,14915000000.0,57.42,,1.109,14.28,,,,,,,,,,,,,,,None,5663000000,5663000000,,,,,,None,1200000000,,1.12,0.0125,,,,3.5,0.01,3691000000,4891000000,0.66,2014-12-31,29.76,,5366000000.0,4052000000,3568000000,1096000000,,,None,123000000,None,,None,,,,,2472000000,2472000000,None,None,0.146,,2121000000,1931000000,,,,,1760000000,,,,,0.604,6.66,5.15,,,,,,,,0.0916,,,2025-10-28,annual,0.67,USD,pre-market,815000000,,0.0442,0.127,0.209,17.45,1211000000,,,,64.52,86.2,1.5152,,,,,,,9715000000,,57.42,,96.64,36.82
2025-12-28,GLW,1.56,14915000000.0,57.42,,1.109,14.28,,,,,,,,,,,,,,,None,4495000000,4495000000,,,,,,None,1002000000,,1.12,0.0125,,,,3.5,0.01,2593000000,3595000000,0.66,2013-12-31,29.76,,5366000000.0,3324000000,2473000000,512000000,,,None,120000000,None,,None,,,,,1961000000,1961000000,None,None,0.146,,1953000000,1371000000,,,,,1222000000,,,,,0.604,6.66,5.15,,,,,,,,0.0916,,,2025-10-28,annual,0.67,USD,pre-market,710000000,,0.0442,0.127,0.209,17.45,1126000000,,,,64.52,86.2,1.5152,,,,,,,7819000000,,57.42,,96.64,36.82
2025-12-28,GLW,1.56,14915000000.0,57.42,,1.109,14.28,,,,,,,,,,,,,,,None,4693000000,4693000000,,,,,,None,997000000,,1.12,0.0125,,,,3.5,0.01,2086000000,3083000000,0.66,2012-12-31,29.76,,5366000000.0,3319000000,1975000000,339000000,,,None,111000000,None,,None,,,,,1636000000,1728000000,None,None,0.146,,2140000000,1179000000,,,,,907000000,,,,,0.604,6.66,5.15,,,,,,,,0.0916,,,2025-10-28,annual,0.67,USD,pre-market,745000000,,0.0442,0.127,0.209,17.45,1165000000,,,,64.52,86.2,1.5152,,,,,,,8012000000,,57.42,,96.64,36.82
2025-12-28,GLW,1.56,14915000000.0,57.42,,1.109,14.28,,,,,,,,,,,,,,,None,4314000000,4314000000,,,,,,None,957000000,,1.12,0.0125,,,,3.5,0.01,3320000000,4277000000,0.66,2011-12-31,29.76,,5366000000.0,3576000000,3213000000,408000000,,,None,89000000,None,,None,,,,,2817000000,2805000000,None,None,0.146,,1864000000,1694000000,,,,,1608000000,,,,,0.604,6.66,5.15,,,,,,,,0.0916,,,2025-10-28,annual,0.67,USD,pre-market,671000000,,0.0442,0.127,0.209,17.45,1033000000,,,,64.52,86.2,1.5152,,,,,,,7890000000,,57.42,,96.64,36.82
2025-12-28,GLW,1.56,14915000000.0,57.42,,1.109,14.28,,,,,,,,,,,,,,,None,3583000000,3583000000,,,,,,None,854000000,,1.12,0.0125,,,,3.5,0.01,3954000000,4808000000,0.66,2010-12-31,29.76,,5366000000.0,3049000000,3845000000,287000000,,,None,109000000,None,,None,,,,,3558000000,3558000000,None,None,0.146,,1248000000,1801000000,,,,,2153000000,,,,,0.604,6.66,5.15,,,,,,,,0.0916,,,2025-10-28,annual,0.67,USD,pre-market,603000000,,0.0442,0.127,0.209,17.45,1015000000,,,,64.52,86.2,1.5152,,,,,,,6632000000,,57.42,,96.64,36.82
2025-12-28,GLW,1.56,14915000000.0,57.42,,1.109,14.28,,,,,,,,,,,,,,,None,3302000000,3302000000,,,,,,None,792000000,,1.12,0.0125,,,,3.5,0.01,2016000000,2808000000,0.66,2009-12-31,29.76,,5366000000.0,2093000000,1934000000,-74000000,,,None,82000000,None,,None,,,,,2008000000,2010000000,None,None,0.146,,1702000000,391000000,,,,,1627000000,,,,,0.604,6.66,5.15,,,,,,,,0.0916,,,2025-10-28,annual,0.67,USD,pre-market,563000000,,0.0442,0.127,0.209,17.45,881000000,,,,64.52,86.2,1.5152,,,,,,,5395000000,,57.42,,96.64,36.82
2025-12-28,GLW,1.56,14915000000.0,57.42,,1.109,14.28,,,,,,,,,,,,,,,None,3210000000,3210000000,,,,,,None,695000000,,1.12,0.0125,,,,3.5,0.01,2941000000,3636000000,0.66,2008-12-31,29.76,,5366000000.0,2738000000,1523000000,-2405000000,,,None,59000000,None,,None,,,,,5257000000,None,None,None,0.146,,1218000000,1520000000,,,,,None,,,,,0.604,6.66,5.15,,,,,,,,0.0916,,,2025-10-28,annual,0.67,USD,pre-market,627000000,,0.0442,0.127,0.209,17.45,901000000,,,,64.52,86.2,1.5152,,,,,,,5948000000,,57.42,,96.64,36.82
2025-12-28,GLW,1.56,14915000000.0,57.42,,1.109,14.28,,,,,,,,,,,,,,,None,3111000000,3111000000,,,,,,None,607000000,,1.12,0.0125,,,,3.5,0.01,1373000000,1980000000,0.66,2007-12-31,29.76,,5366000000.0,2749000000,1291000000,80000000,,,None,82000000,None,,None,,,,,2150000000,None,None,None,0.146,,1668000000,1081000000,,,,,None,,,,,0.604,6.66,5.15,,,,,,,,0.0916,,,2025-10-28,annual,0.67,USD,pre-market,565000000,,0.0442,0.127,0.209,17.45,912000000,,,,64.52,86.2,1.5152,,,,,,,5860000000,,57.42,,96.64,36.82
2025-12-28,GLW,1.56,14915000000.0,57.42,,1.109,14.28,,,,,,,,,,,,,,,None,2891000000,2891000000,,,,,,None,591000000,,1.12,0.0125,,,,3.5,0.01,852000000,1443000000,0.66,2006-12-31,29.76,,5366000000.0,2283000000,961000000,55000000,,,None,76000000,None,,None,,,,,1855000000,None,None,None,0.146,,1437000000,846000000,,,,,None,,,,,0.604,6.66,5.15,,,,,,,,0.0916,,,2025-10-28,annual,0.67,USD,pre-market,517000000,,0.0442,0.127,0.209,17.45,857000000,,,,64.52,86.2,1.5152,,,,,,,5174000000,,57.42,,96.64,36.82
2025-12-28,GLW,1.56,14915000000.0,57.42,,1.109,14.28,,,,,,,,,,,,,,,None,2595000000,2595000000,,,,,,None,512000000,,1.12,0.0125,,,,3.5,0.01,607000000,1119000000,0.66,2005-12-31,29.76,,5366000000.0,1984000000,1170000000,578000000,,,None,0,None,,None,,,,,585000000,None,None,None,0.146,,1392000000,772000000,,,,,None,,,,,0.604,6.66,5.15,,,,,,,,0.0916,,,2025-10-28,annual,0.67,USD,pre-market,443000000,,0.0442,0.127,0.209,17.45,756000000,,,,64.52,86.2,1.5152,,,,,,,4579000000,,57.42,,96.64,36.82
2025-12-28,GLW,1.56,14915000000.0,57.42,None,1.109,14.28,,966000000,1648000000,1648000000,,,,,,,,,924000000,860000000,None,2595000000,2595000000,2029000000,None,812000000,2509000000,None,None,512000000,,1.12,0.0125,,,,3.5,0.01,607000000,1119000000,0.66,2025-09-30,29.76,2489000000,5366000000.0,1984000000,1170000000,578000000,684000000,684000000,None,0,None,3104000000,None,None,7407000000,None,None,585000000,None,None,None,0.146,,1392000000,772000000,1416000000,2429000000,None,1290000000,None,,,,,0.604,6.66,5.15,,,,,,,,0.0916,,14397000000,2025-10-28,quarterly,0.67,USD,pre-market,443000000,16253000000,0.0442,0.127,0.209,17.45,756000000,9185000000,904000000,None,64.52,86.2,1.5152,29916000000,8677000000,5577000000,17911000000,21239000000,12334000000,4579000000,11536000000,57.42,None,96.64,36.82
2025-12-28,GLW,1.56,14915000000.0,57.42,None,1.109,14.28,,999000000,1491000000,1491000000,,,,,,,,,923000000,866000000,None,2595000000,2595000000,1931000000,None,786000000,2298000000,None,None,512000000,,1.12,0.0125,,,,3.5,0.01,607000000,1119000000,0.66,2025-06-30,29.76,2492000000,5366000000.0,1984000000,1170000000,578000000,711000000,711000000,None,0,None,3084000000,None,None,6714000000,None,None,585000000,None,None,None,0.146,,1392000000,772000000,1323000000,2279000000,None,1305000000,None,,,,,0.604,6.66,5.15,,,,,,,,0.0916,,13881000000,2025-10-28,quarterly,0.67,USD,pre-market,443000000,15823000000,0.0442,0.127,0.209,17.45,756000000,8499000000,887000000,None,64.52,86.2,1.5152,28745000000,8196000000,5475000000,17200000000,20549000000,11725000000,4579000000,11116000000,57.42,None,96.64,36.82
2025-12-28,GLW,1.56,14915000000.0,57.42,None,1.109,14.28,,916000000,1359000000,1359000000,,,,,,,,,922000000,866000000,None,2595000000,2595000000,1737000000,None,283000000,2045000000,None,None,512000000,,1.12,0.0125,,,,3.5,0.01,607000000,1119000000,0.66,2025-03-31,29.76,2371000000,5366000000.0,1984000000,1170000000,578000000,732000000,732000000,None,0,None,2896000000,None,None,6954000000,None,None,585000000,None,None,None,0.146,,1392000000,772000000,1344000000,2038000000,None,1170000000,None,,,,,0.604,6.66,5.15,,,,,,,,0.0916,,13360000000,2025-10-28,quarterly,0.67,USD,pre-market,443000000,15839000000,0.0442,0.127,0.209,17.45,756000000,8153000000,373000000,None,64.52,86.2,1.5152,27394000000,7644000000,4523000000,16266000000,19750000000,11743000000,4579000000,10716000000,57.42,None,96.64,36.82
2025-12-28,GLW,1.56,14915000000.0,57.42,None,1.109,14.28,,880000000,1768000000,1768000000,,,,,,,,,921000000,854000000,None,2595000000,2595000000,1472000000,None,326000000,2053000000,None,None,512000000,,1.12,0.0125,,,,3.5,0.01,607000000,1119000000,0.66,2024-12-31,29.76,2363000000,5366000000.0,1984000000,1170000000,578000000,752000000,752000000,None,0,None,2724000000,None,None,6885000000,None,394000000,585000000,None,None,None,0.146,,1392000000,772000000,1447000000,2709000000,None,1175000000,None,,,,,0.604,6.66,5.15,,,,,,,,0.0916,,13359000000,2025-10-28,quarterly,0.67,USD,pre-market,443000000,15926000000,0.0442,0.127,0.209,17.45,756000000,8091000000,421000000,None,64.52,86.2,1.5152,27735000000,7992000000,4919000000,16665000000,19743000000,11746000000,4579000000,10686000000,57.42,None,96.64,36.82
2025-12-28,GLW,1.56,14915000000.0,57.42,None,1.109,14.28,,933000000,1613000000,1613000000,,,,,,,,,920000000,854000000,None,2595000000,2595000000,1565000000,None,335000000,1986000000,None,None,512000000,,1.12,0.0125,,,,3.5,0.01,607000000,1119000000,0.66,2024-09-30,29.76,2390000000,5366000000.0,1984000000,1170000000,578000000,814000000,814000000,None,0,None,2793000000,None,None,7073000000,None,None,585000000,None,None,None,0.146,,1392000000,772000000,1284000000,2180000000,None,1202000000,None,,,,,0.604,6.66,5.15,,,,,,,,0.0916,,14059000000,2025-10-28,quarterly,0.67,USD,pre-market,443000000,15859000000,0.0442,0.127,0.209,17.45,756000000,8341000000,428000000,None,64.52,86.2,1.5152,28322000000,7676000000,4637000000,16855000000,20646000000,12218000000,4579000000,11103000000,57.42,None,96.64,36.82
2025-12-28,GLW,1.56,14915000000.0,57.42,None,1.109,14.28,,913000000,1419000000,1419000000,,,,,,,,,919000000,864000000,None,2595000000,2595000000,1466000000,None,376000000,1721000000,None,None,512000000,,1.12,0.0125,,,,3.5,0.01,607000000,1119000000,0.66,2024-06-30,29.76,2365000000,5366000000.0,1984000000,1170000000,578000000,836000000,836000000,None,0,None,2682000000,None,None,6908000000,None,None,585000000,None,None,None,0.146,,1392000000,772000000,1299000000,2154000000,None,1007000000,None,,,,,0.604,6.66,5.15,,,,,,,,0.0916,,None,2025-10-28,quarterly,0.67,USD,pre-market,443000000,15976000000,0.0442,0.127,0.209,17.45,756000000,8197000000,468000000,None,64.52,86.2,1.5152,27179000000,7121000000,4526000000,16252000000,20058000000,11726000000,4579000000,10585000000,57.42,None,96.64,36.82
2025-12-28,GLW,1.56,14915000000.0,57.42,None,1.109,14.28,,923000000,1365000000,1365000000,,,,,,,,,917000000,862000000,None,2595000000,2595000000,1476000000,None,318000000,1621000000,None,None,512000000,,1.12,0.0125,,,,3.5,0.01,607000000,1119000000,0.66,2024-03-31,29.76,2370000000,5366000000.0,1984000000,1170000000,578000000,871000000,871000000,None,0,None,2713000000,None,None,7050000000,None,None,585000000,None,None,None,0.146,,1392000000,772000000,1272000000,1810000000,None,1020000000,None,,,,,0.604,6.66,5.15,,,,,,,,0.0916,,None,2025-10-28,quarterly,0.67,USD,pre-market,443000000,16358000000,0.0442,0.127,0.209,17.45,756000000,8291000000,421000000,None,64.52,86.2,1.5152,27618000000,6971000000,4175000000,16059000000,20647000000,11884000000,4579000000,11226000000,57.42,None,96.64,36.82
2025-12-28,GLW,1.56,14915000000.0,57.42,None,1.109,14.28,,958000000,1779000000,1779000000,,,,,,,,,916000000,851000000,None,2595000000,2595000000,1466000000,None,320000000,1572000000,None,None,512000000,,1.12,0.0125,,,,3.5,0.01,607000000,1119000000,0.66,2023-12-31,29.76,2380000000,5366000000.0,1984000000,1170000000,578000000,905000000,905000000,None,0,None,2666000000,None,None,7206000000,None,414000000,585000000,None,None,None,0.146,,1392000000,772000000,1195000000,2023000000,None,1131000000,None,,,,,0.604,6.66,5.15,,,,,,,,0.0916,,None,2025-10-28,quarterly,0.67,USD,pre-market,443000000,16391000000,0.0442,0.127,0.209,17.45,756000000,8484000000,432000000,None,64.52,86.2,1.5152,28500000000,7212000000,4319000000,16632000000,21288000000,12313000000,4579000000,11551000000,57.42,None,96.64,36.82
2025-12-28,GLW,1.56,14915000000.0,57.42,None,1.109,14.28,,950000000,1639000000,1639000000,,,,,,,,,915000000,859000000,None,2595000000,2595000000,1459000000,None,297000000,1725000000,None,None,512000000,,1.12,0.0125,,,,3.5,0.01,607000000,1119000000,0.66,2023-09-30,29.76,2372000000,5366000000.0,1984000000,1170000000,578000000,938000000,938000000,None,0,None,2655000000,None,None,7210000000,None,None,585000000,None,None,None,0.146,,1392000000,772000000,1279000000,1949000000,None,4633000000,None,,,,,0.604,6.66,5.15,,,,,,,,0.0916,,14407000000,2025-10-28,quarterly,0.67,USD,pre-market,443000000,16673000000,0.0442,0.127,0.209,17.45,756000000,8457000000,405000000,None,64.52,86.2,1.5152,28278000000,7298000000,4285000000,16534000000,20980000000,12249000000,4579000000,11430000000,57.42,None,96.64,36.82
2025-12-28,GLW,1.56,14915000000.0,57.42,None,1.109,14.28,,930000000,1538000000,1538000000,,,,,,,,,915000000,859000000,None,2595000000,2595000000,1519000000,None,187000000,1674000000,None,None,512000000,,1.12,0.0125,,,,3.5,0.01,607000000,1119000000,0.66,2023-06-30,29.76,2382000000,5366000000.0,1984000000,1170000000,578000000,972000000,972000000,None,0,None,2757000000,None,None,7437000000,None,None,585000000,None,None,None,0.146,,1392000000,772000000,1324000000,2102000000,None,4680000000,None,,,,,0.604,6.66,5.15,,,,,,,,0.0916,,14681000000,2025-10-28,quarterly,0.67,USD,pre-market,443000000,16509000000,0.0442,0.127,0.209,17.45,756000000,8554000000,290000000,None,64.52,86.2,1.5152,28645000000,7293000000,4411000000,16935000000,21352000000,12524000000,4579000000,11412000000,57.42,None,96.64,36.82
2025-12-28,GLW,1.56,14915000000.0,57.42,None,1.109,14.28,,946000000,1146000000,1146000000,,,,,,,,,911000000,859000000,None,2595000000,2595000000,1662000000,None,197000000,1688000000,None,None,512000000,,1.12,0.0125,,,,3.5,0.01,607000000,1119000000,0.66,2023-03-31,29.76,2394000000,5366000000.0,1984000000,1170000000,578000000,1002000000,1002000000,None,0,None,2863000000,None,None,6654000000,None,None,585000000,None,None,None,0.146,,1392000000,772000000,1180000000,2322000000,None,4783000000,None,,,,,0.604,6.66,5.15,,,,,,,,0.0916,,15137000000,2025-10-28,quarterly,0.67,USD,pre-market,443000000,16713000000,0.0442,0.127,0.209,17.45,756000000,7797000000,297000000,None,64.52,86.2,1.5152,28822000000,6877000000,4773000000,16615000000,21945000000,11842000000,4579000000,11925000000,57.42,None,96.64,36.82
2025-12-28,GLW,1.56,14915000000.0,57.42,None,1.109,14.28,,906000000,1671000000,1671000000,,,,,,,,,910000000,843000000,None,2595000000,2595000000,1804000000,None,224000000,1721000000,None,None,512000000,,1.12,0.0125,,,,3.5,0.01,607000000,1119000000,0.66,2022-12-31,29.76,2394000000,5366000000.0,1984000000,1170000000,578000000,1029000000,1029000000,None,0,None,2904000000,None,None,6687000000,None,360000000,585000000,None,None,None,0.146,,1392000000,772000000,1157000000,2633000000,None,4955000000,None,,,,,0.604,6.66,5.15,,,,,,,,0.0916,,15371000000,2025-10-28,quarterly,0.67,USD,pre-market,443000000,16778000000,0.0442,0.127,0.209,17.45,756000000,7817000000,335000000,None,64.52,86.2,1.5152,29499000000,7453000000,5175000000,17224000000,22046000000,12049000000,4579000000,12008000000,57.42,-20532000000,96.64,36.82
2025-12-28,GLW,1.56,14915000000.0,57.42,None,1.109,14.28,,745000000,1630000000,1630000000,,,,,,,,,910000000,855000000,None,2595000000,2595000000,1808000000,None,208000000,1620000000,None,None,512000000,,1.12,0.0125,,,,3.5,0.01,607000000,1119000000,0.66,2022-09-30,29.76,2368000000,5366000000.0,1984000000,1170000000,578000000,1049000000,1049000000,None,0,None,2951000000,None,None,6525000000,None,None,585000000,None,None,None,0.146,,1392000000,772000000,1603000000,2619000000,None,4910000000,None,,,,,0.604,6.66,5.15,,,,,,,,0.0916,,14645000000,2025-10-28,quarterly,0.67,USD,pre-market,443000000,17044000000,0.0442,0.127,0.209,17.45,756000000,7478000000,305000000,None,64.52,86.2,1.5152,28735000000,7804000000,5167000000,17187000000,20931000000,12020000000,4579000000,11284000000,57.42,-20528000000,96.64,36.82
2025-12-28,GLW,1.56,14915000000.0,57.42,None,1.109,14.28,,774000000,1629000000,1629000000,,,,,,,,,910000000,856000000,None,2595000000,2595000000,1934000000,None,121000000,1786000000,None,None,512000000,,1.12,0.0125,,,,3.5,0.01,607000000,1119000000,0.66,2022-06-30,29.76,2389000000,5366000000.0,1984000000,1170000000,578000000,1088000000,1088000000,None,0,None,2835000000,None,None,6677000000,None,None,585000000,None,None,None,0.146,,1392000000,772000000,1633000000,2893000000,None,4941000000,None,,,,,0.604,6.66,5.15,,,,,,,,0.0916,,15350000000,2025-10-28,quarterly,0.67,USD,pre-market,443000000,16837000000,0.0442,0.127,0.209,17.45,756000000,7572000000,217000000,None,64.52,86.2,1.5152,29718000000,7883000000,5530000000,17736000000,21835000000,12206000000,4579000000,11734000000,57.42,-20509000000,96.64,36.82
2025-12-28,GLW,1.56,14915000000.0,57.42,None,1.109,14.28,,769000000,2016000000,2016000000,,,,,,,,,908000000,859000000,None,2595000000,2595000000,1849000000,None,145000000,1910000000,None,None,512000000,,1.12,0.0125,,,,3.5,0.01,607000000,1119000000,0.66,2022-03-31,29.76,2408000000,5366000000.0,1984000000,1170000000,578000000,1118000000,1118000000,None,0,None,2618000000,None,None,6839000000,None,None,585000000,None,None,None,0.146,,1392000000,772000000,1317000000,2389000000,None,5108000000,None,,,,,0.604,6.66,5.15,,,,,,,,0.0916,,15780000000,2025-10-28,quarterly,0.67,USD,pre-market,443000000,16737000000,0.0442,0.127,0.209,17.45,756000000,7728000000,213000000,None,64.52,86.2,1.5152,30257000000,7861000000,5061000000,17628000000,22396000000,12567000000,4579000000,12395000000,57.42,-20419000000,96.64,36.82
2025-12-28,GLW,1.56,14915000000.0,57.42,None,1.109,14.28,,968000000,2148000000,2148000000,,,,,,,,,907000000,864000000,None,2595000000,2595000000,1612000000,None,55000000,2004000000,None,None,512000000,,1.12,0.0125,,,,3.5,0.01,607000000,1119000000,0.66,2021-12-31,29.76,2421000000,5366000000.0,1984000000,1170000000,578000000,1148000000,1148000000,None,0,None,2481000000,None,None,6989000000,None,318000000,585000000,None,None,None,0.146,,1392000000,772000000,1026000000,2478000000,None,5182000000,None,,,,,0.604,6.66,5.15,,,,,,,,0.0916,,15804000000,2025-10-28,quarterly,0.67,USD,pre-market,443000000,16389000000,0.0442,0.127,0.209,17.45,756000000,7829000000,149000000,None,64.52,86.2,1.5152,30154000000,7659000000,4806000000,17609000000,22495000000,12803000000,4579000000,12333000000,57.42,-20263000000,96.64,36.82
2025-12-28,GLW,1.56,14915000000.0,57.42,None,1.109,14.28,,722000000,2212000000,2212000000,,,,,,,,,907000000,866000000,None,2595000000,2595000000,1396000000,None,50000000,2114000000,None,None,512000000,,1.12,0.0125,,,,3.5,0.01,607000000,1119000000,0.66,2021-09-30,29.76,2425000000,5366000000.0,1984000000,1170000000,578000000,1192000000,1192000000,None,0,None,2463000000,None,None,7019000000,None,None,585000000,None,None,None,0.146,,1392000000,772000000,890000000,2286000000,None,5266000000,None,,,,,0.604,6.66,5.15,,,,,,,,0.0916,,15383000000,2025-10-28,quarterly,0.67,USD,pre-market,443000000,16110000000,0.0442,0.127,0.209,17.45,756000000,7791000000,146000000,None,64.52,86.2,1.5152,29706000000,7679000000,4337000000,17351000000,22027000000,13014000000,4579000000,12145000000,57.42,-20011000000,96.64,36.82
2025-12-28,GLW,1.56,14915000000.0,57.42,None,1.109,14.28,,712000000,2320000000,2320000000,,,,,,,,,907000000,844000000,None,2595000000,2595000000,1312000000,None,353000000,2057000000,None,None,512000000,,1.12,0.0125,,,,3.5,0.01,607000000,1119000000,0.66,2021-06-30,29.76,2433000000,5366000000.0,1984000000,1170000000,578000000,1228000000,1228000000,None,0,None,2387000000,None,None,7025000000,None,None,585000000,None,None,None,0.146,,1392000000,772000000,884000000,2338000000,None,1445000000,None,,,,,0.604,6.66,5.15,,,,,,,,0.0916,,15455000000,2025-10-28,quarterly,0.67,USD,pre-market,443000000,15739000000,0.0442,0.127,0.209,17.45,756000000,8090000000,447000000,None,64.52,86.2,1.5152,29806000000,7648000000,4624000000,17664000000,22158000000,13040000000,4579000000,11960000000,57.42,-19986000000,96.64,36.82
2025-12-28,GLW,1.56,14915000000.0,57.42,None,1.109,14.28,,700000000,2868000000,2868000000,,,,,,,,,864000000,898000000,None,2595000000,2595000000,1272000000,None,154000000,1900000000,None,None,512000000,,1.12,0.0125,,,,3.5,0.01,607000000,1119000000,0.66,2021-03-31,29.76,2429000000,5366000000.0,1984000000,1170000000,578000000,1259000000,1259000000,None,0,None,2361000000,None,None,7650000000,None,None,585000000,None,None,None,0.146,,1392000000,772000000,974000000,1471000000,None,4689000000,None,,,,,0.604,6.66,5.15,,,,,,,,0.0916,,15364000000,2025-10-28,quarterly,0.67,USD,pre-market,443000000,16509000000,0.0442,0.127,0.209,17.45,756000000,8504000000,243000000,None,64.52,86.2,1.5152,30143000000,8103000000,3513000000,16585000000,22040000000,13072000000,4579000000,13369000000,57.42,-19934000000,96.64,36.82
2025-12-28,GLW,1.56,14915000000.0,57.42,None,1.109,14.28,,902000000,2672000000,2672000000,,,,,,,,,863000000,894000000,None,2595000000,2595000000,1174000000,None,158000000,2133000000,None,None,512000000,,1.12,0.0125,,,,3.5,0.01,607000000,1119000000,0.66,2020-12-31,29.76,2460000000,5366000000.0,1984000000,1170000000,578000000,1308000000,1308000000,None,0,None,2438000000,None,None,7838000000,None,435000000,585000000,None,None,None,0.146,,1392000000,772000000,761000000,1805000000,None,5744000000,None,,,,,0.604,6.66,5.15,,,,,,,,0.0916,,15742000000,2025-10-28,quarterly,0.67,USD,pre-market,443000000,16120000000,0.0442,0.127,0.209,17.45,756000000,8701000000,252000000,None,64.52,86.2,1.5152,30775000000,8004000000,3767000000,17327000000,22771000000,13560000000,4579000000,13257000000,57.42,-19928000000,96.64,36.82
2025-12-28,GLW,1.56,14915000000.0,57.42,None,1.109,14.28,,695000000,2514000000,2514000000,,,,,,,,,861000000,889000000,None,2595000000,2595000000,1176000000,None,256000000,2099000000,None,None,512000000,,1.12,0.0125,,,,3.5,0.01,607000000,1119000000,0.66,2020-09-30,29.76,2427000000,5366000000.0,1984000000,1170000000,578000000,1332000000,1332000000,None,0,None,2581000000,None,None,7822000000,None,354000000,585000000,None,None,None,0.146,,1392000000,772000000,864000000,1821000000,None,5739000000,None,,,,,0.604,6.66,5.15,,,,,,,,0.0916,,15449000000,2025-10-28,quarterly,0.67,USD,pre-market,443000000,16065000000,0.0442,0.127,0.209,17.45,756000000,8773000000,345000000,354000000,64.52,86.2,1.5152,30267000000,8058000000,3849000000,17410000000,22209000000,13561000000,4579000000,12660000000,57.42,-19926000000,96.64,36.82
2025-12-28,GLW,1.56,14915000000.0,57.42,None,1.109,14.28,,690000000,2158000000,2158000000,,,,,,,,,860000000,759000000,None,2595000000,2595000000,1109000000,None,12000000,1712000000,None,None,512000000,,1.12,0.0125,,,,3.5,0.01,607000000,1119000000,0.66,2020-06-30,29.76,1925000000,5366000000.0,1984000000,1170000000,578000000,1072000000,1072000000,None,0,None,2235000000,None,None,7797000000,None,329000000,585000000,None,None,None,0.146,,1392000000,772000000,741000000,1512000000,None,4596000000,None,,,,,0.604,6.66,5.15,,,,,,,,0.0916,,14691000000,2025-10-28,quarterly,0.67,USD,pre-market,443000000,15847000000,0.0442,0.127,0.209,17.45,756000000,8499000000,91000000,None,64.52,86.2,1.5152,27546000000,6846000000,3020000000,15413000000,20700000000,12393000000,4579000000,12049000000,57.42,-19924000000,96.64,36.82
2025-12-28,GLW,1.56,14915000000.0,57.42,None,1.109,14.28,,635000000,2025000000,2025000000,,,,,,,,,859000000,760000000,None,2595000000,2595000000,1250000000,None,12000000,1708000000,None,None,512000000,,1.12,0.0125,,,,3.5,0.01,607000000,1119000000,0.66,2020-03-31,29.76,1918000000,5366000000.0,1984000000,1170000000,578000000,1149000000,1149000000,None,0,None,2347000000,None,None,7815000000,None,320000000,585000000,None,None,None,0.146,,1392000000,772000000,866000000,1493000000,None,4566000000,None,,,,,0.604,6.66,5.15,,,,,,,,0.0916,,14932000000,2025-10-28,quarterly,0.67,USD,pre-market,443000000,16114000000,0.0442,0.127,0.209,17.45,756000000,8462000000,87000000,None,64.52,86.2,1.5152,27859000000,6946000000,3191000000,15572000000,20913000000,12381000000,4579000000,12198000000,57.42,-19918000000,96.64,36.82
2025-12-28,GLW,1.56,14915000000.0,57.42,None,1.109,14.28,,512000000,2434000000,2434000000,,,,,,,,,859000000,886000000,None,2595000000,2595000000,1587000000,None,11000000,1836000000,None,None,512000000,,1.12,0.0125,,,,3.5,0.01,607000000,1119000000,0.66,2019-12-31,29.76,1935000000,5366000000.0,1984000000,1170000000,578000000,1185000000,1185000000,None,0,None,2320000000,None,None,7729000000,None,334000000,585000000,None,None,None,0.146,,1392000000,772000000,873000000,1575000000,None,4651000000,None,,,,,0.604,6.66,5.15,,,,,,,,0.0916,,15337000000,2025-10-28,quarterly,0.67,USD,pre-market,443000000,16408000000,0.0442,0.127,0.209,17.45,756000000,8252000000,73000000,None,64.52,86.2,1.5152,28898000000,7463000000,3521000000,15901000000,21435000000,12380000000,4579000000,12907000000,57.42,-19812000000,96.64,36.82
2025-12-28,GLW,1.56,14915000000.0,57.42,None,1.109,14.28,,509000000,971000000,971000000,,,,,,,,,859000000,897000000,None,2595000000,2595000000,1447000000,None,305000000,2024000000,None,None,512000000,,1.12,0.0125,,,,3.5,0.01,607000000,1119000000,0.66,2019-09-30,29.76,1924000000,5366000000.0,1984000000,1170000000,578000000,1206000000,1206000000,None,0,None,2337000000,None,None,6225000000,None,339000000,585000000,None,None,None,0.146,,1392000000,772000000,824000000,1604000000,None,4370000000,None,,,,,0.604,6.66,5.15,,,,,,,,0.0916,,15083000000,2025-10-28,quarterly,0.67,USD,pre-market,443000000,16555000000,0.0442,0.127,0.209,17.45,756000000,7039000000,366000000,None,64.52,86.2,1.5152,27329000000,6156000000,3600000000,14195000000,21173000000,10595000000,4579000000,13034000000,57.42,-19588000000,96.64,36.82
2025-12-28,GLW,1.56,14915000000.0,57.42,None,1.109,14.28,,513000000,1178000000,1178000000,,,,,,,,,858000000,789000000,None,2595000000,2595000000,1297000000,None,455000000,2103000000,None,None,512000000,,1.12,0.0125,,,,3.5,0.01,607000000,1119000000,0.66,2019-06-30,29.76,1938000000,5366000000.0,1984000000,1170000000,578000000,1240000000,1240000000,None,0,None,2291000000,None,None,6080000000,None,344000000,585000000,None,None,None,0.146,,1392000000,772000000,739000000,1454000000,None,4558000000,None,,,,,0.604,6.66,5.15,,,,,,,,0.0916,,15137000000,2025-10-28,quarterly,0.67,USD,pre-market,443000000,16399000000,0.0442,0.127,0.209,17.45,756000000,7048000000,516000000,None,64.52,86.2,1.5152,27575000000,6311000000,3416000000,14054000000,21264000000,10638000000,4579000000,13425000000,57.42,-19279000000,96.64,36.82
2025-12-28,GLW,1.56,14915000000.0,57.42,None,1.109,14.28,,None,1456000000,1456000000,,,,,,,,,857000000,908000000,None,2595000000,2595000000,1278000000,None,7000000,1974000000,None,None,512000000,,1.12,0.0125,,,,3.5,0.01,607000000,1119000000,0.66,2019-03-31,29.76,1930000000,5366000000.0,1984000000,1170000000,578000000,1265000000,1265000000,None,0,None,2190000000,None,None,6018000000,None,346000000,585000000,None,None,None,0.146,,1392000000,772000000,729000000,1537000000,None,4538000000,None,,,,,0.604,6.66,5.15,,,,,,,,0.0916,,14878000000,2025-10-28,quarterly,0.67,USD,pre-market,443000000,16489000000,0.0442,0.127,0.209,17.45,756000000,6025000000,7000000,None,64.52,86.2,1.5152,27321000000,6349000000,3059000000,13615000000,20972000000,10556000000,4579000000,13607000000,57.42,-19116000000,96.64,36.82
2025-12-28,GLW,1.56,14915000000.0,57.42,None,1.109,14.28,,None,2355000000,2355000000,,,,,,,,,857000000,919000000,None,2595000000,2595000000,1456000000,None,4000000,1940000000,None,None,512000000,,1.12,0.0125,,,,3.5,0.01,607000000,1119000000,0.66,2018-12-31,29.76,1936000000,5366000000.0,1984000000,1170000000,578000000,1292000000,1292000000,None,0,None,2037000000,None,None,5994000000,None,376000000,585000000,None,None,None,0.146,,1392000000,772000000,702000000,1628000000,None,4314000000,None,,,,,0.604,6.66,5.15,,,,,,,,0.0916,,14895000000,2025-10-28,quarterly,0.67,USD,pre-market,443000000,16303000000,0.0442,0.127,0.209,17.45,756000000,5998000000,4000000,None,64.52,86.2,1.5152,27505000000,7034000000,3311000000,13619000000,20471000000,10308000000,4579000000,13792000000,57.42,-18870000000,96.64,36.82
2025-12-28,GLW,1.56,14915000000.0,57.42,None,1.109,14.28,,None,1903000000,1903000000,,,,,,,,,856000000,930000000,None,2595000000,2595000000,1092000000,None,254000000,1973000000,None,None,512000000,,1.12,0.0125,,,,3.5,0.01,607000000,1119000000,0.66,2018-09-30,29.76,1930000000,5366000000.0,1984000000,1170000000,578000000,1309000000,1309000000,None,0,None,1921000000,None,None,5064000000,None,322000000,585000000,None,None,None,0.146,,1392000000,772000000,835000000,1516000000,None,4246000000,None,,,,,0.604,6.66,5.15,,,,,,,,0.0916,,14345000000,2025-10-28,quarterly,0.67,USD,pre-market,443000000,16186000000,0.0442,0.127,0.209,17.45,756000000,5308000000,252000000,9000000,64.52,86.2,1.5152,26392000000,6632000000,3112000000,12414000000,19760000000,9302000000,4579000000,13890000000,57.42,-18517000000,96.64,36.82
2025-12-28,GLW,1.56,14915000000.0,57.42,None,1.109,14.28,,None,2023000000,2023000000,,,,,,,,,855000000,943000000,None,2595000000,2595000000,1111000000,None,258000000,1842000000,None,None,512000000,,1.12,0.0125,,,,3.5,0.01,607000000,1119000000,0.66,2018-06-30,29.76,1918000000,5366000000.0,1984000000,1170000000,578000000,1332000000,1332000000,None,0,None,1896000000,None,None,5107000000,None,339000000,585000000,None,None,None,0.146,,1392000000,772000000,723000000,1298000000,None,4182000000,None,,,,,0.604,6.66,5.15,,,,,,,,0.0916,,14201000000,2025-10-28,quarterly,0.67,USD,pre-market,443000000,15731000000,0.0442,0.127,0.209,17.45,756000000,5351000000,252000000,0,64.52,86.2,1.5152,26140000000,6484000000,2908000000,12189000000,19656000000,9281000000,4579000000,13877000000,57.42,-18132000000,96.64,36.82
2025-12-28,GLW,1.56,14915000000.0,57.42,None,1.109,14.28,,None,3096000000,3096000000,,,,,,,,,854000000,848000000,None,2595000000,2595000000,1164000000,None,380000000,1747000000,None,None,512000000,,1.12,0.0125,,,,3.5,0.01,607000000,1119000000,0.66,2018-03-31,29.76,1698000000,5366000000.0,1984000000,1170000000,578000000,851000000,851000000,None,0,None,1834000000,None,None,4819000000,None,345000000,585000000,None,None,None,0.146,,1392000000,772000000,986000000,1259000000,None,4543000000,None,,,,,0.604,6.66,5.15,,,,,,,,0.0916,,14416000000,2025-10-28,quarterly,0.67,USD,pre-market,443000000,15166000000,0.0442,0.127,0.209,17.45,756000000,5188000000,380000000,0,64.52,86.2,1.5152,26834000000,7663000000,2995000000,12346000000,19171000000,9351000000,4579000000,14413000000,57.42,-17449000000,96.64,36.82
2025-12-28,GLW,1.56,14915000000.0,57.42,None,1.109,14.28,,None,4317000000,4317000000,,,,,,,,,854000000,863000000,None,2595000000,2595000000,1439000000,None,379000000,1807000000,None,None,512000000,,1.12,0.0125,,,,3.5,0.01,607000000,1119000000,0.66,2017-12-31,29.76,1694000000,5366000000.0,1984000000,1170000000,578000000,869000000,869000000,None,0,None,1712000000,None,None,4749000000,None,340000000,585000000,None,None,None,0.146,,1392000000,772000000,991000000,1243000000,None,3766000000,None,,,,,0.604,6.66,5.15,,,,,,,,0.0916,,14017000000,2025-10-28,quarterly,0.67,USD,pre-market,443000000,15962000000,0.0442,0.127,0.209,17.45,756000000,5128000000,379000000,0,64.52,86.2,1.5152,27479000000,8827000000,3209000000,11724000000,18652000000,8515000000,4579000000,15724000000,57.42,-16633000000,96.64,36.82
2025-12-28,GLW,1.56,14915000000.0,57.42,None,1.109,14.28,,None,3865000000,3865000000,,,,,,,,,2300000000,1009000000,None,2595000000,2595000000,1179000000,None,631000000,1748000000,None,None,512000000,,1.12,0.0125,,,,3.5,0.01,607000000,1119000000,0.66,2017-09-30,29.76,1684000000,5366000000.0,1984000000,1170000000,578000000,891000000,891000000,None,0,None,1693000000,None,None,3994000000,None,None,585000000,None,None,None,0.146,,1392000000,772000000,948000000,1120000000,None,3652000000,None,,,,,0.604,6.66,5.15,,,,,,,,0.0916,,13344000000,2025-10-28,quarterly,0.67,USD,pre-market,443000000,17533000000,0.0442,0.127,0.209,17.45,756000000,4625000000,631000000,0,64.52,86.2,1.5152,28094000000,8254000000,3065000000,10711000000,19840000000,7646000000,4579000000,17317000000,57.42,-16236000000,96.64,36.82
2025-12-28,GLW,1.56,14915000000.0,57.42,None,1.109,14.28,,None,4189000000,4189000000,,,,,,,,,2300000000,1034000000,None,2595000000,2595000000,1096000000,None,3938000000,1640000000,None,None,512000000,,1.12,0.0125,,,,3.5,0.01,607000000,1119000000,0.66,2017-06-30,29.76,1608000000,5366000000.0,1984000000,1170000000,578000000,842000000,842000000,None,0,None,1616000000,None,None,3302000000,None,None,585000000,None,None,None,0.146,,1392000000,772000000,986000000,952000000,None,3640000000,None,,,,,0.604,6.66,5.15,,,,,,,,0.0916,,13060000000,2025-10-28,quarterly,0.67,USD,pre-market,443000000,17303000000,0.0442,0.127,0.209,17.45,756000000,3933000000,631000000,0,64.52,86.2,1.5152,27830000000,8431000000,2808000000,9750000000,19399000000,6942000000,4579000000,18012000000,57.42,-15204000000,96.64,36.82
2025-12-28,GLW,1.56,14915000000.0,57.42,None,1.109,14.28,,None,4844000000,4844000000,,,,,,,,,850000000,936000000,None,2595000000,2595000000,1015000000,None,257000000,1583000000,None,None,512000000,,1.12,0.0125,,,,3.5,0.01,607000000,1119000000,0.66,2017-03-31,29.76,1619000000,5366000000.0,1984000000,1170000000,578000000,825000000,825000000,None,0,None,1544000000,None,None,3669000000,None,None,585000000,None,None,None,0.146,,1392000000,772000000,719000000,939000000,None,3836000000,None,,,,,0.604,6.66,5.15,,,,,,,,0.0916,,12969000000,2025-10-28,quarterly,0.67,USD,pre-market,443000000,17030000000,0.0442,0.127,0.209,17.45,756000000,3926000000,257000000,28000000,64.52,86.2,1.5152,28305000000,8718000000,2421000000,9926000000,19587000000,7505000000,4579000000,18308000000,57.42,-14564000000,96.64,36.82
2025-12-28,GLW,1.56,14915000000.0,57.42,None,1.109,14.28,,None,5291000000,5291000000,,,,,,,,,846000000,1067000000,None,2595000000,2595000000,1079000000,None,256000000,1481000000,None,None,512000000,,1.12,0.0125,,,,3.5,0.01,607000000,1119000000,0.66,2016-12-31,29.76,1577000000,5366000000.0,1984000000,1170000000,578000000,796000000,796000000,None,0,None,1471000000,None,None,3646000000,None,336000000,585000000,None,None,None,0.146,,1392000000,772000000,805000000,1266000000,None,3542000000,None,,,,,0.604,6.66,5.15,,,,,,,,0.0916,,12546000000,2025-10-28,quarterly,0.67,USD,pre-market,443000000,16880000000,0.0442,0.127,0.209,17.45,756000000,3902000000,256000000,100000000,64.52,86.2,1.5152,27899000000,9048000000,2751000000,9939000000,18851000000,7188000000,4579000000,17893000000,57.42,-14152000000,96.64,36.82
2025-12-28,GLW,1.56,14915000000.0,57.42,None,1.109,14.28,,None,4821000000,4821000000,,,,,,,,,844000000,1102000000,None,2595000000,2595000000,933000000,None,7000000,1645000000,None,None,512000000,,1.12,0.0125,,,,3.5,0.01,607000000,1119000000,0.66,2016-09-30,29.76,1569000000,5366000000.0,1984000000,1170000000,578000000,797000000,797000000,None,0,None,1516000000,None,None,3916000000,None,30000000,585000000,None,None,None,0.146,,1392000000,772000000,497000000,1205000000,None,4812000000,None,,,,,0.604,6.66,5.15,,,,,,,,0.0916,,13293000000,2025-10-28,quarterly,0.67,USD,pre-market,443000000,15460000000,0.0442,0.127,0.209,17.45,756000000,3923000000,7000000,0,64.52,86.2,1.5152,28809000000,8479000000,2294000000,11022000000,20330000000,8728000000,4579000000,17721000000,57.42,-13508000000,96.64,36.82
2025-12-28,GLW,1.56,14915000000.0,57.42,None,1.109,14.28,,None,7144000000,7144000000,,,,,,,,,842000000,1182000000,None,2595000000,2595000000,938000000,None,279000000,1544000000,None,None,512000000,,1.12,0.0125,,,,3.5,0.01,607000000,1119000000,0.66,2016-06-30,29.76,1569000000,5366000000.0,1984000000,1170000000,578000000,804000000,804000000,None,0,None,1501000000,None,None,3918000000,None,None,585000000,None,None,None,0.146,,1392000000,772000000,558000000,1149000000,None,4615000000,None,,,,,0.604,6.66,5.15,,,,,,,,0.0916,,13048000000,2025-10-28,quarterly,0.67,USD,pre-market,443000000,15331000000,0.0442,0.127,0.209,17.45,756000000,4197000000,279000000,0,64.52,86.2,1.5152,30653000000,10747000000,2448000000,10981000000,19906000000,8533000000,4579000000,19609000000,57.42,-11566000000,96.64,36.82
2025-12-28,GLW,1.56,14915000000.0,57.42,None,1.109,14.28,,None,3540000000,3540000000,,,,,,,,,841000000,1103000000,None,2595000000,2595000000,836000000,None,None,1388000000,None,None,512000000,,1.12,0.0125,,,,3.5,0.01,607000000,1119000000,0.66,2016-03-31,29.76,1399000000,5366000000.0,1984000000,1170000000,578000000,703000000,703000000,None,0,None,1453000000,None,None,3910000000,None,2072000000,585000000,None,None,None,0.146,,1392000000,772000000,797000000,1144000000,None,3484000000,None,,,,,0.604,6.66,5.15,,,,,,,,0.0916,,12823000000,2025-10-28,quarterly,0.67,USD,pre-market,443000000,13290000000,0.0442,0.127,0.209,17.45,756000000,4437000000,527000000,0,64.52,86.2,1.5152,27945000000,7178000000,2564000000,9958000000,20767000000,7394000000,4579000000,17918000000,57.42,-10747000000,96.64,36.82
2025-12-28,GLW,1.56,14915000000.0,57.42,None,1.109,14.28,,None,4500000000,4500000000,,,,,,,,,840000000,1154000000,None,2595000000,2595000000,934000000,None,91000000,1372000000,None,None,512000000,,1.12,0.0125,,,,3.5,0.01,607000000,1119000000,0.66,2015-12-31,29.76,1380000000,5366000000.0,1984000000,1170000000,578000000,706000000,706000000,None,0,None,1385000000,None,None,3910000000,None,1975000000,585000000,None,None,None,0.146,,1392000000,772000000,912000000,1255000000,None,2960000000,None,,,,,0.604,6.66,5.15,,,,,,,,0.0916,,12648000000,2025-10-28,quarterly,0.67,USD,pre-market,443000000,13832000000,0.0442,0.127,0.209,17.45,756000000,4462000000,572000000,100000000,64.52,86.2,1.5152,28547000000,8269000000,2814000000,9684000000,20278000000,6870000000,4579000000,18788000000,57.42,-9725000000,96.64,36.82
2025-12-28,GLW,1.56,14915000000.0,57.42,None,1.109,14.28,,None,4440000000,4440000000,,,,,,,,,840000000,1218000000,None,2595000000,2595000000,909000000,None,None,1479000000,None,None,512000000,,1.12,0.0125,,,,3.5,0.01,607000000,1119000000,0.66,2015-09-30,29.76,1330000000,5366000000.0,1984000000,1170000000,578000000,678000000,678000000,None,0,None,1374000000,None,None,3915000000,None,1826000000,585000000,None,None,None,0.146,,1392000000,772000000,1387000000,956000000,None,2947000000,None,,,,,0.604,6.66,5.15,,,,,,,,0.0916,,12549000000,2025-10-28,quarterly,0.67,USD,pre-market,443000000,13769000000,0.0442,0.127,0.209,17.45,756000000,4016000000,101000000,573000000,64.52,86.2,1.5152,28898000000,9253000000,1966000000,8828000000,19645000000,6862000000,4579000000,19997000000,57.42,-8699000000,96.64,36.82
2025-12-28,GLW,1.56,14915000000.0,57.42,None,1.109,14.28,,None,4968000000,4968000000,,,,,,,,,840000000,1371000000,None,2595000000,2595000000,930000000,None,None,1545000000,None,None,512000000,,1.12,0.0125,,,,3.5,0.01,607000000,1119000000,0.66,2015-06-30,29.76,1343000000,5366000000.0,1984000000,1170000000,578000000,700000000,700000000,None,0,None,1385000000,None,None,3910000000,None,1844000000,585000000,None,None,None,0.146,,1392000000,772000000,1465000000,990000000,None,2901000000,None,,,,,0.604,6.66,5.15,,,,,,,,0.0916,,12669000000,2025-10-28,quarterly,0.67,USD,pre-market,443000000,13727000000,0.0442,0.127,0.209,17.45,756000000,4012000000,102000000,505000000,64.52,86.2,1.5152,29888000000,9868000000,2022000000,8833000000,20020000000,6811000000,4579000000,20983000000,57.42,-7871000000,96.64,36.82
2025-12-28,GLW,1.56,14915000000.0,57.42,None,1.109,14.28,,None,4304000000,4304000000,,,,,,,,,840000000,1394000000,None,2595000000,2595000000,872000000,None,None,1487000000,None,None,512000000,,1.12,0.0125,,,,3.5,0.01,607000000,1119000000,0.66,2015-03-31,29.76,1343000000,5366000000.0,1984000000,1170000000,578000000,702000000,702000000,None,0,None,1331000000,None,None,3165000000,None,1764000000,585000000,None,None,None,0.146,,1392000000,772000000,1353000000,917000000,None,2891000000,None,,,,,0.604,6.66,5.15,,,,,,,,0.0916,,12708000000,2025-10-28,quarterly,0.67,USD,pre-market,443000000,13405000000,0.0442,0.127,0.209,17.45,756000000,3271000000,106000000,763000000,64.52,86.2,1.5152,29323000000,9238000000,1895000000,7951000000,20085000000,6056000000,4579000000,21298000000,57.42,-7243000000,96.64,36.82
2025-12-28,GLW,1.56,14915000000.0,57.42,None,1.109,14.28,,None,5309000000,5309000000,,,,,,,,,836000000,1402000000,None,2595000000,2595000000,997000000,None,36000000,1501000000,None,None,512000000,,1.12,0.0125,,,,3.5,0.01,607000000,1119000000,0.66,2014-12-31,29.76,1150000000,5366000000.0,1984000000,1170000000,578000000,497000000,497000000,None,0,None,1322000000,None,None,3227000000,None,1801000000,585000000,None,None,None,0.146,,1392000000,772000000,1347000000,1185000000,None,2860000000,None,,,,,0.604,6.66,5.15,,,,,,,,0.0916,,12766000000,2025-10-28,quarterly,0.67,USD,pre-market,443000000,13021000000,0.0442,0.127,0.209,17.45,756000000,3263000000,36000000,759000000,64.52,86.2,1.5152,30063000000,10238000000,2324000000,8411000000,19825000000,6087000000,4579000000,21579000000,57.42,-6727000000,96.64,36.82
2025-12-28,GLW,1.56,14915000000.0,57.42,None,1.109,14.28,,None,5353000000,5353000000,,,,,,,,,836000000,1411000000,None,2595000000,2595000000,716000000,None,None,1601000000,None,None,512000000,,1.12,0.0125,,,,3.5,0.01,607000000,1119000000,0.66,2014-09-30,29.76,1142000000,5366000000.0,1984000000,1170000000,578000000,511000000,511000000,None,0,None,1327000000,None,None,3228000000,None,2002000000,585000000,None,None,None,0.146,,1392000000,772000000,981000000,967000000,None,2599000000,None,,,,,0.604,6.66,5.15,,,,,,,,0.0916,,13033000000,2025-10-28,quarterly,0.67,USD,pre-market,443000000,12339000000,0.0442,0.127,0.209,17.45,756000000,3683000000,455000000,751000000,64.52,86.2,1.5152,29815000000,10013000000,2138000000,7965000000,19802000000,5827000000,4579000000,21779000000,57.42,-6543000000,96.64,36.82
2025-12-28,GLW,1.56,14915000000.0,57.42,None,1.109,14.28,,None,5118000000,5118000000,,,,,,,,,835000000,1315000000,None,2595000000,2595000000,777000000,None,None,1645000000,None,None,512000000,,1.12,0.0125,,,,3.5,0.01,607000000,1119000000,0.66,2014-06-30,29.76,1150000000,5366000000.0,1984000000,1170000000,578000000,532000000,532000000,None,0,None,1380000000,None,None,3238000000,None,2013000000,585000000,None,None,None,0.146,,1392000000,772000000,953000000,950000000,None,2585000000,None,,,,,0.604,6.66,5.15,,,,,,,,0.0916,,13523000000,2025-10-28,quarterly,0.67,USD,pre-market,443000000,11478000000,0.0442,0.127,0.209,17.45,756000000,3688000000,450000000,768000000,64.52,86.2,1.5152,29832000000,9864000000,2177000000,8000000000,19968000000,5823000000,4579000000,21763000000,57.42,-6340000000,96.64,36.82
2025-12-28,GLW,1.56,14915000000.0,57.42,None,1.109,14.28,,None,4968000000,4968000000,,,,,,,,,833000000,1370000000,None,2595000000,2595000000,732000000,None,None,1588000000,None,None,512000000,,1.12,0.0125,,,,3.5,0.01,607000000,1119000000,0.66,2014-03-31,29.76,1125000000,5366000000.0,1984000000,1170000000,578000000,540000000,540000000,None,0,None,1395000000,None,None,3224000000,None,1976000000,585000000,None,None,None,0.146,,1392000000,772000000,1018000000,846000000,None,2555000000,None,,,,,0.604,6.66,5.15,,,,,,,,0.0916,,13344000000,2025-10-28,quarterly,0.67,USD,pre-market,443000000,11465000000,0.0442,0.127,0.209,17.45,756000000,3692000000,468000000,644000000,64.52,86.2,1.5152,29544000000,9613000000,2046000000,7825000000,19931000000,5779000000,4579000000,21650000000,57.42,-5950000000,96.64,36.82
2025-12-28,GLW,1.56,14915000000.0,57.42,None,1.109,14.28,,None,4704000000,4704000000,,,,,,,,,831000000,1424000000,None,2595000000,2595000000,771000000,None,None,1253000000,None,None,512000000,,1.12,0.0125,,,,3.5,0.01,607000000,1119000000,0.66,2013-12-31,29.76,1002000000,5366000000.0,1984000000,1170000000,578000000,540000000,540000000,None,0,None,1270000000,None,None,3272000000,None,5537000000,585000000,None,None,None,0.146,,1392000000,772000000,1133000000,815000000,None,2249000000,None,,,,,0.604,6.66,5.15,,,,,,,,0.0916,,9801000000,2025-10-28,quarterly,0.67,USD,pre-market,443000000,11320000000,0.0442,0.127,0.209,17.45,756000000,3293000000,21000000,531000000,64.52,86.2,1.5152,28478000000,8891000000,1746000000,7267000000,19587000000,5521000000,4579000000,21162000000,57.42,-4099000000,96.64,36.82
2025-12-28,GLW,1.56,14915000000.0,57.42,None,1.109,14.28,,None,4560000000,4560000000,,,,,,,,,829000000,1463000000,None,2595000000,2595000000,640000000,None,None,1392000000,None,None,512000000,,1.12,0.0125,,,,3.5,0.01,607000000,1119000000,0.66,2013-09-30,29.76,1001000000,5366000000.0,1984000000,1170000000,578000000,550000000,550000000,None,0,None,1275000000,None,None,2816000000,None,5160000000,585000000,None,None,None,0.146,,1392000000,772000000,1015000000,915000000,None,2522000000,None,,,,,0.604,6.66,5.15,,,,,,,,0.0916,,9977000000,2025-10-28,quarterly,0.67,USD,pre-market,443000000,11017000000,0.0442,0.127,0.209,17.45,756000000,2839000000,23000000,886000000,64.52,86.2,1.5152,28714000000,9128000000,1578000000,6916000000,19586000000,5338000000,4579000000,21749000000,57.42,-3237000000,96.64,36.82
2025-12-28,GLW,1.56,14915000000.0,57.42,None,1.109,14.28,,None,4601000000,4601000000,,,,,,,,,828000000,1478000000,None,2595000000,2595000000,721000000,None,None,1296000000,None,None,512000000,,1.12,0.0125,,,,3.5,0.01,607000000,1119000000,0.66,2013-06-30,29.76,1001000000,5366000000.0,1984000000,1170000000,578000000,558000000,558000000,None,0,None,1240000000,None,None,2822000000,None,4809000000,585000000,None,None,None,0.146,,1392000000,772000000,1046000000,804000000,None,2516000000,None,,,,,0.604,6.66,5.15,,,,,,,,0.0916,,9954000000,2025-10-28,quarterly,0.67,USD,pre-market,443000000,10754000000,0.0442,0.127,0.209,17.45,756000000,2894000000,72000000,870000000,64.52,86.2,1.5152,28389000000,9053000000,1597000000,6935000000,19336000000,5338000000,4579000000,21378000000,57.42,-3022000000,96.64,36.82
2025-12-28,GLW,1.56,14915000000.0,57.42,None,1.109,14.28,,None,4797000000,4797000000,,,,,,,,,826000000,1481000000,None,2595000000,2595000000,762000000,None,None,1243000000,None,None,512000000,,1.12,0.0125,,,,3.5,0.01,607000000,1119000000,0.66,2013-03-31,29.76,972000000,5366000000.0,1984000000,1170000000,578000000,513000000,513000000,None,0,None,1171000000,None,None,2855000000,None,4726000000,585000000,None,None,None,0.146,,1392000000,772000000,1080000000,959000000,None,2555000000,None,,,,,0.604,6.66,5.15,,,,,,,,0.0916,,10171000000,2025-10-28,quarterly,0.67,USD,pre-market,443000000,10262000000,0.0442,0.127,0.209,17.45,756000000,2929000000,74000000,978000000,64.52,86.2,1.5152,28595000000,9269000000,1795000000,7205000000,19326000000,5410000000,4579000000,21344000000,57.42,-2779000000,96.64,36.82
2025-12-28,GLW,1.56,14915000000.0,57.42,None,1.109,14.28,,None,4988000000,4988000000,,,,,,,,,825000000,1481000000,None,2595000000,2595000000,779000000,None,None,1302000000,None,None,512000000,,1.12,0.0125,,,,3.5,0.01,607000000,1119000000,0.66,2012-12-31,29.76,974000000,5366000000.0,1984000000,1170000000,578000000,522000000,522000000,None,0,None,1051000000,None,None,3382000000,None,4915000000,585000000,None,None,None,0.146,,1392000000,772000000,1198000000,819000000,None,2504000000,None,,,,,0.604,6.66,5.15,,,,,,,,0.0916,,10625000000,2025-10-28,quarterly,0.67,USD,pre-market,443000000,10588000000,0.0442,0.127,0.209,17.45,756000000,3458000000,76000000,1156000000,64.52,86.2,1.5152,29375000000,9695000000,1956000000,7842000000,19680000000,5886000000,4579000000,21486000000,57.42,-2773000000,96.64,36.82
2025-12-28,GLW,1.56,14915000000.0,57.42,None,1.109,14.28,,None,4952000000,4952000000,,,,,,,,,824000000,1494000000,None,2595000000,2595000000,901000000,None,None,1248000000,None,None,512000000,,1.12,0.0125,,,,3.5,0.01,607000000,1119000000,0.66,2012-09-30,29.76,664000000,5366000000.0,1984000000,1170000000,578000000,248000000,248000000,None,0,None,1003000000,None,None,3372000000,None,5172000000,585000000,None,None,None,0.146,,1392000000,772000000,914000000,956000000,None,2265000000,None,,,,,0.604,6.66,5.15,,,,,,,,0.0916,,11036000000,2025-10-28,quarterly,0.67,USD,pre-market,443000000,10438000000,0.0442,0.127,0.209,17.45,756000000,3402000000,130000000,1399000000,64.52,86.2,1.5152,29410000000,9516000000,1887000000,7524000000,19894000000,5637000000,4579000000,21839000000,57.42,-2646000000,96.64,36.82
2025-12-28,GLW,1.56,14915000000.0,57.42,None,1.109,14.28,,None,5008000000,5008000000,,,,,,,,,823000000,1518000000,None,2595000000,2595000000,929000000,None,None,1157000000,None,None,512000000,,1.12,0.0125,,,,3.5,0.01,607000000,1119000000,0.66,2012-06-30,29.76,663000000,5366000000.0,1984000000,1170000000,578000000,253000000,253000000,None,0,None,999000000,None,None,3229000000,None,4870000000,585000000,None,None,None,0.146,,1392000000,772000000,877000000,934000000,None,2231000000,None,,,,,0.604,6.66,5.15,,,,,,,,0.0916,,10751000000,2025-10-28,quarterly,0.67,USD,pre-market,443000000,10029000000,0.0442,0.127,0.209,17.45,756000000,3258000000,29000000,1337000000,64.52,86.2,1.5152,28754000000,9378000000,1892000000,7352000000,19376000000,5460000000,4579000000,21354000000,57.42,-2458000000,96.64,36.82
2025-12-28,GLW,1.56,14915000000.0,57.42,None,1.109,14.28,,None,5490000000,5490000000,,,,,,,,,822000000,1530000000,None,2595000000,2595000000,847000000,None,None,1108000000,None,None,512000000,,1.12,0.0125,,,,3.5,0.01,607000000,1119000000,0.66,2012-03-31,29.76,665000000,5366000000.0,1984000000,1170000000,578000000,257000000,257000000,None,0,None,955000000,None,None,3135000000,None,4554000000,585000000,None,None,None,0.146,,1392000000,772000000,902000000,907000000,None,2206000000,None,,,,,0.604,6.66,5.15,,,,,,,,0.0916,,10373000000,2025-10-28,quarterly,0.67,USD,pre-market,443000000,9679000000,0.0442,0.127,0.209,17.45,756000000,3162000000,27000000,1346000000,64.52,86.2,1.5152,28489000000,9801000000,1781000000,7122000000,18688000000,5341000000,4579000000,21317000000,57.42,-2121000000,96.64,36.82
2025-12-28,GLW,1.56,14915000000.0,57.42,None,1.109,14.28,,None,4661000000,4661000000,,,,,,,,,818000000,1564000000,None,2595000000,2595000000,977000000,None,None,1082000000,None,None,512000000,,1.12,0.0125,,,,3.5,0.01,607000000,1119000000,0.66,2011-12-31,29.76,664000000,5366000000.0,1984000000,1170000000,578000000,262000000,262000000,None,0,None,975000000,None,None,2364000000,None,4726000000,585000000,None,None,None,0.146,,1392000000,772000000,795000000,1093000000,None,2258000000,None,,,,,0.604,6.66,5.15,,,,,,,,0.0916,,10671000000,2025-10-28,quarterly,0.67,USD,pre-market,443000000,9332000000,0.0442,0.127,0.209,17.45,756000000,2391000000,27000000,1164000000,64.52,86.2,1.5152,27848000000,8677000000,2097000000,6719000000,19171000000,4622000000,4579000000,21078000000,57.42,-2024000000,96.64,36.82
2025-12-28,GLW,1.56,14915000000.0,57.42,None,1.109,14.28,,None,4901000000,4901000000,,,,,,,,,818000000,1588000000,None,2595000000,2595000000,938000000,None,None,1189000000,None,None,512000000,,1.12,0.0125,,,,3.5,0.01,607000000,1119000000,0.66,2011-09-30,29.76,629000000,5366000000.0,1984000000,1170000000,578000000,252000000,252000000,None,0,None,939000000,None,None,2282000000,None,4890000000,585000000,None,None,None,0.146,,1392000000,772000000,715000000,1044000000,None,2191000000,None,,,,,0.604,6.66,5.15,,,,,,,,0.0916,,10266000000,2025-10-28,quarterly,0.67,USD,pre-market,443000000,8958000000,0.0442,0.127,0.209,17.45,756000000,2309000000,27000000,1520000000,64.52,86.2,1.5152,28173000000,9264000000,2009000000,6482000000,18909000000,4473000000,4579000000,21640000000,57.42,-1243000000,96.64,36.82
2025-12-28,GLW,1.56,14915000000.0,57.42,None,1.109,14.28,,None,4609000000,4609000000,,,,,,,,,817000000,1591000000,None,2595000000,2595000000,1052000000,None,None,1252000000,None,None,512000000,,1.12,0.0125,,,,3.5,0.01,607000000,1119000000,0.66,2011-06-30,29.76,632000000,5366000000.0,1984000000,1170000000,578000000,251000000,251000000,None,0,None,917000000,None,None,2248000000,None,5029000000,585000000,None,None,None,0.146,,1392000000,772000000,803000000,1005000000,None,2188000000,None,,,,,0.604,6.66,5.15,,,,,,,,0.0916,,9755000000,2025-10-28,quarterly,0.67,USD,pre-market,443000000,8227000000,0.0442,0.127,0.209,17.45,756000000,2274000000,26000000,1748000000,64.52,86.2,1.5152,27825000000,9329000000,2083000000,6519000000,18496000000,4436000000,4579000000,21255000000,57.42,-1242000000,96.64,36.82
2025-12-28,GLW,1.56,14915000000.0,57.42,None,1.109,14.28,,None,4570000000,4570000000,,,,,,,,,817000000,1589000000,None,2595000000,2595000000,949000000,None,None,1107000000,None,None,512000000,,1.12,0.0125,,,,3.5,0.01,607000000,1119000000,0.66,2011-03-31,29.76,630000000,5366000000.0,1984000000,1170000000,578000000,255000000,255000000,None,0,None,841000000,None,None,2245000000,None,4569000000,585000000,None,None,None,0.146,,1392000000,772000000,786000000,919000000,None,2166000000,None,,,,,0.604,6.66,5.15,,,,,,,,0.0916,,9235000000,2025-10-28,quarterly,0.67,USD,pre-market,443000000,7550000000,0.0442,0.127,0.209,17.45,756000000,2271000000,26000000,1733000000,64.52,86.2,1.5152,26660000000,9037000000,1894000000,6305000000,17623000000,4411000000,4579000000,20304000000,57.42,-1240000000,96.64,36.82
2025-12-28,GLW,1.56,14915000000.0,57.42,None,1.109,14.28,,None,4598000000,4598000000,,,,,,,,,813000000,1565000000,None,2595000000,2595000000,798000000,None,None,973000000,None,None,512000000,,1.12,0.0125,,,,3.5,0.01,607000000,1119000000,0.66,2010-12-31,29.76,537000000,5366000000.0,1984000000,1170000000,578000000,179000000,179000000,None,0,None,738000000,None,None,2262000000,None,4372000000,585000000,None,None,None,0.146,,1392000000,772000000,798000000,1131000000,None,2159000000,None,,,,,0.604,6.66,5.15,,,,,,,,0.0916,,8943000000,2025-10-28,quarterly,0.67,USD,pre-market,443000000,6881000000,0.0442,0.127,0.209,17.45,756000000,2319000000,57000000,1752000000,64.52,86.2,1.5152,25833000000,8859000000,1986000000,6407000000,16974000000,4421000000,4579000000,19375000000,57.42,-1227000000,96.64,36.82
2025-12-28,GLW,1.56,14915000000.0,57.42,None,1.109,14.28,,None,3302000000,3302000000,,,,,,,,,812000000,1580000000,None,2595000000,2595000000,720000000,None,None,854000000,None,None,512000000,,1.12,0.0125,,,,3.5,0.01,607000000,1119000000,0.66,2010-09-30,29.76,854000000,5366000000.0,1984000000,1170000000,578000000,668000000,668000000,None,0,None,712000000,None,None,2390000000,None,5194000000,585000000,None,None,None,0.146,,1392000000,772000000,768000000,-720000000,None,2119000000,None,,,,,0.604,6.66,5.15,,,,,,,,0.0916,,8526000000,2025-10-28,quarterly,0.67,USD,pre-market,443000000,5916000000,0.0442,0.127,0.209,17.45,756000000,2415000000,25000000,1727000000,64.52,86.2,1.5152,24670000000,7363000000,1694000000,6203000000,17307000000,4509000000,4579000000,18416000000,57.42,-1226000000,96.64,36.82
2025-12-28,GLW,1.56,14915000000.0,57.42,None,1.109,14.28,,None,3214000000,3214000000,,,,,,,,,812000000,1581000000,None,2595000000,2595000000,519000000,None,None,938000000,None,None,512000000,,1.12,0.0125,,,,3.5,0.01,607000000,1119000000,0.66,2010-06-30,29.76,938000000,5366000000.0,1984000000,1170000000,578000000,669000000,669000000,None,0,None,607000000,None,None,1927000000,None,4434000000,585000000,None,None,None,0.146,,1392000000,772000000,656000000,-519000000,None,2115000000,None,,,,,0.604,6.66,5.15,,,,,,,,0.0916,,8047000000,2025-10-28,quarterly,0.67,USD,pre-market,443000000,5208000000,0.0442,0.127,0.209,17.45,756000000,1951000000,24000000,1045000000,64.52,86.2,1.5152,22541000000,6460000000,1457000000,5499000000,16081000000,4042000000,4579000000,16992000000,57.42,-1224000000,96.64,36.82
2025-12-28,GLW,1.56,14915000000.0,57.42,None,1.109,14.28,,None,3075000000,3075000000,,,,,,,,,811000000,1579000000,None,2595000000,2595000000,459000000,None,None,860000000,None,None,512000000,,1.12,0.0125,,,,3.5,0.01,607000000,1119000000,0.66,2010-03-31,29.76,509000000,5366000000.0,1984000000,1170000000,578000000,165000000,165000000,None,0,None,604000000,None,None,1919000000,None,4296000000,585000000,None,None,None,0.146,,1392000000,772000000,715000000,796000000,None,2177000000,None,,,,,0.604,6.66,5.15,,,,,,,,0.0916,,7847000000,2025-10-28,quarterly,0.67,USD,pre-market,443000000,4374000000,0.0442,0.127,0.209,17.45,756000000,1942000000,23000000,798000000,64.52,86.2,1.5152,21727000000,6052000000,1278000000,5374000000,15675000000,4096000000,4579000000,16302000000,57.42,-1223000000,96.64,36.82
2025-12-28,GLW,1.56,14915000000.0,57.42,None,1.109,14.28,,None,2541000000,2541000000,,,,,,,,,808000000,1555000000,None,2595000000,2595000000,550000000,None,None,753000000,None,None,512000000,,1.12,0.0125,,,,3.5,0.01,607000000,1119000000,0.66,2009-12-31,29.76,509000000,5366000000.0,1984000000,1170000000,578000000,167000000,167000000,None,0,None,579000000,None,None,1930000000,None,3992000000,585000000,None,None,None,0.146,,1392000000,772000000,606000000,915000000,None,2231000000,None,,,,,0.604,6.66,5.15,,,,,,,,0.0916,,7995000000,2025-10-28,quarterly,0.67,USD,pre-market,443000000,3636000000,0.0442,0.127,0.209,17.45,756000000,2004000000,74000000,1042000000,64.52,86.2,1.5152,21295000000,5521000000,1539000000,5700000000,15774000000,4161000000,4579000000,15543000000,57.42,-1207000000,96.64,36.82
2025-12-28,GLW,1.56,14915000000.0,57.42,None,1.109,14.28,,None,1962000000,1962000000,,,,,,,,,807000000,1569000000,None,2595000000,2595000000,470000000,None,None,835000000,None,None,512000000,,1.12,0.0125,,,,3.5,0.01,607000000,1119000000,0.66,2009-09-30,29.76,509000000,5366000000.0,1984000000,1170000000,578000000,171000000,171000000,None,0,None,618000000,None,None,1945000000,None,3818000000,585000000,None,None,None,0.146,,1392000000,772000000,464000000,975000000,None,2264000000,None,,,,,0.604,6.66,5.15,,,,,,,,0.0916,,8180000000,2025-10-28,quarterly,0.67,USD,pre-market,443000000,2974000000,0.0442,0.127,0.209,17.45,756000000,2020000000,75000000,968000000,64.52,86.2,1.5152,20747000000,4847000000,1520000000,5729000000,15900000000,4209000000,4579000000,14967000000,57.42,-1206000000,96.64,36.82
2025-12-28,GLW,1.56,14915000000.0,57.42,None,1.109,14.28,,None,2234000000,2234000000,,,,,,,,,807000000,1567000000,None,2595000000,2595000000,502000000,None,None,790000000,None,None,512000000,,1.12,0.0125,,,,3.5,0.01,607000000,1119000000,0.66,2009-06-30,29.76,277000000,5366000000.0,1984000000,1170000000,578000000,21000000,21000000,None,0,None,647000000,None,None,1938000000,None,3168000000,585000000,None,None,None,0.146,,1392000000,772000000,516000000,949000000,None,2283000000,None,,,,,0.604,6.66,5.15,,,,,,,,0.0916,,7885000000,2025-10-28,quarterly,0.67,USD,pre-market,443000000,2409000000,0.0442,0.127,0.209,17.45,756000000,2018000000,80000000,841000000,64.52,86.2,1.5152,19604000000,5028000000,1531000000,5752000000,14576000000,4221000000,4579000000,13803000000,57.42,-1204000000,96.64,36.82
2025-12-28,GLW,1.56,14915000000.0,57.42,None,1.109,14.28,,None,1780000000,1780000000,,,,,,,,,806000000,1559000000,None,2595000000,2595000000,542000000,None,None,593000000,None,None,512000000,,1.12,0.0125,,,,3.5,0.01,607000000,1119000000,0.66,2009-03-31,29.76,277000000,5366000000.0,1984000000,1170000000,578000000,25000000,25000000,None,0,None,731000000,None,None,1596000000,None,None,585000000,None,None,None,0.146,,1392000000,772000000,530000000,982000000,None,None,None,,,,,0.604,6.66,5.15,,,,,,,,0.0916,,7806000000,2025-10-28,quarterly,0.67,USD,pre-market,443000000,1876000000,0.0442,0.127,0.209,17.45,756000000,1664000000,68000000,805000000,64.52,86.2,1.5152,18178000000,4439000000,1592000000,5483000000,13739000000,3891000000,4579000000,12647000000,57.42,-1202000000,96.64,36.82
2025-12-28,GLW,1.56,14915000000.0,57.42,None,1.109,14.28,,None,1873000000,1873000000,,,,,,,,,804000000,1548000000,None,2595000000,2595000000,846000000,None,None,512000000,None,None,512000000,,1.12,0.0125,,,,3.5,0.01,607000000,1119000000,0.66,2008-12-31,29.76,277000000,5366000000.0,1984000000,1170000000,578000000,28000000,28000000,None,0,None,798000000,None,None,1527000000,None,None,585000000,None,None,None,0.146,,1392000000,772000000,493000000,1128000000,None,None,None,,,,,0.604,6.66,5.15,,,,,,,,0.0916,,8199000000,2025-10-28,quarterly,0.67,USD,pre-market,443000000,1940000000,0.0442,0.127,0.209,17.45,756000000,1605000000,78000000,943000000,64.52,86.2,1.5152,19256000000,4619000000,2052000000,5765000000,14637000000,3713000000,4579000000,13443000000,57.42,-1160000000,96.64,36.82
2025-12-28,GLW,1.56,14915000000.0,57.42,None,1.109,14.28,,None,2596000000,2596000000,,,,,,,,,804000000,1578000000,None,2595000000,2595000000,958000000,None,None,828000000,None,None,512000000,,1.12,0.0125,,,,3.5,0.01,607000000,1119000000,0.66,2008-09-30,29.76,306000000,5366000000.0,1984000000,1170000000,578000000,306000000,306000000,None,0,None,755000000,None,None,1470000000,None,None,585000000,None,None,None,0.146,,1392000000,772000000,467000000,1025000000,None,None,None,,,,,0.604,6.66,5.15,,,,,,,,0.0916,,7220000000,2025-10-28,quarterly,0.67,USD,pre-market,443000000,1770000000,0.0442,0.127,0.209,17.45,756000000,1545000000,75000000,576000000,64.52,86.2,1.5152,18990000000,5222000000,2058000000,5514000000,13768000000,3456000000,4579000000,13428000000,57.42,-1161000000,96.64,36.82
2025-12-28,GLW,1.56,14915000000.0,57.42,None,1.109,14.28,,None,2175000000,2175000000,,,,,,,,,804000000,1600000000,None,2595000000,2595000000,831000000,None,None,958000000,None,None,512000000,,1.12,0.0125,,,,3.5,0.01,607000000,1119000000,0.66,2008-06-30,29.76,303000000,5366000000.0,1984000000,1170000000,578000000,303000000,303000000,None,0,None,726000000,None,None,1474000000,None,None,585000000,None,None,None,0.146,,1392000000,772000000,457000000,1051000000,None,None,None,,,,,0.604,6.66,5.15,,,,,,,,0.0916,,6944000000,2025-10-28,quarterly,0.67,USD,pre-market,443000000,1080000000,0.0442,0.127,0.209,17.45,756000000,1550000000,76000000,1332000000,64.52,86.2,1.5152,19180000000,5648000000,1958000000,5451000000,13532000000,3493000000,4579000000,13681000000,57.42,-659000000,96.64,36.82
2025-12-28,GLW,1.56,14915000000.0,57.42,None,1.109,14.28,,None,2124000000,2124000000,,,,,,,,,801000000,1598000000,None,2595000000,2595000000,701000000,None,None,988000000,None,None,512000000,,1.12,0.0125,,,,3.5,0.01,607000000,1119000000,0.66,2008-03-31,29.76,306000000,5366000000.0,1984000000,1170000000,578000000,306000000,306000000,None,0,None,692000000,None,None,1503000000,None,None,585000000,None,None,None,0.146,,1392000000,772000000,350000000,1083000000,None,None,None,,,,,0.604,6.66,5.15,,,,,,,,0.0916,,6837000000,2025-10-28,quarterly,0.67,USD,pre-market,443000000,-2053000000,0.0442,0.127,0.209,17.45,756000000,1581000000,78000000,1185000000,64.52,86.2,1.5152,16263000000,5339000000,1862000000,5476000000,10924000000,3614000000,4579000000,10740000000,57.42,-588000000,96.64,36.82
2025-12-28,GLW,1.56,14915000000.0,57.42,None,1.109,14.28,,None,2216000000,2216000000,,,,,,,,,799000000,1566000000,None,2595000000,2595000000,609000000,None,None,856000000,None,None,512000000,,1.12,0.0125,,,,3.5,0.01,607000000,1119000000,0.66,2007-12-31,29.76,308000000,5366000000.0,1984000000,1170000000,578000000,308000000,308000000,None,0,None,631000000,None,None,1514000000,None,None,585000000,None,None,None,0.146,,1392000000,772000000,291000000,1880000000,None,None,None,,,,,0.604,6.66,5.15,,,,,,,,0.0916,,5986000000,2025-10-28,quarterly,0.67,USD,pre-market,443000000,-3002000000,0.0442,0.127,0.209,17.45,756000000,1537000000,23000000,1300000000,64.52,86.2,1.5152,15215000000,5294000000,2512000000,5673000000,9921000000,3161000000,4579000000,9496000000,57.42,-492000000,96.64,36.82
2025-12-28,GLW,1.56,14915000000.0,57.42,None,1.109,14.28,,None,1878000000,1878000000,,,,,,,,,797000000,1623684211,None,2595000000,2595000000,495000000,None,None,874000000,None,None,512000000,,1.12,0.0125,,,,3.5,0.01,607000000,1119000000,0.66,2007-09-30,29.76,311000000,5366000000.0,1984000000,1170000000,578000000,311000000,311000000,None,0,None,665000000,None,None,1460000000,None,None,585000000,None,None,None,0.146,,1392000000,772000000,258000000,1739000000,None,None,None,,,,,0.604,6.66,5.15,,,,,,,,0.0916,,5602000000,2025-10-28,quarterly,0.67,USD,pre-market,443000000,-3641000000,0.0442,0.127,0.209,17.45,756000000,1481000000,21000000,1451000000,64.52,86.2,1.5152,14273000000,5126000000,2255000000,5431000000,9147000000,3176000000,4579000000,8798000000,57.42,-363000000,96.64,36.82
2025-12-28,GLW,1.56,14915000000.0,57.42,None,1.109,14.28,,None,1874000000,1874000000,,,,,,,,,796000000,1630000000,None,2595000000,2595000000,474000000,None,None,793000000,None,None,512000000,,1.12,0.0125,,,,3.5,0.01,607000000,1119000000,0.66,2007-06-30,29.76,313000000,5366000000.0,1984000000,1170000000,578000000,313000000,313000000,None,0,None,677000000,None,None,1456000000,None,None,585000000,None,None,None,0.146,,1392000000,772000000,334000000,1712000000,None,None,None,,,,,0.604,6.66,5.15,,,,,,,,0.0916,,5179000000,2025-10-28,quarterly,0.67,USD,pre-market,443000000,-4179000000,0.0442,0.127,0.209,17.45,756000000,1475000000,19000000,1329000000,64.52,86.2,1.5152,13540000000,5007000000,2205000000,5331000000,8533000000,3126000000,4579000000,8166000000,57.42,-234000000,96.64,36.82
2025-12-28,GLW,1.56,14915000000.0,57.42,None,1.109,14.28,,None,1123000000,1123000000,,,,,,,,,793000000,1635000000,None,2595000000,2595000000,551000000,None,None,781000000,None,None,512000000,,1.12,0.0125,,,,3.5,0.01,607000000,1119000000,0.66,2007-03-31,29.76,314000000,5366000000.0,1984000000,1170000000,578000000,314000000,314000000,None,0,None,685000000,None,None,1466000000,None,None,585000000,None,None,None,0.146,,1392000000,772000000,275000000,1660000000,None,None,None,,,,,0.604,6.66,5.15,,,,,,,,0.0916,,5281000000,2025-10-28,quarterly,0.67,USD,pre-market,443000000,-4668000000,0.0442,0.127,0.209,17.45,756000000,1486000000,20000000,1765000000,64.52,86.2,1.5152,13161000000,4629000000,2231000000,5471000000,8532000000,3240000000,4579000000,7644000000,57.42,-222000000,96.64,36.82
2025-12-28,GLW,1.56,14915000000.0,57.42,None,1.109,14.28,,None,1157000000,1157000000,,,,,,,,,791000000,1557142857,None,2595000000,2595000000,631000000,None,None,746000000,None,None,512000000,,1.12,0.0125,,,,3.5,0.01,607000000,1119000000,0.66,2006-12-31,29.76,316000000,5366000000.0,1984000000,1170000000,578000000,316000000,316000000,None,0,None,639000000,None,None,1696000000,None,None,585000000,None,None,None,0.146,,1392000000,772000000,246000000,1668000000,None,None,None,,,,,0.604,6.66,5.15,,,,,,,,0.0916,,5193000000,2025-10-28,quarterly,0.67,USD,pre-market,443000000,-4992000000,0.0442,0.127,0.209,17.45,756000000,1716000000,20000000,2010000000,64.52,86.2,1.5152,13065000000,4798000000,2319000000,5774000000,8267000000,3455000000,4579000000,7246000000,57.42,-201000000,96.64,36.82
2025-12-28,GLW,1.56,14915000000.0,57.42,None,1.109,14.28,,None,979000000,979000000,,,,,,,,,790000000,1622222222,None,2595000000,2595000000,574000000,None,None,753000000,None,None,512000000,,1.12,0.0125,,,,3.5,0.01,607000000,1119000000,0.66,2006-09-30,29.76,331000000,5366000000.0,1984000000,1170000000,578000000,331000000,331000000,None,0,None,673000000,None,None,1710000000,None,None,585000000,None,None,None,0.146,,1392000000,772000000,248000000,1726000000,None,None,None,,,,,0.604,6.66,5.15,,,,,,,,0.0916,,5082000000,2025-10-28,quarterly,0.67,USD,pre-market,443000000,-5638000000,0.0442,0.127,0.209,17.45,756000000,1730000000,20000000,1833000000,64.52,86.2,1.5152,12847000000,4486000000,2320000000,5618000000,8361000000,3298000000,4579000000,7188000000,57.42,-196000000,96.64,36.82
2025-12-28,GLW,1.56,14915000000.0,57.42,None,1.109,14.28,,None,1098000000,1098000000,,,,,,,,,787000000,1606250000,None,2595000000,2595000000,705000000,None,None,633000000,None,None,512000000,,1.12,0.0125,,,,3.5,0.01,607000000,1119000000,0.66,2006-06-30,29.76,277000000,5366000000.0,1984000000,1170000000,578000000,56000000,56000000,None,0,None,664000000,None,None,1475000000,None,None,585000000,None,None,None,0.146,,1392000000,772000000,263000000,1645000000,None,None,None,,,,,0.604,6.66,5.15,,,,,,,,0.0916,,5032000000,2025-10-28,quarterly,0.67,USD,pre-market,443000000,-6076000000,0.0442,0.127,0.209,17.45,756000000,1497000000,22000000,1377000000,64.52,86.2,1.5152,12199000000,4035000000,2372000000,5475000000,8164000000,3103000000,4579000000,6684000000,57.42,-191000000,96.64,36.82
2025-12-28,GLW,1.56,14915000000.0,57.42,None,1.109,14.28,,None,1262000000,1262000000,,,,,,,,,786000000,1606250000,None,2595000000,2595000000,661000000,None,None,696000000,None,None,512000000,,1.12,0.0125,,,,3.5,0.01,607000000,1119000000,0.66,2006-03-31,29.76,277000000,5366000000.0,1984000000,1170000000,578000000,336000000,336000000,None,0,None,616000000,None,None,1788000000,None,None,585000000,None,None,None,0.146,,1392000000,772000000,254000000,1699000000,None,None,None,,,,,0.604,6.66,5.15,,,,,,,,0.0916,,4816000000,2025-10-28,quarterly,0.67,USD,pre-market,443000000,-6591000000,0.0442,0.127,0.209,17.45,756000000,1811000000,23000000,1216000000,64.52,86.2,1.5152,11757000000,4044000000,2383000000,5671000000,7713000000,3288000000,4579000000,6040000000,57.42,-181000000,96.64,36.82
2025-12-28,GLW,1.56,14915000000.0,57.42,None,1.109,14.28,,None,1342000000,1342000000,,,,,,,,,776000000,1511764706,None,2595000000,2595000000,690000000,None,None,629000000,None,None,512000000,,1.12,0.0125,,,,3.5,0.01,607000000,1119000000,0.66,2005-12-31,29.76,277000000,5366000000.0,1984000000,1170000000,578000000,338000000,338000000,None,0,None,570000000,None,None,1789000000,None,None,585000000,None,None,None,0.146,,1392000000,772000000,227000000,1662000000,None,None,None,,,,,0.604,6.66,5.15,,,,,,,,0.0916,,4675000000,2025-10-28,quarterly,0.67,USD,pre-market,443000000,-6724000000,0.0442,0.127,0.209,17.45,756000000,1807000000,18000000,1092000000,64.52,86.2,1.5152,11175000000,3860000000,2216000000,5523000000,7315000000,3307000000,4579000000,5609000000,57.42,-168000000,96.64,36.82
2025-12-28,GLW,1.56,14915000000.0,57.42,None,1.109,14.28,,None,1395000000,1395000000,,,,,,,,,767000000,1552000000,None,2595000000,2595000000,554000000,None,None,631000000,None,None,512000000,,1.12,0.0125,,,,3.5,0.01,607000000,1119000000,0.66,2005-09-30,29.76,277000000,5366000000.0,1984000000,1170000000,578000000,380000000,380000000,None,0,None,559000000,None,None,1804000000,None,None,585000000,None,None,None,0.146,,1392000000,772000000,291000000,1384000000,None,None,None,,,,,0.604,6.66,5.15,,,,,,,,0.0916,,4367000000,2025-10-28,quarterly,0.67,USD,pre-market,443000000,-6692000000,0.0442,0.127,0.209,17.45,756000000,2097000000,293000000,1023000000,64.52,86.2,1.5152,10883000000,3899000000,2231000000,5630000000,6984000000,3399000000,4579000000,5226000000,57.42,-164000000,96.64,36.82
2025-12-28,GLW,1.56,14915000000.0,57.42,None,1.109,14.28,,880000000,1768000000,1768000000,,,,,,,,,921000000,869000000,None,2595000000,2595000000,1472000000,None,326000000,2053000000,None,None,512000000,,1.12,0.0125,,,,3.5,0.01,607000000,1119000000,0.66,2024-12-31,29.76,2363000000,5366000000.0,1984000000,1170000000,578000000,752000000,752000000,None,0,None,2724000000,None,None,6885000000,None,394000000,585000000,None,None,None,0.146,,1392000000,772000000,1447000000,2709000000,None,1175000000,None,,,,,0.604,6.66,5.15,,,,,,,,0.0916,,13359000000,2025-10-28,annual,0.67,USD,pre-market,443000000,15926000000,0.0442,0.127,0.209,17.45,756000000,8091000000,421000000,None,64.52,86.2,1.5152,27735000000,7992000000,4919000000,16665000000,19743000000,11746000000,4579000000,10686000000,57.42,None,96.64,36.82
2025-12-28,GLW,1.56,14915000000.0,57.42,None,1.109,14.28,,958000000,1779000000,1779000000,,,,,,,,,916000000,859000000,None,2595000000,2595000000,1466000000,None,320000000,1572000000,None,None,512000000,,1.12,0.0125,,,,3.5,0.01,607000000,1119000000,0.66,2023-12-31,29.76,2380000000,5366000000.0,1984000000,1170000000,578000000,905000000,905000000,None,0,None,2666000000,None,None,7206000000,None,414000000,585000000,None,None,None,0.146,,1392000000,772000000,1195000000,2023000000,None,1131000000,None,,,,,0.604,6.66,5.15,,,,,,,,0.0916,,14630000000,2025-10-28,annual,0.67,USD,pre-market,443000000,16391000000,0.0442,0.127,0.209,17.45,756000000,8484000000,432000000,None,64.52,86.2,1.5152,28500000000,7212000000,4319000000,16632000000,21288000000,12313000000,4579000000,11551000000,57.42,None,96.64,36.82
2025-12-28,GLW,1.56,14915000000.0,57.42,None,1.109,14.28,,906000000,1671000000,1671000000,,,,,,,,,910000000,857000000,None,2595000000,2595000000,1804000000,None,224000000,1721000000,None,None,512000000,,1.12,0.0125,,,,3.5,0.01,607000000,1119000000,0.66,2022-12-31,29.76,2394000000,5366000000.0,1984000000,1170000000,578000000,1029000000,1029000000,None,0,None,2904000000,None,None,6687000000,None,360000000,585000000,None,None,None,0.146,,1392000000,772000000,1157000000,2633000000,None,4955000000,None,,,,,0.604,6.66,5.15,,,,,,,,0.0916,,15371000000,2025-10-28,annual,0.67,USD,pre-market,443000000,16778000000,0.0442,0.127,0.209,17.45,756000000,7817000000,335000000,None,64.52,86.2,1.5152,29499000000,7453000000,5175000000,17224000000,22046000000,12049000000,4579000000,12008000000,57.42,-20532000000,96.64,36.82
2025-12-28,GLW,1.56,14915000000.0,57.42,None,1.109,14.28,,968000000,2148000000,2148000000,,,,,,,,,907000000,844000000,None,2595000000,2595000000,1612000000,None,55000000,2004000000,None,None,512000000,,1.12,0.0125,,,,3.5,0.01,607000000,1119000000,0.66,2021-12-31,29.76,2421000000,5366000000.0,1984000000,1170000000,578000000,1148000000,1148000000,None,0,None,2481000000,None,None,6989000000,None,318000000,585000000,None,None,None,0.146,,1392000000,772000000,1026000000,2478000000,None,5182000000,None,,,,,0.604,6.66,5.15,,,,,,,,0.0916,,15804000000,2025-10-28,annual,0.67,USD,pre-market,443000000,16389000000,0.0442,0.127,0.209,17.45,756000000,7829000000,149000000,None,64.52,86.2,1.5152,30154000000,7659000000,4806000000,17609000000,22495000000,12803000000,4579000000,12333000000,57.42,-20263000000,96.64,36.82
2025-12-28,GLW,1.56,14915000000.0,57.42,None,1.109,14.28,,902000000,2672000000,2672000000,,,,,,,,,863000000,772000000,None,2595000000,2595000000,1174000000,None,158000000,2133000000,None,None,512000000,,1.12,0.0125,,,,3.5,0.01,607000000,1119000000,0.66,2020-12-31,29.76,2460000000,5366000000.0,1984000000,1170000000,578000000,1308000000,1308000000,None,0,None,2438000000,None,None,7838000000,None,435000000,585000000,None,None,None,0.146,,1392000000,772000000,761000000,1805000000,None,5744000000,None,,,,,0.604,6.66,5.15,,,,,,,,0.0916,,15742000000,2025-10-28,annual,0.67,USD,pre-market,443000000,16120000000,0.0442,0.127,0.209,17.45,756000000,8701000000,252000000,None,64.52,86.2,1.5152,30775000000,8004000000,3767000000,17327000000,22771000000,13560000000,4579000000,13257000000,57.42,-19928000000,96.64,36.82
2025-12-28,GLW,1.56,14915000000.0,57.42,None,1.109,14.28,,512000000,2434000000,2434000000,,,,,,,,,859000000,899000000,None,2595000000,2595000000,1587000000,None,11000000,1836000000,None,None,512000000,,1.12,0.0125,,,,3.5,0.01,607000000,1119000000,0.66,2019-12-31,29.76,1935000000,5366000000.0,1984000000,1170000000,578000000,1185000000,1185000000,None,0,None,2320000000,None,None,7729000000,None,334000000,585000000,None,None,None,0.146,,1392000000,772000000,873000000,1575000000,None,4651000000,None,,,,,0.604,6.66,5.15,,,,,,,,0.0916,,15337000000,2025-10-28,annual,0.67,USD,pre-market,443000000,16408000000,0.0442,0.127,0.209,17.45,756000000,8252000000,73000000,None,64.52,86.2,1.5152,28898000000,7463000000,3521000000,15901000000,21435000000,12380000000,4579000000,12907000000,57.42,-19812000000,96.64,36.82
2025-12-28,GLW,1.56,14915000000.0,57.42,None,1.109,14.28,,None,2355000000,2355000000,,,,,,,,,857000000,941000000,None,2595000000,2595000000,1456000000,None,4000000,1940000000,None,None,512000000,,1.12,0.0125,,,,3.5,0.01,607000000,1119000000,0.66,2018-12-31,29.76,1936000000,5366000000.0,1984000000,1170000000,578000000,1292000000,1292000000,None,0,None,2037000000,None,None,5994000000,None,376000000,585000000,None,None,None,0.146,,1392000000,772000000,702000000,1628000000,None,4314000000,None,,,,,0.604,6.66,5.15,,,,,,,,0.0916,,14895000000,2025-10-28,annual,0.67,USD,pre-market,443000000,16303000000,0.0442,0.127,0.209,17.45,756000000,5998000000,4000000,None,64.52,86.2,1.5152,27505000000,7034000000,3311000000,13619000000,20471000000,10308000000,4579000000,13792000000,57.42,-18870000000,96.64,36.82
2025-12-28,GLW,1.56,14915000000.0,57.42,None,1.109,14.28,,None,4317000000,4317000000,,,,,,,,,854000000,895000000,None,2595000000,2595000000,1439000000,None,379000000,1807000000,None,None,512000000,,1.12,0.0125,,,,3.5,0.01,607000000,1119000000,0.66,2017-12-31,29.76,1694000000,5366000000.0,1984000000,1170000000,578000000,869000000,869000000,None,0,None,1712000000,None,None,4749000000,None,340000000,585000000,None,None,None,0.146,,1392000000,772000000,991000000,1243000000,None,3766000000,None,,,,,0.604,6.66,5.15,,,,,,,,0.0916,,14017000000,2025-10-28,annual,0.67,USD,pre-market,443000000,15962000000,0.0442,0.127,0.209,17.45,756000000,5128000000,379000000,0,64.52,86.2,1.5152,27479000000,8827000000,3209000000,11724000000,18652000000,8515000000,4579000000,15724000000,57.42,-16633000000,96.64,36.82
2025-12-28,GLW,1.56,14915000000.0,57.42,None,1.109,14.28,,None,5291000000,5291000000,,,,,,,,,846000000,1144000000,None,2595000000,2595000000,1079000000,None,256000000,1481000000,None,None,512000000,,1.12,0.0125,,,,3.5,0.01,607000000,1119000000,0.66,2016-12-31,29.76,1577000000,5366000000.0,1984000000,1170000000,578000000,796000000,796000000,None,0,None,1471000000,None,None,3646000000,None,336000000,585000000,None,None,None,0.146,,1392000000,772000000,805000000,1266000000,None,3542000000,None,,,,,0.604,6.66,5.15,,,,,,,,0.0916,,12546000000,2025-10-28,annual,0.67,USD,pre-market,443000000,16880000000,0.0442,0.127,0.209,17.45,756000000,3902000000,256000000,0,64.52,86.2,1.5152,27899000000,9048000000,2751000000,9939000000,18851000000,7188000000,4579000000,17893000000,57.42,-14152000000,96.64,36.82
2025-12-28,GLW,1.56,14915000000.0,57.42,None,1.109,14.28,,None,4500000000,4500000000,,,,,,,,,840000000,1343000000,None,2595000000,2595000000,934000000,None,91000000,1372000000,None,None,512000000,,1.12,0.0125,,,,3.5,0.01,607000000,1119000000,0.66,2015-12-31,29.76,1380000000,5366000000.0,1984000000,1170000000,578000000,706000000,706000000,None,0,None,1385000000,None,None,3890000000,None,1975000000,585000000,None,None,None,0.146,,1392000000,772000000,912000000,1255000000,None,2960000000,None,,,,,0.604,6.66,5.15,,,,,,,,0.0916,,12648000000,2025-10-28,annual,0.67,USD,pre-market,443000000,13832000000,0.0442,0.127,0.209,17.45,756000000,4462000000,572000000,100000000,64.52,86.2,1.5152,28547000000,8269000000,2814000000,9684000000,20278000000,6870000000,4579000000,18788000000,57.42,-9725000000,96.64,36.82
2025-12-28,GLW,1.56,14915000000.0,57.42,None,1.109,14.28,,None,5309000000,5309000000,,,,,,,,,836000000,1427000000,None,2595000000,2595000000,997000000,None,36000000,1501000000,None,None,512000000,,1.12,0.0125,,,,3.5,0.01,607000000,1119000000,0.66,2014-12-31,29.76,1150000000,5366000000.0,1984000000,1170000000,578000000,497000000,497000000,None,0,None,1322000000,None,None,3227000000,None,1801000000,585000000,None,None,None,0.146,,1392000000,772000000,1347000000,1185000000,None,2860000000,None,,,,,0.604,6.66,5.15,,,,,,,,0.0916,,12766000000,2025-10-28,annual,0.67,USD,pre-market,443000000,13021000000,0.0442,0.127,0.209,17.45,756000000,3263000000,36000000,759000000,64.52,86.2,1.5152,30063000000,10238000000,2324000000,8411000000,19825000000,6087000000,4579000000,21579000000,57.42,-6727000000,96.64,36.82
2025-12-28,GLW,1.56,14915000000.0,57.42,None,1.109,14.28,,None,4704000000,4704000000,,,,,,,,,831000000,1462000000,None,2595000000,2595000000,771000000,None,None,1253000000,None,None,512000000,,1.12,0.0125,,,,3.5,0.01,607000000,1119000000,0.66,2013-12-31,29.76,1002000000,5366000000.0,1984000000,1170000000,578000000,540000000,540000000,None,0,None,1270000000,None,None,3272000000,None,5537000000,585000000,None,None,None,0.146,,1392000000,772000000,1133000000,815000000,None,2249000000,None,,,,,0.604,6.66,5.15,,,,,,,,0.0916,,9801000000,2025-10-28,annual,0.67,USD,pre-market,443000000,11320000000,0.0442,0.127,0.209,17.45,756000000,3293000000,21000000,531000000,64.52,86.2,1.5152,28478000000,8891000000,1746000000,7267000000,19587000000,5521000000,4579000000,21162000000,57.42,-4099000000,96.64,36.82
2025-12-28,GLW,1.56,14915000000.0,57.42,None,1.109,14.28,,None,4988000000,4988000000,,,,,,,,,825000000,1506000000,None,2595000000,2595000000,779000000,None,None,1302000000,None,None,512000000,,1.12,0.0125,,,,3.5,0.01,607000000,1119000000,0.66,2012-12-31,29.76,974000000,5366000000.0,1984000000,1170000000,578000000,522000000,522000000,None,0,None,1051000000,None,None,3382000000,None,4915000000,585000000,None,None,None,0.146,,1392000000,772000000,1198000000,819000000,None,2504000000,None,,,,,0.604,6.66,5.15,,,,,,,,0.0916,,10625000000,2025-10-28,annual,0.67,USD,pre-market,443000000,10588000000,0.0442,0.127,0.209,17.45,756000000,3458000000,76000000,1156000000,64.52,86.2,1.5152,29375000000,9695000000,1956000000,7842000000,19680000000,5886000000,4579000000,21486000000,57.42,-2773000000,96.64,36.82
2025-12-28,GLW,1.56,14915000000.0,57.42,None,1.109,14.28,,None,4661000000,4661000000,,,,,,,,,818000000,1583000000,None,2595000000,2595000000,977000000,None,None,1082000000,None,None,512000000,,1.12,0.0125,,,,3.5,0.01,607000000,1119000000,0.66,2011-12-31,29.76,664000000,5366000000.0,1984000000,1170000000,578000000,262000000,262000000,None,0,None,975000000,None,None,2364000000,None,4726000000,585000000,None,None,None,0.146,,1392000000,772000000,795000000,1093000000,None,2258000000,None,,,,,0.604,6.66,5.15,,,,,,,,0.0916,,10671000000,2025-10-28,annual,0.67,USD,pre-market,443000000,9332000000,0.0442,0.127,0.209,17.45,756000000,2391000000,27000000,1164000000,64.52,86.2,1.5152,27848000000,8677000000,2097000000,6719000000,19171000000,4622000000,4579000000,21078000000,57.42,-2024000000,96.64,36.82
2025-12-28,GLW,1.56,14915000000.0,57.42,None,1.109,14.28,,None,4598000000,4598000000,,,,,,,,,813000000,1581000000,None,2595000000,2595000000,798000000,None,None,973000000,None,None,512000000,,1.12,0.0125,,,,3.5,0.01,607000000,1119000000,0.66,2010-12-31,29.76,537000000,5366000000.0,1984000000,1170000000,578000000,179000000,179000000,None,0,None,738000000,None,None,2262000000,None,4372000000,585000000,None,None,None,0.146,,1392000000,772000000,798000000,1131000000,None,2159000000,None,,,,,0.604,6.66,5.15,,,,,,,,0.0916,,8943000000,2025-10-28,annual,0.67,USD,pre-market,443000000,6881000000,0.0442,0.127,0.209,17.45,756000000,2319000000,57000000,1752000000,64.52,86.2,1.5152,25833000000,8859000000,1986000000,6407000000,16974000000,4421000000,4579000000,19375000000,57.42,-1227000000,96.64,36.82
2025-12-28,GLW,1.56,14915000000.0,57.42,None,1.109,14.28,,None,2541000000,2541000000,,,,,,,,,808000000,1568000000,None,2595000000,2595000000,550000000,None,None,753000000,None,None,512000000,,1.12,0.0125,,,,3.5,0.01,607000000,1119000000,0.66,2009-12-31,29.76,509000000,5366000000.0,1984000000,1170000000,578000000,167000000,167000000,None,0,None,579000000,None,None,1930000000,None,3992000000,585000000,None,None,None,0.146,,1392000000,772000000,606000000,915000000,None,2231000000,None,,,,,0.604,6.66,5.15,,,,,,,,0.0916,,7995000000,2025-10-28,annual,0.67,USD,pre-market,443000000,3636000000,0.0442,0.127,0.209,17.45,756000000,2004000000,74000000,1042000000,64.52,86.2,1.5152,21295000000,5521000000,1539000000,5700000000,15774000000,4161000000,4579000000,15543000000,57.42,-1207000000,96.64,36.82
2025-12-28,GLW,1.56,14915000000.0,57.42,None,1.109,14.28,,None,1873000000,1873000000,,,,,,,,,804000000,1584000000,None,2595000000,2595000000,846000000,None,None,512000000,None,None,512000000,,1.12,0.0125,,,,3.5,0.01,607000000,1119000000,0.66,2008-12-31,29.76,277000000,5366000000.0,1984000000,1170000000,578000000,28000000,28000000,None,0,None,798000000,None,None,1527000000,None,None,585000000,None,None,None,0.146,,1392000000,772000000,493000000,1128000000,None,None,None,,,,,0.604,6.66,5.15,,,,,,,,0.0916,,8199000000,2025-10-28,annual,0.67,USD,pre-market,443000000,1940000000,0.0442,0.127,0.209,17.45,756000000,1605000000,78000000,943000000,64.52,86.2,1.5152,19256000000,4619000000,2052000000,5765000000,14637000000,3713000000,4579000000,13443000000,57.42,-1160000000,96.64,36.82
2025-12-28,GLW,1.56,14915000000.0,57.42,None,1.109,14.28,,None,2216000000,2216000000,,,,,,,,,799000000,1566000000,None,2595000000,2595000000,609000000,None,None,856000000,None,None,512000000,,1.12,0.0125,,,,3.5,0.01,607000000,1119000000,0.66,2007-12-31,29.76,308000000,5366000000.0,1984000000,1170000000,578000000,308000000,308000000,None,0,None,631000000,None,None,1514000000,None,None,585000000,None,None,None,0.146,,1392000000,772000000,291000000,1880000000,None,None,None,,,,,0.604,6.66,5.15,,,,,,,,0.0916,,5986000000,2025-10-28,annual,0.67,USD,pre-market,443000000,-3002000000,0.0442,0.127,0.209,17.45,756000000,1537000000,23000000,1300000000,64.52,86.2,1.5152,15215000000,5294000000,2512000000,5673000000,9921000000,3161000000,4579000000,9496000000,57.42,-492000000,96.64,36.82
2025-12-28,GLW,1.56,14915000000.0,57.42,None,1.109,14.28,,None,1157000000,1157000000,,,,,,,,,791000000,1599137931,None,2595000000,2595000000,631000000,None,None,746000000,None,None,512000000,,1.12,0.0125,,,,3.5,0.01,607000000,1119000000,0.66,2006-12-31,29.76,316000000,5366000000.0,1984000000,1170000000,578000000,316000000,316000000,None,0,None,639000000,None,None,1696000000,None,None,585000000,None,None,None,0.146,,1392000000,772000000,246000000,1668000000,None,None,None,,,,,0.604,6.66,5.15,,,,,,,,0.0916,,5193000000,2025-10-28,annual,0.67,USD,pre-market,443000000,-4992000000,0.0442,0.127,0.209,17.45,756000000,1716000000,20000000,2010000000,64.52,86.2,1.5152,13065000000,4798000000,2319000000,5774000000,8267000000,3455000000,4579000000,7246000000,57.42,-201000000,96.64,36.82
2025-12-28,GLW,1.56,14915000000.0,57.42,None,1.109,14.28,,None,1342000000,1342000000,,,,,,,,,776000000,1539473684,None,2595000000,2595000000,690000000,None,None,629000000,None,None,512000000,,1.12,0.0125,,,,3.5,0.01,607000000,1119000000,0.66,2005-12-31,29.76,277000000,5366000000.0,1984000000,1170000000,578000000,338000000,338000000,None,0,None,570000000,None,None,1789000000,None,None,585000000,None,None,None,0.146,,1392000000,772000000,227000000,1662000000,None,None,None,,,,,0.604,6.66,5.15,,,,,,,,0.0916,,4675000000,2025-10-28,annual,0.67,USD,pre-market,443000000,-6724000000,0.0442,0.127,0.209,17.45,756000000,1807000000,18000000,1092000000,64.52,86.2,1.5152,11175000000,3860000000,2216000000,5523000000,7315000000,3307000000,4579000000,5609000000,57.42,-168000000,96.64,36.82
2025-12-28,GLW,1.56,14915000000.0,57.42,None,1.109,14.28,334000000,None,1342000000,1342000000,-324000000,-299000000,None,None,-28000000,None,None,None,776000000,1539473684,None,2595000000,2595000000,690000000,None,None,629000000,None,None,512000000,337000000,1.12,0.0125,241000000,241000000,None,3.5,0.01,607000000,1119000000,0.66,2025-09-30,29.76,277000000,5366000000.0,1984000000,1170000000,578000000,338000000,338000000,None,0,None,570000000,None,None,1789000000,None,None,470000000,None,None,None,0.146,784000000,1392000000,772000000,227000000,1662000000,None,None,None,None,None,None,None,0.604,6.66,5.15,None,None,None,None,None,-25000000,None,0.0916,None,4675000000,2025-10-28,quarterly,0.67,USD,pre-market,443000000,-6724000000,0.0442,0.127,0.209,17.45,756000000,1807000000,18000000,1092000000,64.52,86.2,1.5152,11175000000,3860000000,2216000000,5523000000,7315000000,3307000000,4579000000,5609000000,57.42,-168000000,96.64,36.82
2025-12-28,GLW,1.56,14915000000.0,57.42,None,1.109,14.28,308000000,None,1342000000,1342000000,-293000000,-301000000,None,None,-108000000,None,None,None,776000000,1539473684,None,2595000000,2595000000,690000000,None,None,629000000,None,None,512000000,340000000,1.12,0.0125,261000000,261000000,None,3.5,0.01,607000000,1119000000,0.66,2025-06-30,29.76,277000000,5366000000.0,1984000000,1170000000,578000000,338000000,338000000,None,0,None,570000000,None,None,1789000000,None,None,469000000,None,None,None,0.146,708000000,1392000000,772000000,227000000,1662000000,None,None,None,None,None,None,None,0.604,6.66,5.15,None,None,None,None,None,-33000000,None,0.0916,None,4675000000,2025-10-28,quarterly,0.67,USD,pre-market,443000000,-6724000000,0.0442,0.127,0.209,17.45,756000000,1807000000,18000000,1092000000,64.52,86.2,1.5152,11175000000,3860000000,2216000000,5523000000,7315000000,3307000000,4579000000,5609000000,57.42,-168000000,96.64,36.82
2025-12-28,GLW,1.56,14915000000.0,57.42,None,1.109,14.28,208000000,None,1342000000,1342000000,-403000000,-165000000,None,None,-146000000,None,None,None,776000000,1539473684,None,2595000000,2595000000,690000000,None,None,629000000,None,None,512000000,319000000,1.12,0.0125,242000000,242000000,None,3.5,0.01,607000000,1119000000,0.66,2025-03-31,29.76,277000000,5366000000.0,1984000000,1170000000,578000000,338000000,338000000,None,0,None,570000000,None,None,1789000000,None,None,185000000,None,None,None,0.146,151000000,1392000000,772000000,227000000,1662000000,None,None,None,None,None,None,None,0.604,6.66,5.15,None,None,None,None,None,-129000000,None,0.0916,None,4675000000,2025-10-28,quarterly,0.67,USD,pre-market,443000000,-6724000000,0.0442,0.127,0.209,17.45,756000000,1807000000,18000000,1092000000,64.52,86.2,1.5152,11175000000,3860000000,2216000000,5523000000,7315000000,3307000000,4579000000,5609000000,57.42,-168000000,96.64,36.82
2025-12-28,GLW,1.56,14915000000.0,57.42,None,1.109,14.28,254000000,None,1342000000,1342000000,-220000000,-207000000,None,None,-37000000,None,None,None,776000000,1539473684,None,2595000000,2595000000,690000000,None,None,629000000,None,None,512000000,335000000,1.12,0.0125,249000000,249000000,None,3.5,0.01,607000000,1119000000,0.66,2024-12-31,29.76,277000000,5366000000.0,1984000000,1170000000,578000000,338000000,338000000,None,0,None,570000000,None,None,1789000000,None,None,340000000,None,None,None,0.146,623000000,1392000000,772000000,227000000,1662000000,None,None,None,None,None,None,None,0.604,6.66,5.15,None,None,None,None,None,-35000000,None,0.0916,None,4675000000,2025-10-28,quarterly,0.67,USD,pre-market,443000000,-6724000000,0.0442,0.127,0.209,17.45,756000000,1807000000,18000000,1092000000,64.52,86.2,1.5152,11175000000,3860000000,2216000000,5523000000,7315000000,3307000000,4579000000,5609000000,57.42,-168000000,96.64,36.82
2025-12-28,GLW,1.56,14915000000.0,57.42,None,1.109,14.28,217000000,None,1342000000,1342000000,-332000000,-199000000,None,None,-63000000,None,None,None,776000000,1539473684,None,2595000000,2595000000,690000000,None,None,629000000,None,None,512000000,339000000,1.12,0.0125,242000000,242000000,None,3.5,0.01,607000000,1119000000,0.66,2024-09-30,29.76,277000000,5366000000.0,1984000000,1170000000,578000000,338000000,338000000,None,0,None,570000000,None,None,1789000000,None,None,-95000000,None,None,None,0.146,699000000,1392000000,772000000,227000000,1662000000,None,None,None,None,None,None,None,0.604,6.66,5.15,None,None,None,None,None,-48000000,None,0.0916,None,4675000000,2025-10-28,quarterly,0.67,USD,pre-market,443000000,-6724000000,0.0442,0.127,0.209,17.45,756000000,1807000000,18000000,1092000000,64.52,86.2,1.5152,11175000000,3860000000,2216000000,5523000000,7315000000,3307000000,4579000000,5609000000,57.42,-168000000,96.64,36.82
2025-12-28,GLW,1.56,14915000000.0,57.42,None,1.109,14.28,242000000,None,1342000000,1342000000,-304000000,-154000000,None,None,-10000000,None,None,None,776000000,1539473684,None,2595000000,2595000000,690000000,None,None,629000000,None,None,512000000,335000000,1.12,0.0125,252000000,252000000,None,3.5,0.01,607000000,1119000000,0.66,2024-06-30,29.76,277000000,5366000000.0,1984000000,1170000000,578000000,338000000,338000000,None,0,None,570000000,None,None,1789000000,None,None,104000000,None,None,None,0.146,521000000,1392000000,772000000,227000000,1662000000,None,None,None,None,None,None,None,0.604,6.66,5.15,None,None,None,None,None,-129000000,None,0.0916,None,4675000000,2025-10-28,quarterly,0.67,USD,pre-market,443000000,-6724000000,0.0442,0.127,0.209,17.45,756000000,1807000000,18000000,1092000000,64.52,86.2,1.5152,11175000000,3860000000,2216000000,5523000000,7315000000,3307000000,4579000000,5609000000,57.42,-168000000,96.64,36.82
2025-12-28,GLW,1.56,14915000000.0,57.42,None,1.109,14.28,252000000,None,1342000000,1342000000,-308000000,-184000000,None,None,-61000000,None,None,None,776000000,1539473684,None,2595000000,2595000000,690000000,None,None,629000000,None,None,512000000,337000000,1.12,0.0125,243000000,243000000,None,3.5,0.01,607000000,1119000000,0.66,2024-03-31,29.76,277000000,5366000000.0,1984000000,1170000000,578000000,338000000,338000000,None,0,None,570000000,None,None,1789000000,None,None,209000000,None,None,None,0.146,96000000,1392000000,772000000,227000000,1662000000,None,None,None,None,None,None,None,0.604,6.66,5.15,None,None,None,None,None,-34000000,None,0.0916,None,4675000000,2025-10-28,quarterly,0.67,USD,pre-market,443000000,-6724000000,0.0442,0.127,0.209,17.45,756000000,1807000000,18000000,1092000000,64.52,86.2,1.5152,11175000000,3860000000,2216000000,5523000000,7315000000,3307000000,4579000000,5609000000,57.42,-168000000,96.64,36.82
2025-12-28,GLW,1.56,14915000000.0,57.42,None,1.109,14.28,279000000,None,1342000000,1342000000,-363000000,-230000000,None,None,26000000,None,None,None,776000000,1539473684,None,2595000000,2595000000,690000000,None,None,629000000,None,None,512000000,345000000,1.12,0.0125,248000000,248000000,None,3.5,0.01,607000000,1119000000,0.66,2023-12-31,29.76,277000000,5366000000.0,1984000000,1170000000,578000000,338000000,338000000,None,0,None,570000000,None,None,1789000000,None,None,-28000000,None,None,None,0.146,713000000,1392000000,772000000,227000000,1662000000,None,None,None,None,None,None,None,0.604,6.66,5.15,None,None,None,None,None,-3000000,None,0.0916,None,4675000000,2025-10-28,quarterly,0.67,USD,pre-market,443000000,-6724000000,0.0442,0.127,0.209,17.45,756000000,1807000000,18000000,1092000000,64.52,86.2,1.5152,11175000000,3860000000,2216000000,5523000000,7315000000,3307000000,4579000000,5609000000,57.42,-168000000,96.64,36.82
2025-12-28,GLW,1.56,14915000000.0,57.42,None,1.109,14.28,341000000,None,1342000000,1342000000,-356000000,-770000000,None,None,73000000,None,None,None,776000000,1539473684,None,2595000000,2595000000,690000000,None,None,629000000,None,None,512000000,340000000,1.12,0.0125,246000000,246000000,None,3.5,0.01,607000000,1119000000,0.66,2023-09-30,29.76,277000000,5366000000.0,1984000000,1170000000,578000000,338000000,338000000,None,0,None,570000000,None,None,1789000000,None,None,182000000,None,None,None,0.146,722000000,1392000000,772000000,227000000,1662000000,None,None,None,None,None,None,None,0.604,6.66,5.15,None,None,None,None,None,-4000000,None,0.0916,None,4675000000,2025-10-28,quarterly,0.67,USD,pre-market,443000000,-6724000000,0.0442,0.127,0.209,17.45,756000000,1807000000,18000000,1092000000,64.52,86.2,1.5152,11175000000,3860000000,2216000000,5523000000,7315000000,3307000000,4579000000,5609000000,57.42,-168000000,96.64,36.82
2025-12-28,GLW,1.56,14915000000.0,57.42,None,1.109,14.28,388000000,None,1342000000,1342000000,84000000,-515000000,416000000,None,41000000,None,None,-36000000,776000000,1539473684,None,2595000000,2595000000,690000000,None,None,629000000,None,None,512000000,343000000,1.12,0.0125,256000000,256000000,None,3.5,0.01,607000000,1119000000,0.66,2023-06-30,29.76,277000000,5366000000.0,1984000000,1170000000,578000000,338000000,338000000,None,0,None,570000000,None,None,1789000000,None,None,303000000,None,None,None,0.146,619000000,1392000000,772000000,227000000,1662000000,None,None,None,None,None,None,None,0.604,6.66,5.15,None,None,None,None,None,-507000000,None,0.0916,None,4675000000,2025-10-28,quarterly,0.67,USD,pre-market,443000000,-6724000000,0.0442,0.127,0.209,17.45,756000000,1807000000,18000000,1092000000,64.52,86.2,1.5152,11175000000,3860000000,2216000000,5523000000,7315000000,3307000000,4579000000,5609000000,57.42,-168000000,96.64,36.82
2025-12-28,GLW,1.56,14915000000.0,57.42,None,1.109,14.28,382000000,None,1342000000,1342000000,-248000000,-228000000,-525000000,None,17000000,None,None,-28000000,776000000,1539473684,None,2595000000,2595000000,690000000,None,None,629000000,None,None,512000000,341000000,1.12,0.0125,239000000,239000000,None,3.5,0.01,607000000,1119000000,0.66,2023-03-31,29.76,277000000,5366000000.0,1984000000,1170000000,578000000,338000000,338000000,None,0,None,570000000,None,None,1789000000,None,None,191000000,None,None,None,0.146,-49000000,1392000000,772000000,227000000,1662000000,None,None,None,None,None,None,None,0.604,6.66,5.15,None,None,None,None,None,-149000000,None,0.0916,None,4675000000,2025-10-28,quarterly,0.67,USD,pre-market,443000000,-6724000000,0.0442,0.127,0.209,17.45,756000000,1807000000,18000000,1092000000,64.52,86.2,1.5152,11175000000,3860000000,2216000000,5523000000,7315000000,3307000000,4579000000,5609000000,57.42,-168000000,96.64,36.82
2025-12-28,GLW,1.56,14915000000.0,57.42,None,1.109,14.28,403000000,None,1342000000,1342000000,-219000000,-1355000000,12000000,None,115000000,None,None,-48000000,776000000,1539473684,None,2595000000,2595000000,690000000,None,None,629000000,None,None,512000000,346000000,1.12,0.0125,236000000,236000000,None,3.5,0.01,607000000,1119000000,0.66,2022-12-31,29.76,277000000,5366000000.0,1984000000,1170000000,578000000,338000000,338000000,None,0,None,570000000,None,None,1789000000,None,None,-27000000,None,None,None,0.146,617000000,1392000000,772000000,227000000,1662000000,None,None,None,None,None,None,None,0.604,6.66,5.15,None,None,None,None,None,507000000,None,0.0916,None,4675000000,2025-10-28,quarterly,0.67,USD,pre-market,443000000,-6724000000,0.0442,0.127,0.209,17.45,756000000,1807000000,18000000,1092000000,64.52,86.2,1.5152,11175000000,3860000000,2216000000,5523000000,7315000000,3307000000,4579000000,5609000000,57.42,-168000000,96.64,36.82
2025-12-28,GLW,1.56,14915000000.0,57.42,None,1.109,14.28,465000000,None,1342000000,1342000000,-252000000,-402000000,52000000,None,-201000000,None,None,106000000,776000000,1539473684,None,2595000000,2595000000,690000000,None,None,629000000,None,None,512000000,358000000,1.12,0.0125,234000000,234000000,None,3.5,0.01,607000000,1119000000,0.66,2022-09-30,29.76,277000000,5366000000.0,1984000000,1170000000,578000000,338000000,338000000,None,0,None,570000000,None,None,1789000000,None,None,226000000,None,None,None,0.146,706000000,1392000000,772000000,227000000,1662000000,None,None,None,None,None,None,None,0.604,6.66,5.15,None,None,None,None,None,-22000000,None,0.0916,None,4675000000,2025-10-28,quarterly,0.67,USD,pre-market,443000000,-6724000000,0.0442,0.127,0.209,17.45,756000000,1807000000,18000000,1092000000,64.52,86.2,1.5152,11175000000,3860000000,2216000000,5523000000,7315000000,3307000000,4579000000,5609000000,57.42,-168000000,96.64,36.82
2025-12-28,GLW,1.56,14915000000.0,57.42,None,1.109,14.28,353000000,None,1342000000,1342000000,-803000000,-289000000,-334000000,None,-277000000,None,None,48000000,776000000,1539473684,None,2595000000,2595000000,690000000,None,None,629000000,None,None,512000000,375000000,1.12,0.0125,234000000,234000000,None,3.5,0.01,607000000,1119000000,0.66,2022-06-30,29.76,277000000,5366000000.0,1984000000,1170000000,578000000,338000000,338000000,None,0,None,570000000,None,None,1789000000,None,None,584000000,None,None,None,0.146,758000000,1392000000,772000000,227000000,1662000000,None,None,None,None,None,None,None,0.604,6.66,5.15,None,None,None,None,None,-94000000,None,0.0916,None,4675000000,2025-10-28,quarterly,0.67,USD,pre-market,443000000,-6724000000,0.0442,0.127,0.209,17.45,756000000,1807000000,18000000,1092000000,64.52,86.2,1.5152,11175000000,3860000000,2216000000,5523000000,7315000000,3307000000,4579000000,5609000000,57.42,-168000000,96.64,36.82
2025-12-28,GLW,1.56,14915000000.0,57.42,None,1.109,14.28,383000000,None,1342000000,1342000000,-375000000,-278000000,-119000000,None,-159000000,None,None,7000000,776000000,1539473684,None,2595000000,2595000000,690000000,None,None,629000000,None,None,512000000,373000000,1.12,0.0125,228000000,228000000,None,3.5,0.01,607000000,1119000000,0.66,2022-03-31,29.76,277000000,5366000000.0,1984000000,1170000000,578000000,338000000,338000000,None,0,None,570000000,None,None,1789000000,None,None,581000000,None,None,None,0.146,534000000,1392000000,772000000,227000000,1662000000,None,None,None,None,None,None,None,0.604,6.66,5.15,None,None,None,None,None,-149000000,None,0.0916,None,4675000000,2025-10-28,quarterly,0.67,USD,pre-market,443000000,-6724000000,0.0442,0.127,0.209,17.45,756000000,1807000000,18000000,1092000000,64.52,86.2,1.5152,11175000000,3860000000,2216000000,5523000000,7315000000,3307000000,4579000000,5609000000,57.42,-168000000,96.64,36.82
2025-12-28,GLW,1.56,14915000000.0,57.42,None,1.109,14.28,623000000,None,1342000000,1342000000,-462000000,-616000000,-55000000,None,-31000000,None,None,92000000,776000000,1539473684,None,2595000000,2595000000,690000000,None,None,629000000,None,None,512000000,379000000,1.12,0.0125,212000000,212000000,None,3.5,0.01,607000000,1119000000,0.66,2021-12-31,29.76,277000000,5366000000.0,1984000000,1170000000,578000000,338000000,338000000,None,0,None,570000000,None,None,1789000000,None,None,487000000,None,None,None,0.146,1023000000,1392000000,772000000,227000000,1662000000,None,None,None,None,None,None,None,0.604,6.66,5.15,None,None,None,None,None,-256000000,None,0.0916,None,4675000000,2025-10-28,quarterly,0.67,USD,pre-market,443000000,-6724000000,0.0442,0.127,0.209,17.45,756000000,1807000000,18000000,1092000000,64.52,86.2,1.5152,11175000000,3860000000,2216000000,5523000000,7315000000,3307000000,4579000000,5609000000,57.42,-168000000,96.64,36.82
2025-12-28,GLW,1.56,14915000000.0,57.42,None,1.109,14.28,401000000,None,1342000000,1342000000,-601000000,-388000000,-94000000,None,-90000000,None,None,-97000000,776000000,1539473684,None,2595000000,2595000000,690000000,None,None,629000000,None,None,512000000,371000000,1.12,0.0125,217000000,217000000,None,3.5,0.01,607000000,1119000000,0.66,2021-09-30,29.76,277000000,5366000000.0,1984000000,1170000000,578000000,338000000,338000000,None,0,None,570000000,None,None,1789000000,None,None,371000000,None,None,None,0.146,895000000,1392000000,772000000,227000000,1662000000,None,None,None,None,None,None,None,0.604,6.66,5.15,None,None,None,None,None,-23000000,None,0.0916,None,4675000000,2025-10-28,quarterly,0.67,USD,pre-market,443000000,-6724000000,0.0442,0.127,0.209,17.45,756000000,1807000000,18000000,1092000000,64.52,86.2,1.5152,11175000000,3860000000,2216000000,5523000000,7315000000,3307000000,4579000000,5609000000,57.42,-168000000,96.64,36.82
2025-12-28,GLW,1.56,14915000000.0,57.42,None,1.109,14.28,324000000,None,1342000000,1342000000,-1199000000,-127000000,-555000000,None,-26000000,None,None,-158000000,776000000,1539473684,None,2595000000,2595000000,690000000,None,None,629000000,None,None,512000000,369000000,1.12,0.0125,234000000,234000000,None,3.5,0.01,607000000,1119000000,0.66,2021-06-30,29.76,277000000,5366000000.0,1984000000,1170000000,578000000,338000000,338000000,None,0,None,570000000,None,None,1789000000,None,None,449000000,None,None,None,0.146,771000000,1392000000,772000000,227000000,1662000000,None,None,None,None,None,None,None,0.604,6.66,5.15,None,None,None,None,None,-56000000,None,0.0916,None,4675000000,2025-10-28,quarterly,0.67,USD,pre-market,443000000,-6724000000,0.0442,0.127,0.209,17.45,756000000,1807000000,18000000,1092000000,64.52,86.2,1.5152,11175000000,3860000000,2216000000,5523000000,7315000000,3307000000,4579000000,5609000000,57.42,-168000000,96.64,36.82
2025-12-28,GLW,1.56,14915000000.0,57.42,None,1.109,14.28,289000000,None,1342000000,1342000000,-190000000,-288000000,245000000,None,44000000,None,None,109000000,776000000,1539473684,None,2595000000,2595000000,690000000,None,None,629000000,None,None,512000000,362000000,1.12,0.0125,208000000,208000000,None,3.5,0.01,607000000,1119000000,0.66,2021-03-31,29.76,277000000,5366000000.0,1984000000,1170000000,578000000,338000000,338000000,None,0,None,570000000,None,None,1789000000,None,None,599000000,None,None,None,0.146,723000000,1392000000,772000000,227000000,1662000000,None,None,None,None,None,None,None,0.604,6.66,5.15,None,None,None,None,None,51000000,None,0.0916,None,4675000000,2025-10-28,quarterly,0.67,USD,pre-market,443000000,-6724000000,0.0442,0.127,0.209,17.45,756000000,1807000000,18000000,1092000000,64.52,86.2,1.5152,11175000000,3860000000,2216000000,5523000000,7315000000,3307000000,4579000000,5609000000,57.42,-168000000,96.64,36.82
2025-12-28,GLW,1.56,14915000000.0,57.42,None,1.109,14.28,391000000,None,1342000000,1342000000,-314000000,-378000000,82000000,None,183000000,None,None,7000000,776000000,1539473684,None,2595000000,2595000000,690000000,None,None,629000000,None,None,512000000,392000000,1.12,0.0125,200000000,200000000,None,3.5,0.01,607000000,1119000000,0.66,2020-12-31,29.76,277000000,5366000000.0,1984000000,1170000000,578000000,338000000,338000000,None,0,None,570000000,None,None,1789000000,None,None,252000000,None,None,None,0.146,774000000,1392000000,772000000,227000000,1662000000,None,None,None,None,None,None,None,0.604,6.66,5.15,None,None,None,None,None,-1000000,None,0.0916,None,4675000000,2025-10-28,quarterly,0.67,USD,pre-market,443000000,-6724000000,0.0442,0.127,0.209,17.45,756000000,1807000000,18000000,1092000000,64.52,86.2,1.5152,11175000000,3860000000,2216000000,5523000000,7315000000,3307000000,4579000000,5609000000,57.42,-168000000,96.64,36.82
2025-12-28,GLW,1.56,14915000000.0,57.42,None,1.109,14.28,153000000,None,1342000000,1342000000,-143000000,-148000000,317000000,None,187000000,None,None,-308000000,776000000,1539473684,None,2595000000,2595000000,690000000,None,None,629000000,None,None,512000000,394000000,1.12,0.0125,204000000,204000000,None,3.5,0.01,607000000,1119000000,0.66,2020-09-30,29.76,277000000,5366000000.0,1984000000,1170000000,578000000,338000000,338000000,None,0,None,570000000,None,None,1789000000,None,None,427000000,None,None,None,0.146,608000000,1392000000,772000000,227000000,1662000000,None,None,None,None,None,None,None,0.604,6.66,5.15,None,None,None,None,None,-2000000,None,0.0916,None,4675000000,2025-10-28,quarterly,0.67,USD,pre-market,443000000,-6724000000,0.0442,0.127,0.209,17.45,756000000,1807000000,18000000,1092000000,64.52,86.2,1.5152,11175000000,3860000000,2216000000,5523000000,7315000000,3307000000,4579000000,5609000000,57.42,-168000000,96.64,36.82
2025-12-28,GLW,1.56,14915000000.0,57.42,None,1.109,14.28,288000000,None,1342000000,1342000000,-178000000,-245000000,127000000,None,120000000,None,None,-16000000,776000000,1539473684,None,2595000000,2595000000,690000000,None,None,629000000,None,None,512000000,352000000,1.12,0.0125,191000000,191000000,None,3.5,0.01,607000000,1119000000,0.66,2020-06-30,29.76,277000000,5366000000.0,1984000000,1170000000,578000000,338000000,338000000,None,0,None,570000000,None,None,1789000000,None,None,-71000000,None,None,None,0.146,550000000,1392000000,772000000,227000000,1662000000,None,None,None,None,None,None,None,0.604,6.66,5.15,None,None,None,None,None,-8000000,None,0.0916,None,4675000000,2025-10-28,quarterly,0.67,USD,pre-market,443000000,-6724000000,0.0442,0.127,0.209,17.45,756000000,1807000000,18000000,1092000000,64.52,86.2,1.5152,11175000000,3860000000,2216000000,5523000000,7315000000,3307000000,4579000000,5609000000,57.42,-168000000,96.64,36.82
2025-12-28,GLW,1.56,14915000000.0,57.42,None,1.109,14.28,545000000,None,1342000000,1342000000,-94000000,-539000000,-385000000,None,-67000000,None,None,43000000,776000000,1539473684,None,2595000000,2595000000,690000000,None,None,629000000,None,None,512000000,382000000,1.12,0.0125,192000000,192000000,None,3.5,0.01,607000000,1119000000,0.66,2020-03-31,29.76,277000000,5366000000.0,1984000000,1170000000,578000000,338000000,338000000,None,0,None,570000000,None,None,1789000000,None,None,-96000000,None,None,None,0.146,248000000,1392000000,772000000,227000000,1662000000,None,None,None,None,None,None,None,0.604,6.66,5.15,None,None,None,None,None,-105000000,None,0.0916,None,4675000000,2025-10-28,quarterly,0.67,USD,pre-market,443000000,-6724000000,0.0442,0.127,0.209,17.45,756000000,1807000000,18000000,1092000000,64.52,86.2,1.5152,11175000000,3860000000,2216000000,5523000000,7315000000,3307000000,4579000000,5609000000,57.42,-168000000,96.64,36.82
2025-12-28,GLW,1.56,14915000000.0,57.42,None,1.109,14.28,376000000,None,1342000000,1342000000,786000000,-357000000,1447000000,None,40000000,None,None,217000000,776000000,1539473684,None,2595000000,2595000000,690000000,None,None,629000000,None,None,512000000,392000000,1.12,0.0125,188000000,188000000,None,3.5,0.01,607000000,1119000000,0.66,2019-12-31,29.76,277000000,5366000000.0,1984000000,1170000000,578000000,338000000,338000000,None,0,None,570000000,None,None,1789000000,None,None,32000000,None,None,None,0.146,1018000000,1392000000,772000000,227000000,1662000000,None,None,None,None,None,None,None,0.604,6.66,5.15,None,None,None,None,None,-232000000,None,0.0916,None,4675000000,2025-10-28,quarterly,0.67,USD,pre-market,443000000,-6724000000,0.0442,0.127,0.209,17.45,756000000,1807000000,18000000,1092000000,64.52,86.2,1.5152,11175000000,3860000000,2216000000,5523000000,7315000000,3307000000,4579000000,5609000000,57.42,-168000000,96.64,36.82
2025-12-28,GLW,1.56,14915000000.0,57.42,None,1.109,14.28,517000000,None,1342000000,1342000000,-571000000,-500000000,-182000000,None,-81000000,None,None,32000000,776000000,1539473684,None,2595000000,2595000000,690000000,None,None,629000000,None,None,512000000,396000000,1.12,0.0125,192000000,192000000,None,3.5,0.01,607000000,1119000000,0.66,2019-09-30,29.76,277000000,5366000000.0,1984000000,1170000000,578000000,338000000,338000000,None,0,None,570000000,None,None,1789000000,None,None,337000000,None,None,None,0.146,889000000,1392000000,772000000,227000000,1662000000,None,None,None,None,None,None,None,0.604,6.66,5.15,None,None,None,None,None,-301000000,None,0.0916,None,4675000000,2025-10-28,quarterly,0.67,USD,pre-market,443000000,-6724000000,0.0442,0.127,0.209,17.45,756000000,1807000000,18000000,1092000000,64.52,86.2,1.5152,11175000000,3860000000,2216000000,5523000000,7315000000,3307000000,4579000000,5609000000,57.42,-168000000,96.64,36.82
2025-12-28,GLW,1.56,14915000000.0,57.42,None,1.109,14.28,570000000,None,1342000000,1342000000,131000000,-551000000,-267000000,None,-98000000,None,None,-165000000,776000000,1539473684,None,2595000000,2595000000,690000000,None,None,629000000,None,None,512000000,380000000,1.12,0.0125,181000000,181000000,None,3.5,0.01,607000000,1119000000,0.66,2019-06-30,29.76,277000000,5366000000.0,1984000000,1170000000,578000000,338000000,338000000,None,0,None,570000000,None,None,1789000000,None,None,92000000,None,None,None,0.146,153000000,1392000000,772000000,227000000,1662000000,None,None,None,None,None,None,None,0.604,6.66,5.15,None,None,None,None,None,-150000000,None,0.0916,None,4675000000,2025-10-28,quarterly,0.67,USD,pre-market,443000000,-6724000000,0.0442,0.127,0.209,17.45,756000000,1807000000,18000000,1092000000,64.52,86.2,1.5152,11175000000,3860000000,2216000000,5523000000,7315000000,3307000000,4579000000,5609000000,57.42,-168000000,96.64,36.82
2025-12-28,GLW,1.56,14915000000.0,57.42,None,1.109,14.28,524000000,None,1342000000,1342000000,-393000000,-483000000,-905000000,None,-159000000,None,None,-36000000,776000000,1539473684,None,2595000000,2595000000,690000000,None,None,629000000,None,None,512000000,335000000,1.12,0.0125,181000000,181000000,None,3.5,0.01,607000000,1119000000,0.66,2019-03-31,29.76,277000000,5366000000.0,1984000000,1170000000,578000000,338000000,338000000,None,0,None,570000000,None,None,1789000000,None,None,499000000,None,None,None,0.146,-29000000,1392000000,772000000,227000000,1662000000,None,None,None,None,None,None,None,0.604,6.66,5.15,None,None,None,None,None,-257000000,None,0.0916,None,4675000000,2025-10-28,quarterly,0.67,USD,pre-market,443000000,-6724000000,0.0442,0.127,0.209,17.45,756000000,1807000000,18000000,1092000000,64.52,86.2,1.5152,11175000000,3860000000,2216000000,5523000000,7315000000,3307000000,4579000000,5609000000,57.42,-168000000,96.64,36.82
2025-12-28,GLW,1.56,14915000000.0,57.42,None,1.109,14.28,613000000,None,1342000000,1342000000,121000000,-621000000,452000000,11000000,-111000000,None,None,43000000,776000000,1539473684,None,2595000000,2595000000,690000000,None,None,629000000,None,None,512000000,330000000,1.12,0.0125,168000000,168000000,None,3.5,0.01,607000000,1119000000,0.66,2018-12-31,29.76,277000000,5366000000.0,1984000000,1170000000,578000000,338000000,338000000,None,0,None,570000000,None,None,1789000000,None,None,292000000,None,None,None,0.146,939000000,1392000000,772000000,227000000,1662000000,None,None,None,None,None,None,None,0.604,6.66,5.15,None,None,None,None,None,-347000000,None,0.0916,None,4675000000,2025-10-28,quarterly,0.67,USD,pre-market,443000000,-6724000000,0.0442,0.127,0.209,17.45,756000000,1807000000,18000000,1092000000,64.52,86.2,1.5152,11175000000,3860000000,2216000000,5523000000,7315000000,3307000000,4579000000,5609000000,57.42,-168000000,96.64,36.82
2025-12-28,GLW,1.56,14915000000.0,57.42,None,1.109,14.28,515000000,None,1342000000,1342000000,-538000000,-511000000,-120000000,-14000000,-42000000,None,None,-156000000,776000000,1539473684,None,2595000000,2595000000,690000000,None,None,629000000,None,None,512000000,318000000,1.12,0.0125,169000000,169000000,None,3.5,0.01,607000000,1119000000,0.66,2018-09-30,29.76,277000000,5366000000.0,1984000000,1170000000,578000000,338000000,338000000,None,0,None,570000000,None,None,1789000000,None,None,625000000,None,None,None,0.146,943000000,1392000000,772000000,227000000,1662000000,None,None,None,None,None,None,None,0.604,6.66,5.15,None,None,None,None,None,-397000000,None,0.0916,None,4675000000,2025-10-28,quarterly,0.67,USD,pre-market,443000000,-6724000000,0.0442,0.127,0.209,17.45,756000000,1807000000,18000000,1092000000,64.52,86.2,1.5152,11175000000,3860000000,2216000000,5523000000,7315000000,3307000000,4579000000,5609000000,57.42,-168000000,96.64,36.82
2025-12-28,GLW,1.56,14915000000.0,57.42,None,1.109,14.28,522000000,None,1342000000,1342000000,-619000000,-1111000000,-1073000000,-58000000,-95000000,None,None,-135000000,776000000,1539473684,None,2595000000,2595000000,690000000,None,None,629000000,None,None,512000000,322000000,1.12,0.0125,171000000,171000000,None,3.5,0.01,607000000,1119000000,0.66,2018-06-30,29.76,277000000,5366000000.0,1984000000,1170000000,578000000,338000000,338000000,None,0,None,570000000,None,None,1789000000,None,None,738000000,None,None,None,0.146,715000000,1392000000,772000000,227000000,1662000000,None,None,None,None,None,None,None,0.604,6.66,5.15,None,None,None,None,None,-683000000,None,0.0916,None,4675000000,2025-10-28,quarterly,0.67,USD,pre-market,443000000,-6724000000,0.0442,0.127,0.209,17.45,756000000,1807000000,18000000,1092000000,64.52,86.2,1.5152,11175000000,3860000000,2216000000,5523000000,7315000000,3307000000,4579000000,5609000000,57.42,-168000000,96.64,36.82
2025-12-28,GLW,1.56,14915000000.0,57.42,None,1.109,14.28,655000000,None,1342000000,1342000000,-959000000,-644000000,-1221000000,62000000,-98000000,None,None,94000000,776000000,1539473684,None,2595000000,2595000000,690000000,None,None,629000000,None,None,512000000,323000000,1.12,0.0125,177000000,177000000,None,3.5,0.01,607000000,1119000000,0.66,2018-03-31,29.76,277000000,5366000000.0,1984000000,1170000000,578000000,338000000,338000000,None,0,None,570000000,None,None,1789000000,None,None,-589000000,None,None,None,0.146,320000000,1392000000,772000000,227000000,1662000000,None,None,None,None,None,None,None,0.604,6.66,5.15,None,None,None,None,None,-800000000,None,0.0916,None,4675000000,2025-10-28,quarterly,0.67,USD,pre-market,443000000,-6724000000,0.0442,0.127,0.209,17.45,756000000,1807000000,18000000,1092000000,64.52,86.2,1.5152,11175000000,3860000000,2216000000,5523000000,7315000000,3307000000,4579000000,5609000000,57.42,-168000000,96.64,36.82
2025-12-28,GLW,1.56,14915000000.0,57.42,None,1.109,14.28,557000000,None,1342000000,1342000000,-29000000,-492000000,452000000,85000000,-4000000,None,None,-35000000,776000000,1539473684,None,2595000000,2595000000,690000000,None,None,629000000,None,None,512000000,306000000,1.12,0.0125,158000000,158000000,None,3.5,0.01,607000000,1119000000,0.66,2017-12-31,29.76,277000000,5366000000.0,1984000000,1170000000,578000000,338000000,338000000,None,0,None,570000000,None,None,1789000000,None,None,-1412000000,None,None,None,0.146,888000000,1392000000,772000000,227000000,1662000000,None,None,None,None,None,None,None,0.604,6.66,5.15,None,None,None,None,None,-390000000,None,0.0916,None,4675000000,2025-10-28,quarterly,0.67,USD,pre-market,443000000,-6724000000,0.0442,0.127,0.209,17.45,756000000,1807000000,18000000,1092000000,64.52,86.2,1.5152,11175000000,3860000000,2216000000,5523000000,7315000000,3307000000,4579000000,5609000000,57.42,-168000000,96.64,36.82
2025-12-28,GLW,1.56,14915000000.0,57.42,None,1.109,14.28,486000000,None,1342000000,1342000000,-457000000,-584000000,-324000000,72000000,-56000000,None,None,-92000000,776000000,1539473684,None,2595000000,2595000000,690000000,None,None,629000000,None,None,512000000,294000000,1.12,0.0125,160000000,160000000,None,3.5,0.01,607000000,1119000000,0.66,2017-09-30,29.76,277000000,5366000000.0,1984000000,1170000000,578000000,338000000,338000000,None,0,None,570000000,None,None,1789000000,None,None,390000000,None,None,None,0.146,645000000,1392000000,772000000,227000000,1662000000,None,None,None,None,None,None,None,0.604,6.66,5.15,None,None,None,None,None,-1022000000,None,0.0916,None,4675000000,2025-10-28,quarterly,0.67,USD,pre-market,443000000,-6724000000,0.0442,0.127,0.209,17.45,756000000,1807000000,18000000,1092000000,64.52,86.2,1.5152,11175000000,3860000000,2216000000,5523000000,7315000000,3307000000,4579000000,5609000000,57.42,-168000000,96.64,36.82
2025-12-28,GLW,1.56,14915000000.0,57.42,None,1.109,14.28,397000000,None,1342000000,1342000000,-750000000,-308000000,-655000000,123000000,-61000000,None,None,-44000000,776000000,1539473684,None,2595000000,2595000000,690000000,None,None,629000000,None,None,512000000,281000000,1.12,0.0125,165000000,165000000,None,3.5,0.01,607000000,1119000000,0.66,2017-06-30,29.76,277000000,5366000000.0,1984000000,1170000000,578000000,338000000,338000000,None,0,None,570000000,None,None,1789000000,None,None,439000000,None,None,None,0.146,280000000,1392000000,772000000,227000000,1662000000,None,None,None,None,None,None,None,0.604,6.66,5.15,None,None,None,None,None,-654000000,None,0.0916,None,4675000000,2025-10-28,quarterly,0.67,USD,pre-market,443000000,-6724000000,0.0442,0.127,0.209,17.45,756000000,1807000000,18000000,1092000000,64.52,86.2,1.5152,11175000000,3860000000,2216000000,5523000000,7315000000,3307000000,4579000000,5609000000,57.42,-168000000,96.64,36.82
2025-12-28,GLW,1.56,14915000000.0,57.42,None,1.109,14.28,364000000,None,1342000000,1342000000,-388000000,-326000000,-447000000,76000000,-49000000,None,None,-54000000,776000000,1539473684,None,2595000000,2595000000,690000000,None,None,629000000,None,None,512000000,277000000,1.12,0.0125,168000000,168000000,None,3.5,0.01,607000000,1119000000,0.66,2017-03-31,29.76,277000000,5366000000.0,1984000000,1170000000,578000000,338000000,338000000,None,0,None,570000000,None,None,1789000000,None,None,86000000,None,None,None,0.146,191000000,1392000000,772000000,227000000,1662000000,None,None,None,None,None,None,None,0.604,6.66,5.15,None,None,None,None,None,-402000000,None,0.0916,None,4675000000,2025-10-28,quarterly,0.67,USD,pre-market,443000000,-6724000000,0.0442,0.127,0.209,17.45,756000000,1807000000,18000000,1092000000,64.52,86.2,1.5152,11175000000,3860000000,2216000000,5523000000,7315000000,3307000000,4579000000,5609000000,57.42,-168000000,96.64,36.82
2025-12-28,GLW,1.56,14915000000.0,57.42,None,1.109,14.28,294000000,None,1342000000,1342000000,-448000000,-273000000,470000000,-214000000,1000000,None,None,78000000,776000000,1539473684,None,2595000000,2595000000,690000000,None,None,629000000,None,None,512000000,305000000,1.12,0.0125,152000000,152000000,None,3.5,0.01,607000000,1119000000,0.66,2016-12-31,29.76,277000000,5366000000.0,1984000000,1170000000,578000000,338000000,338000000,None,0,None,570000000,None,None,1789000000,None,None,1572000000,None,None,None,0.146,1405000000,1392000000,772000000,227000000,1662000000,None,None,None,None,None,None,None,0.604,6.66,5.15,None,None,None,None,None,-345000000,None,0.0916,None,4675000000,2025-10-28,quarterly,0.67,USD,pre-market,443000000,-6724000000,0.0442,0.127,0.209,17.45,756000000,1807000000,18000000,1092000000,64.52,86.2,1.5152,11175000000,3860000000,2216000000,5523000000,7315000000,3307000000,4579000000,5609000000,57.42,-168000000,96.64,36.82
2025-12-28,GLW,1.56,14915000000.0,57.42,None,1.109,14.28,282000000,None,1342000000,1342000000,-2735000000,-282000000,-2323000000,42000000,-3000000,None,None,-81000000,776000000,1539473684,None,2595000000,2595000000,690000000,None,None,629000000,None,None,512000000,300000000,1.12,0.0125,153000000,153000000,None,3.5,0.01,607000000,1119000000,0.66,2016-09-30,29.76,277000000,5366000000.0,1984000000,1170000000,578000000,338000000,338000000,None,0,None,570000000,None,None,1789000000,None,None,284000000,None,None,None,0.146,652000000,1392000000,772000000,227000000,1662000000,None,None,None,None,None,None,None,0.604,6.66,5.15,None,None,None,None,None,-2371000000,None,0.0916,None,4675000000,2025-10-28,quarterly,0.67,USD,pre-market,443000000,-6724000000,0.0442,0.127,0.209,17.45,756000000,1807000000,18000000,1092000000,64.52,86.2,1.5152,11175000000,3860000000,2216000000,5523000000,7315000000,3307000000,4579000000,5609000000,57.42,-168000000,96.64,36.82
2025-12-28,GLW,1.56,14915000000.0,57.42,None,1.109,14.28,263000000,None,1342000000,1342000000,-1210000000,4314000000,3604000000,-26000000,-24000000,None,None,-124000000,776000000,1539473684,None,2595000000,2595000000,690000000,None,None,629000000,None,None,512000000,295000000,1.12,0.0125,167000000,167000000,None,3.5,0.01,607000000,1119000000,0.66,2016-06-30,29.76,277000000,5366000000.0,1984000000,1170000000,578000000,338000000,338000000,None,0,None,570000000,None,None,1789000000,None,None,2207000000,None,None,None,0.146,526000000,1392000000,772000000,227000000,1662000000,None,None,None,None,None,None,None,0.604,6.66,5.15,None,None,None,None,None,-821000000,None,0.0916,None,4675000000,2025-10-28,quarterly,0.67,USD,pre-market,443000000,-6724000000,0.0442,0.127,0.209,17.45,756000000,1807000000,18000000,1092000000,64.52,86.2,1.5152,11175000000,3860000000,2216000000,5523000000,7315000000,3307000000,4579000000,5609000000,57.42,-168000000,96.64,36.82
2025-12-28,GLW,1.56,14915000000.0,57.42,None,1.109,14.28,270000000,None,1342000000,1342000000,-913000000,-76000000,-960000000,112000000,-42000000,None,None,21000000,776000000,1539473684,None,2595000000,2595000000,690000000,None,None,629000000,None,None,512000000,295000000,1.12,0.0125,173000000,173000000,None,3.5,0.01,607000000,1119000000,0.66,2016-03-31,29.76,277000000,5366000000.0,1984000000,1170000000,578000000,338000000,338000000,None,0,None,570000000,None,None,1789000000,None,None,-368000000,None,None,None,0.146,-83000000,1392000000,772000000,227000000,1662000000,None,None,None,None,None,None,None,0.604,6.66,5.15,None,None,None,None,None,-706000000,None,0.0916,None,4675000000,2025-10-28,quarterly,0.67,USD,pre-market,443000000,-6724000000,0.0442,0.127,0.209,17.45,756000000,1807000000,18000000,1092000000,64.52,86.2,1.5152,11175000000,3860000000,2216000000,5523000000,7315000000,3307000000,4579000000,5609000000,57.42,-168000000,96.64,36.82
2025-12-28,GLW,1.56,14915000000.0,57.42,None,1.109,14.28,311000000,None,1342000000,1342000000,-1014000000,137000000,60000000,-27000000,-17000000,None,None,110000000,776000000,1539473684,None,2595000000,2595000000,690000000,None,None,629000000,None,None,512000000,302000000,1.12,0.0125,160000000,160000000,None,3.5,0.01,607000000,1119000000,0.66,2015-12-31,29.76,277000000,5366000000.0,1984000000,1170000000,578000000,338000000,338000000,None,0,None,570000000,None,None,1789000000,None,None,224000000,None,None,None,0.146,964000000,1392000000,772000000,227000000,1662000000,None,None,None,None,None,None,None,0.604,6.66,5.15,None,None,None,None,None,-1323000000,None,0.0916,None,4675000000,2025-10-28,quarterly,0.67,USD,pre-market,443000000,-6724000000,0.0442,0.127,0.209,17.45,756000000,1807000000,18000000,1092000000,64.52,86.2,1.5152,11175000000,3860000000,2216000000,5523000000,7315000000,3307000000,4579000000,5609000000,57.42,-168000000,96.64,36.82
2025-12-28,GLW,1.56,14915000000.0,57.42,None,1.109,14.28,298000000,None,1342000000,1342000000,-980000000,-199000000,-528000000,-46000000,-6000000,None,None,77000000,776000000,1539473684,None,2595000000,2595000000,690000000,None,None,629000000,None,None,512000000,292000000,1.12,0.0125,169000000,169000000,None,3.5,0.01,607000000,1119000000,0.66,2015-09-30,29.76,277000000,5366000000.0,1984000000,1170000000,578000000,338000000,338000000,None,0,None,570000000,None,None,1789000000,None,None,212000000,None,None,None,0.146,697000000,1392000000,772000000,227000000,1662000000,None,None,None,None,None,None,None,0.604,6.66,5.15,None,None,None,None,None,-812000000,None,0.0916,None,4675000000,2025-10-28,quarterly,0.67,USD,pre-market,443000000,-6724000000,0.0442,0.127,0.209,17.45,756000000,1807000000,18000000,1092000000,64.52,86.2,1.5152,11175000000,3860000000,2216000000,5523000000,7315000000,3307000000,4579000000,5609000000,57.42,-168000000,96.64,36.82
2025-12-28,GLW,1.56,14915000000.0,57.42,None,1.109,14.28,308000000,None,1342000000,1342000000,-35000000,90000000,664000000,62000000,-53000000,None,None,-60000000,776000000,1539473684,None,2595000000,2595000000,690000000,None,None,629000000,None,None,512000000,299000000,1.12,0.0125,173000000,173000000,None,3.5,0.01,607000000,1119000000,0.66,2015-06-30,29.76,277000000,5366000000.0,1984000000,1170000000,578000000,338000000,338000000,None,0,None,570000000,None,None,1789000000,None,None,496000000,None,None,None,0.146,547000000,1392000000,772000000,227000000,1662000000,None,None,None,None,None,None,None,0.604,6.66,5.15,None,None,None,None,None,-616000000,None,0.0916,None,4675000000,2025-10-28,quarterly,0.67,USD,pre-market,443000000,-6724000000,0.0442,0.127,0.209,17.45,756000000,1807000000,18000000,1092000000,64.52,86.2,1.5152,11175000000,3860000000,2216000000,5523000000,7315000000,3307000000,4579000000,5609000000,57.42,-168000000,96.64,36.82
2025-12-28,GLW,1.56,14915000000.0,57.42,None,1.109,14.28,333000000,None,1342000000,1342000000,-574000000,-713000000,-1005000000,-319000000,-1000000,None,None,35000000,776000000,1539473684,None,2595000000,2595000000,690000000,None,None,629000000,None,None,512000000,291000000,1.12,0.0125,177000000,177000000,None,3.5,0.01,607000000,1119000000,0.66,2015-03-31,29.76,277000000,5366000000.0,1984000000,1170000000,578000000,338000000,338000000,None,0,None,570000000,None,None,1789000000,None,None,407000000,None,None,None,0.146,601000000,1392000000,772000000,227000000,1662000000,None,None,None,None,None,None,None,0.604,6.66,5.15,None,None,None,None,None,-477000000,None,0.0916,None,4675000000,2025-10-28,quarterly,0.67,USD,pre-market,443000000,-6724000000,0.0442,0.127,0.209,17.45,756000000,1807000000,18000000,1092000000,64.52,86.2,1.5152,11175000000,3860000000,2216000000,5523000000,7315000000,3307000000,4579000000,5609000000,57.42,-168000000,96.64,36.82
2025-12-28,GLW,1.56,14915000000.0,57.42,None,1.109,14.28,336000000,None,1342000000,1342000000,-740000000,-209000000,-44000000,-207000000,-25000000,None,None,47000000,776000000,1539473684,None,2595000000,2595000000,690000000,None,None,629000000,None,None,512000000,298000000,1.12,0.0125,152000000,152000000,None,3.5,0.01,607000000,1119000000,0.66,2014-12-31,29.76,277000000,5366000000.0,1984000000,1170000000,578000000,338000000,338000000,None,0,None,570000000,None,None,1789000000,None,None,988000000,None,None,None,0.146,1112000000,1392000000,772000000,227000000,1662000000,None,None,None,None,None,None,None,0.604,6.66,5.15,None,None,None,None,None,-183000000,None,0.0916,None,4675000000,2025-10-28,quarterly,0.67,USD,pre-market,443000000,-6724000000,0.0442,0.127,0.209,17.45,756000000,1807000000,18000000,1092000000,64.52,86.2,1.5152,11175000000,3860000000,2216000000,5523000000,7315000000,3307000000,4579000000,5609000000,57.42,-168000000,96.64,36.82
2025-12-28,GLW,1.56,14915000000.0,57.42,None,1.109,14.28,262000000,None,1342000000,1342000000,-357000000,-170000000,235000000,-355000000,14000000,None,None,-52000000,776000000,1539473684,None,2595000000,2595000000,690000000,None,None,629000000,None,None,512000000,303000000,1.12,0.0125,152000000,152000000,None,3.5,0.01,607000000,1119000000,0.66,2014-09-30,29.76,277000000,5366000000.0,1984000000,1170000000,578000000,338000000,338000000,None,0,None,570000000,None,None,1789000000,None,None,1014000000,None,None,None,0.146,1117000000,1392000000,772000000,227000000,1662000000,None,None,None,None,None,None,None,0.604,6.66,5.15,None,None,None,None,None,-224000000,None,0.0916,None,4675000000,2025-10-28,quarterly,0.67,USD,pre-market,443000000,-6724000000,0.0442,0.127,0.209,17.45,756000000,1807000000,18000000,1092000000,64.52,86.2,1.5152,11175000000,3860000000,2216000000,5523000000,7315000000,3307000000,4579000000,5609000000,57.42,-168000000,96.64,36.82
2025-12-28,GLW,1.56,14915000000.0,57.42,None,1.109,14.28,232000000,None,1342000000,1342000000,-312000000,-282000000,150000000,1000000,16000000,None,None,-32000000,776000000,1539473684,None,2595000000,2595000000,690000000,None,None,629000000,None,None,512000000,302000000,1.12,0.0125,151000000,151000000,None,3.5,0.01,607000000,1119000000,0.66,2014-06-30,29.76,277000000,5366000000.0,1984000000,1170000000,578000000,338000000,338000000,None,0,None,570000000,None,None,1789000000,None,None,169000000,None,None,None,0.146,743000000,1392000000,772000000,227000000,1662000000,None,None,None,None,None,None,None,0.604,6.66,5.15,None,None,None,None,None,-175000000,None,0.0916,None,4675000000,2025-10-28,quarterly,0.67,USD,pre-market,443000000,-6724000000,0.0442,0.127,0.209,17.45,756000000,1807000000,18000000,1092000000,64.52,86.2,1.5152,11175000000,3860000000,2216000000,5523000000,7315000000,3307000000,4579000000,5609000000,57.42,-168000000,96.64,36.82
2025-12-28,GLW,1.56,14915000000.0,57.42,None,1.109,14.28,246000000,None,1342000000,1342000000,-1177000000,-301000000,264000000,5000000,-3000000,None,None,21000000,776000000,1539473684,None,2595000000,2595000000,690000000,None,None,629000000,None,None,512000000,297000000,1.12,0.0125,136000000,136000000,None,3.5,0.01,607000000,1119000000,0.66,2014-03-31,29.76,277000000,5366000000.0,1984000000,1170000000,578000000,338000000,338000000,None,0,None,570000000,None,None,1789000000,None,None,301000000,None,None,None,0.146,1737000000,1392000000,772000000,227000000,1662000000,None,None,None,None,None,None,None,0.604,6.66,5.15,None,None,None,None,None,-1901000000,None,0.0916,None,4675000000,2025-10-28,quarterly,0.67,USD,pre-market,443000000,-6724000000,0.0442,0.127,0.209,17.45,756000000,1807000000,18000000,1092000000,64.52,86.2,1.5152,11175000000,3860000000,2216000000,5523000000,7315000000,3307000000,4579000000,5609000000,57.42,-168000000,96.64,36.82
2025-12-28,GLW,1.56,14915000000.0,57.42,None,1.109,14.28,337000000,None,1342000000,1342000000,-716000000,-429000000,144000000,5000000,-9000000,None,None,110000000,776000000,1539473684,None,2595000000,2595000000,690000000,None,None,629000000,None,None,512000000,249000000,1.12,0.0125,140000000,140000000,None,3.5,0.01,607000000,1119000000,0.66,2013-12-31,29.76,277000000,5366000000.0,1984000000,1170000000,578000000,338000000,338000000,None,0,None,570000000,None,None,1789000000,None,None,421000000,None,None,None,0.146,1284000000,1392000000,772000000,227000000,1662000000,None,None,None,None,None,None,None,0.604,6.66,5.15,None,None,None,None,None,-1126000000,None,0.0916,None,4675000000,2025-10-28,quarterly,0.67,USD,pre-market,443000000,-6724000000,0.0442,0.127,0.209,17.45,756000000,1807000000,18000000,1092000000,64.52,86.2,1.5152,11175000000,3860000000,2216000000,5523000000,7315000000,3307000000,4579000000,5609000000,57.42,-168000000,96.64,36.82
2025-12-28,GLW,1.56,14915000000.0,57.42,None,1.109,14.28,244000000,None,1342000000,1342000000,-363000000,-225000000,-41000000,62000000,-27000000,None,None,-83000000,776000000,1539473684,None,2595000000,2595000000,690000000,None,None,629000000,None,None,512000000,248000000,1.12,0.0125,146000000,146000000,None,3.5,0.01,607000000,1119000000,0.66,2013-09-30,29.76,277000000,5366000000.0,1984000000,1170000000,578000000,338000000,338000000,None,0,None,570000000,None,None,1789000000,None,None,408000000,None,None,None,0.146,485000000,1392000000,772000000,227000000,1662000000,None,None,None,None,None,None,None,0.604,6.66,5.15,None,None,None,None,None,-209000000,None,0.0916,None,4675000000,2025-10-28,quarterly,0.67,USD,pre-market,443000000,-6724000000,0.0442,0.127,0.209,17.45,756000000,1807000000,18000000,1092000000,64.52,86.2,1.5152,11175000000,3860000000,2216000000,5523000000,7315000000,3307000000,4579000000,5609000000,57.42,-168000000,96.64,36.82
2025-12-28,GLW,1.56,14915000000.0,57.42,None,1.109,14.28,244000000,None,1342000000,1342000000,-355000000,-228000000,-196000000,-8000000,-73000000,None,None,-73000000,776000000,1539473684,None,2595000000,2595000000,690000000,None,None,629000000,None,None,512000000,250000000,1.12,0.0125,147000000,147000000,None,3.5,0.01,607000000,1119000000,0.66,2013-06-30,29.76,277000000,5366000000.0,1984000000,1170000000,578000000,338000000,338000000,None,0,None,570000000,None,None,1789000000,None,None,638000000,None,None,None,0.146,395000000,1392000000,772000000,227000000,1662000000,None,None,None,None,None,None,None,0.604,6.66,5.15,None,None,None,None,None,-232000000,None,0.0916,None,4675000000,2025-10-28,quarterly,0.67,USD,pre-market,443000000,-6724000000,0.0442,0.127,0.209,17.45,756000000,1807000000,18000000,1092000000,64.52,86.2,1.5152,11175000000,3860000000,2216000000,5523000000,7315000000,3307000000,4579000000,5609000000,57.42,-168000000,96.64,36.82
2025-12-28,GLW,1.56,14915000000.0,57.42,None,1.109,14.28,194000000,None,1342000000,1342000000,-629000000,-122000000,-191000000,-63000000,-138000000,None,None,17000000,776000000,1539473684,None,2595000000,2595000000,690000000,None,None,629000000,None,None,512000000,255000000,1.12,0.0125,133000000,133000000,None,3.5,0.01,607000000,1119000000,0.66,2013-03-31,29.76,277000000,5366000000.0,1984000000,1170000000,578000000,338000000,338000000,None,0,None,570000000,None,None,1789000000,None,None,494000000,None,None,None,0.146,623000000,1392000000,772000000,227000000,1662000000,None,None,None,None,None,None,None,0.604,6.66,5.15,None,None,None,None,None,12000000,None,0.0916,None,4675000000,2025-10-28,quarterly,0.67,USD,pre-market,443000000,-6724000000,0.0442,0.127,0.209,17.45,756000000,1807000000,18000000,1092000000,64.52,86.2,1.5152,11175000000,3860000000,2216000000,5523000000,7315000000,3307000000,4579000000,5609000000,57.42,-168000000,96.64,36.82
2025-12-28,GLW,1.56,14915000000.0,57.42,None,1.109,14.28,526000000,None,1342000000,1342000000,-209000000,-1007000000,36000000,12000000,8000000,None,None,-123000000,776000000,1539473684,None,2595000000,2595000000,690000000,None,None,629000000,None,None,512000000,267000000,1.12,0.0125,133000000,133000000,None,3.5,0.01,607000000,1119000000,0.66,2012-12-31,29.76,277000000,5366000000.0,1984000000,1170000000,578000000,338000000,338000000,None,0,None,570000000,None,None,1789000000,None,None,283000000,None,None,None,0.146,1240000000,1392000000,772000000,227000000,1662000000,None,None,None,None,None,None,None,0.604,6.66,5.15,None,None,None,None,None,-140000000,None,0.0916,None,4675000000,2025-10-28,quarterly,0.67,USD,pre-market,443000000,-6724000000,0.0442,0.127,0.209,17.45,756000000,1807000000,18000000,1092000000,64.52,86.2,1.5152,11175000000,3860000000,2216000000,5523000000,7315000000,3307000000,4579000000,5609000000,57.42,-168000000,96.64,36.82
2025-12-28,GLW,1.56,14915000000.0,57.42,None,1.109,14.28,422000000,None,1342000000,1342000000,-166000000,-482000000,-56000000,-42000000,4000000,None,None,-81000000,776000000,1539473684,None,2595000000,2595000000,690000000,None,None,629000000,None,None,512000000,248000000,1.12,0.0125,112000000,112000000,None,3.5,0.01,607000000,1119000000,0.66,2012-09-30,29.76,277000000,5366000000.0,1984000000,1170000000,578000000,338000000,338000000,None,0,None,570000000,None,None,1789000000,None,None,521000000,None,None,None,0.146,634000000,1392000000,772000000,227000000,1662000000,None,None,None,None,None,None,None,0.604,6.66,5.15,None,None,None,None,None,-194000000,None,0.0916,None,4675000000,2025-10-28,quarterly,0.67,USD,pre-market,443000000,-6724000000,0.0442,0.127,0.209,17.45,756000000,1807000000,18000000,1092000000,64.52,86.2,1.5152,11175000000,3860000000,2216000000,5523000000,7315000000,3307000000,4579000000,5609000000,57.42,-168000000,96.64,36.82
2025-12-28,GLW,1.56,14915000000.0,57.42,None,1.109,14.28,441000000,None,1342000000,1342000000,-332000000,-535000000,-482000000,-185000000,-47000000,None,None,-19000000,776000000,1539473684,None,2595000000,2595000000,690000000,None,None,629000000,None,None,512000000,242000000,1.12,0.0125,113000000,113000000,None,3.5,0.01,607000000,1119000000,0.66,2012-06-30,29.76,277000000,5366000000.0,1984000000,1170000000,578000000,338000000,338000000,None,0,None,570000000,None,None,1789000000,None,None,462000000,None,None,None,0.146,570000000,1392000000,772000000,227000000,1662000000,None,None,None,None,None,None,None,0.604,6.66,5.15,None,None,None,None,None,-314000000,None,0.0916,None,4675000000,2025-10-28,quarterly,0.67,USD,pre-market,443000000,-6724000000,0.0442,0.127,0.209,17.45,756000000,1807000000,18000000,1092000000,64.52,86.2,1.5152,11175000000,3860000000,2216000000,5523000000,7315000000,3307000000,4579000000,5609000000,57.42,-168000000,96.64,36.82
2025-12-28,GLW,1.56,14915000000.0,57.42,None,1.109,14.28,412000000,None,1342000000,1342000000,592000000,-604000000,829000000,79000000,12000000,None,None,-49000000,776000000,1539473684,None,2595000000,2595000000,690000000,None,None,629000000,None,None,512000000,240000000,1.12,0.0125,114000000,114000000,None,3.5,0.01,607000000,1119000000,0.66,2012-03-31,29.76,277000000,5366000000.0,1984000000,1170000000,578000000,338000000,338000000,None,0,None,570000000,None,None,1789000000,None,None,462000000,None,None,None,0.146,762000000,1392000000,772000000,227000000,1662000000,None,None,None,None,None,None,None,0.604,6.66,5.15,None,None,None,None,None,-72000000,None,0.0916,None,4675000000,2025-10-28,quarterly,0.67,USD,pre-market,443000000,-6724000000,0.0442,0.127,0.209,17.45,756000000,1807000000,18000000,1092000000,64.52,86.2,1.5152,11175000000,3860000000,2216000000,5523000000,7315000000,3307000000,4579000000,5609000000,57.42,-168000000,96.64,36.82
2025-12-28,GLW,1.56,14915000000.0,57.42,None,1.109,14.28,766000000,None,1342000000,1342000000,-805000000,-476000000,-240000000,-116000000,-31000000,None,None,98000000,776000000,1539473684,None,2595000000,2595000000,690000000,None,None,629000000,None,None,512000000,247000000,1.12,0.0125,117000000,117000000,None,3.5,0.01,607000000,1119000000,0.66,2011-12-31,29.76,277000000,5366000000.0,1984000000,1170000000,578000000,338000000,338000000,None,0,None,570000000,None,None,1789000000,None,None,491000000,None,None,None,0.146,1157000000,1392000000,772000000,227000000,1662000000,None,None,None,None,None,None,None,0.604,6.66,5.15,None,None,None,None,None,-780000000,None,0.0916,None,4675000000,2025-10-28,quarterly,0.67,USD,pre-market,443000000,-6724000000,0.0442,0.127,0.209,17.45,756000000,1807000000,18000000,1092000000,64.52,86.2,1.5152,11175000000,3860000000,2216000000,5523000000,7315000000,3307000000,4579000000,5609000000,57.42,-168000000,96.64,36.82
2025-12-28,GLW,1.56,14915000000.0,57.42,None,1.109,14.28,640000000,None,1342000000,1342000000,-46000000,-418000000,292000000,-157000000,-27000000,None,None,61000000,776000000,1539473684,None,2595000000,2595000000,690000000,None,None,629000000,None,None,512000000,245000000,1.12,0.0125,79000000,79000000,None,3.5,0.01,607000000,1119000000,0.66,2011-09-30,29.76,277000000,5366000000.0,1984000000,1170000000,578000000,338000000,338000000,None,0,None,570000000,None,None,1789000000,None,None,811000000,None,None,None,0.146,913000000,1392000000,772000000,227000000,1662000000,None,None,None,None,None,None,None,0.604,6.66,5.15,None,None,None,None,None,9000000,None,0.0916,None,4675000000,2025-10-28,quarterly,0.67,USD,pre-market,443000000,-6724000000,0.0442,0.127,0.209,17.45,756000000,1807000000,18000000,1092000000,64.52,86.2,1.5152,11175000000,3860000000,2216000000,5523000000,7315000000,3307000000,4579000000,5609000000,57.42,-168000000,96.64,36.82
2025-12-28,GLW,1.56,14915000000.0,57.42,None,1.109,14.28,494000000,None,1342000000,1342000000,-72000000,-505000000,39000000,70000000,-64000000,None,None,-122000000,776000000,1539473684,None,2595000000,2595000000,690000000,None,None,629000000,None,None,512000000,236000000,1.12,0.0125,79000000,79000000,None,3.5,0.01,607000000,1119000000,0.66,2011-06-30,29.76,277000000,5366000000.0,1984000000,1170000000,578000000,338000000,338000000,None,0,None,570000000,None,None,1789000000,None,None,755000000,None,None,None,0.146,546000000,1392000000,772000000,227000000,1662000000,None,None,None,None,None,None,None,0.604,6.66,5.15,None,None,None,None,None,9000000,None,0.0916,None,4675000000,2025-10-28,quarterly,0.67,USD,pre-market,443000000,-6724000000,0.0442,0.127,0.209,17.45,756000000,1807000000,18000000,1092000000,64.52,86.2,1.5152,11175000000,3860000000,2216000000,5523000000,7315000000,3307000000,4579000000,5609000000,57.42,-168000000,96.64,36.82
2025-12-28,GLW,1.56,14915000000.0,57.42,None,1.109,14.28,532000000,None,1342000000,1342000000,-57000000,-657000000,-28000000,113000000,-79000000,None,None,-121000000,776000000,1539473684,None,2595000000,2595000000,690000000,None,None,629000000,None,None,512000000,229000000,1.12,0.0125,79000000,79000000,None,3.5,0.01,607000000,1119000000,0.66,2011-03-31,29.76,277000000,5366000000.0,1984000000,1170000000,578000000,338000000,338000000,None,0,None,570000000,None,None,1789000000,None,None,748000000,None,None,None,0.146,573000000,1392000000,772000000,227000000,1662000000,None,None,None,None,None,None,None,0.604,6.66,5.15,None,None,None,None,None,64000000,None,0.0916,None,4675000000,2025-10-28,quarterly,0.67,USD,pre-market,443000000,-6724000000,0.0442,0.127,0.209,17.45,756000000,1807000000,18000000,1092000000,64.52,86.2,1.5152,11175000000,3860000000,2216000000,5523000000,7315000000,3307000000,4579000000,5609000000,57.42,-168000000,96.64,36.82
2025-12-28,GLW,1.56,14915000000.0,57.42,None,1.109,14.28,473000000,None,1342000000,1342000000,-175000000,-560000000,1296000000,-61000000,-13000000,None,None,-100000000,776000000,1539473684,None,2595000000,2595000000,690000000,None,None,629000000,None,None,512000000,224000000,1.12,0.0125,78000000,78000000,None,3.5,0.01,607000000,1119000000,0.66,2010-12-31,29.76,277000000,5366000000.0,1984000000,1170000000,578000000,338000000,338000000,None,0,None,570000000,None,None,1789000000,None,None,1044000000,None,None,None,0.146,2092000000,1392000000,772000000,227000000,1662000000,None,None,None,None,None,None,None,0.604,6.66,5.15,None,None,None,None,None,-625000000,None,0.0916,None,4675000000,2025-10-28,quarterly,0.67,USD,pre-market,443000000,-6724000000,0.0442,0.127,0.209,17.45,756000000,1807000000,18000000,1092000000,64.52,86.2,1.5152,11175000000,3860000000,2216000000,5523000000,7315000000,3307000000,4579000000,5609000000,57.42,-168000000,96.64,36.82
2025-12-28,GLW,1.56,14915000000.0,57.42,None,1.109,14.28,225000000,None,1342000000,1342000000,346000000,-902000000,88000000,216000000,-85000000,None,None,131000000,776000000,1539473684,None,2595000000,2595000000,690000000,None,None,629000000,None,None,512000000,214000000,1.12,0.0125,79000000,79000000,None,3.5,0.01,607000000,1119000000,0.66,2010-09-30,29.76,277000000,5366000000.0,1984000000,1170000000,578000000,338000000,338000000,None,0,None,570000000,None,None,1789000000,None,None,785000000,None,None,None,0.146,428000000,1392000000,772000000,227000000,1662000000,None,None,None,None,None,None,None,0.604,6.66,5.15,None,None,None,None,None,10000000,None,0.0916,None,4675000000,2025-10-28,quarterly,0.67,USD,pre-market,443000000,-6724000000,0.0442,0.127,0.209,17.45,756000000,1807000000,18000000,1092000000,64.52,86.2,1.5152,11175000000,3860000000,2216000000,5523000000,7315000000,3307000000,4579000000,5609000000,57.42,-168000000,96.64,36.82
2025-12-28,GLW,1.56,14915000000.0,57.42,None,1.109,14.28,136000000,None,1342000000,1342000000,-62000000,-384000000,139000000,-87000000,-31000000,None,None,-73000000,776000000,1539473684,None,2595000000,2595000000,690000000,None,None,629000000,None,None,512000000,208000000,1.12,0.0125,78000000,78000000,None,3.5,0.01,607000000,1119000000,0.66,2010-06-30,29.76,277000000,5366000000.0,1984000000,1170000000,578000000,338000000,338000000,None,0,None,570000000,None,None,1789000000,None,None,913000000,None,None,None,0.146,672000000,1392000000,772000000,227000000,1662000000,None,None,None,None,None,None,None,0.604,6.66,5.15,None,None,None,None,None,19000000,None,0.0916,None,4675000000,2025-10-28,quarterly,0.67,USD,pre-market,443000000,-6724000000,0.0442,0.127,0.209,17.45,756000000,1807000000,18000000,1092000000,64.52,86.2,1.5152,11175000000,3860000000,2216000000,5523000000,7315000000,3307000000,4579000000,5609000000,57.42,-168000000,96.64,36.82
2025-12-28,GLW,1.56,14915000000.0,57.42,None,1.109,14.28,173000000,None,1342000000,1342000000,-111000000,77000000,534000000,-75000000,-31000000,None,None,-120000000,776000000,1539473684,None,2595000000,2595000000,690000000,None,None,629000000,None,None,512000000,208000000,1.12,0.0125,78000000,78000000,None,3.5,0.01,607000000,1119000000,0.66,2010-03-31,29.76,277000000,5366000000.0,1984000000,1170000000,578000000,338000000,338000000,None,0,None,570000000,None,None,1789000000,None,None,816000000,None,None,None,0.146,643000000,1392000000,772000000,227000000,1662000000,None,None,None,None,None,None,None,0.604,6.66,5.15,None,None,None,None,None,25000000,None,0.0916,None,4675000000,2025-10-28,quarterly,0.67,USD,pre-market,443000000,-6724000000,0.0442,0.127,0.209,17.45,756000000,1807000000,18000000,1092000000,64.52,86.2,1.5152,11175000000,3860000000,2216000000,5523000000,7315000000,3307000000,4579000000,5609000000,57.42,-168000000,96.64,36.82
2025-12-28,GLW,1.56,14915000000.0,57.42,None,1.109,14.28,163000000,None,1342000000,1342000000,-62000000,-231000000,None,None,34000000,None,None,None,776000000,1539473684,None,2595000000,2595000000,690000000,None,None,629000000,None,None,512000000,198000000,1.12,0.0125,78000000,78000000,None,3.5,0.01,607000000,1119000000,0.66,2009-12-31,29.76,277000000,5366000000.0,1984000000,1170000000,578000000,338000000,338000000,None,0,None,570000000,None,None,1789000000,None,None,740000000,None,None,None,0.146,913000000,1392000000,772000000,227000000,1662000000,None,None,None,None,None,None,None,0.604,6.66,5.15,None,None,None,None,None,-625000000,None,0.0916,None,4675000000,2025-10-28,quarterly,0.67,USD,pre-market,443000000,-6724000000,0.0442,0.127,0.209,17.45,756000000,1807000000,18000000,1092000000,64.52,86.2,1.5152,11175000000,3860000000,2216000000,5523000000,7315000000,3307000000,4579000000,5609000000,57.42,-168000000,96.64,36.82
2025-12-28,GLW,1.56,14915000000.0,57.42,None,1.109,14.28,236000000,None,1342000000,1342000000,-87000000,-774000000,None,None,66000000,None,None,None,776000000,1539473684,None,2595000000,2595000000,690000000,None,None,629000000,None,None,512000000,230000000,1.12,0.0125,78000000,78000000,None,3.5,0.01,607000000,1119000000,0.66,2009-09-30,29.76,277000000,5366000000.0,1984000000,1170000000,578000000,338000000,338000000,None,0,None,570000000,None,None,1789000000,None,None,643000000,None,None,None,0.146,532000000,1392000000,772000000,227000000,1662000000,None,None,None,None,None,None,None,0.604,6.66,5.15,None,None,None,None,None,0,None,0.0916,None,4675000000,2025-10-28,quarterly,0.67,USD,pre-market,443000000,-6724000000,0.0442,0.127,0.209,17.45,756000000,1807000000,18000000,1092000000,64.52,86.2,1.5152,11175000000,3860000000,2216000000,5523000000,7315000000,3307000000,4579000000,5609000000,57.42,-168000000,96.64,36.82
2025-12-28,GLW,1.56,14915000000.0,57.42,None,1.109,14.28,215000000,None,1342000000,1342000000,277000000,-239000000,None,None,99000000,None,None,None,776000000,1539473684,None,2595000000,2595000000,690000000,None,None,629000000,None,None,512000000,186000000,1.12,0.0125,78000000,78000000,None,3.5,0.01,607000000,1119000000,0.66,2009-06-30,29.76,277000000,5366000000.0,1984000000,1170000000,578000000,338000000,338000000,None,0,None,570000000,None,None,1789000000,None,None,611000000,None,None,None,0.146,368000000,1392000000,772000000,227000000,1662000000,None,None,None,None,None,None,None,0.604,6.66,5.15,None,None,None,None,None,349000000,None,0.0916,None,4675000000,2025-10-28,quarterly,0.67,USD,pre-market,443000000,-6724000000,0.0442,0.127,0.209,17.45,756000000,1807000000,18000000,1092000000,64.52,86.2,1.5152,11175000000,3860000000,2216000000,5523000000,7315000000,3307000000,4579000000,5609000000,57.42,-168000000,96.64,36.82
2025-12-28,GLW,1.56,14915000000.0,57.42,None,1.109,14.28,276000000,None,1342000000,1342000000,-143000000,-126000000,None,None,39000000,None,None,None,776000000,1539473684,None,2595000000,2595000000,690000000,None,None,629000000,None,None,512000000,178000000,1.12,0.0125,78000000,78000000,None,3.5,0.01,607000000,1119000000,0.66,2009-03-31,29.76,277000000,5366000000.0,1984000000,1170000000,578000000,338000000,338000000,None,0,None,570000000,None,None,1789000000,None,None,14000000,None,None,None,0.146,264000000,1392000000,772000000,227000000,1662000000,None,None,None,None,None,None,None,0.604,6.66,5.15,None,None,None,None,None,1000000,None,0.0916,None,4675000000,2025-10-28,quarterly,0.67,USD,pre-market,443000000,-6724000000,0.0442,0.127,0.209,17.45,756000000,1807000000,18000000,1092000000,64.52,86.2,1.5152,11175000000,3860000000,2216000000,5523000000,7315000000,3307000000,4579000000,5609000000,57.42,-168000000,96.64,36.82
2025-12-28,GLW,1.56,14915000000.0,57.42,None,1.109,14.28,766000000,None,1342000000,1342000000,-16000000,-1138000000,None,None,-7000000,None,None,None,776000000,1539473684,None,2595000000,2595000000,690000000,None,None,629000000,None,None,512000000,205000000,1.12,0.0125,78000000,78000000,None,3.5,0.01,607000000,1119000000,0.66,2008-12-31,29.76,277000000,5366000000.0,1984000000,1170000000,578000000,338000000,338000000,None,0,None,570000000,None,None,1789000000,None,None,249000000,None,None,None,0.146,380000000,1392000000,772000000,227000000,1662000000,None,None,None,None,None,None,None,0.604,6.66,5.15,None,None,None,None,None,None,None,0.0916,None,4675000000,2025-10-28,quarterly,0.67,USD,pre-market,443000000,-6724000000,0.0442,0.127,0.209,17.45,756000000,1807000000,18000000,1092000000,64.52,86.2,1.5152,11175000000,3860000000,2216000000,5523000000,7315000000,3307000000,4579000000,5609000000,57.42,-168000000,96.64,36.82
2025-12-28,GLW,1.56,14915000000.0,57.42,None,1.109,14.28,291000000,None,1342000000,1342000000,-576000000,355000000,None,None,-56000000,None,None,None,776000000,1539473684,None,2595000000,2595000000,690000000,None,None,629000000,None,None,512000000,166000000,1.12,0.0125,77000000,77000000,None,3.5,0.01,607000000,1119000000,0.66,2008-09-30,29.76,277000000,5366000000.0,1984000000,1170000000,578000000,338000000,338000000,None,0,None,570000000,None,None,1789000000,None,None,768000000,None,None,None,0.146,763000000,1392000000,772000000,227000000,1662000000,None,None,None,None,None,None,None,0.604,6.66,5.15,None,None,None,None,None,-500000000,None,0.0916,None,4675000000,2025-10-28,quarterly,0.67,USD,pre-market,443000000,-6724000000,0.0442,0.127,0.209,17.45,756000000,1807000000,18000000,1092000000,64.52,86.2,1.5152,11175000000,3860000000,2216000000,5523000000,7315000000,3307000000,4579000000,5609000000,57.42,-168000000,96.64,36.82
2025-12-28,GLW,1.56,14915000000.0,57.42,None,1.109,14.28,397000000,None,1342000000,1342000000,-77000000,-541000000,None,None,-41000000,None,None,None,776000000,1539473684,None,2595000000,2595000000,690000000,None,None,629000000,None,None,512000000,165000000,1.12,0.0125,80000000,80000000,None,3.5,0.01,607000000,1119000000,0.66,2008-06-30,29.76,277000000,5366000000.0,1984000000,1170000000,578000000,338000000,338000000,None,0,None,570000000,None,None,1789000000,None,None,3211000000,None,None,None,0.146,690000000,1392000000,772000000,227000000,1662000000,None,None,None,None,None,None,None,0.604,6.66,5.15,None,None,None,None,None,-63000000,None,0.0916,None,4675000000,2025-10-28,quarterly,0.67,USD,pre-market,443000000,-6724000000,0.0442,0.127,0.209,17.45,756000000,1807000000,18000000,1092000000,64.52,86.2,1.5152,11175000000,3860000000,2216000000,5523000000,7315000000,3307000000,4579000000,5609000000,57.42,-168000000,96.64,36.82
2025-12-28,GLW,1.56,14915000000.0,57.42,None,1.109,14.28,467000000,None,1342000000,1342000000,-129000000,-375000000,None,None,-32000000,None,None,None,776000000,1539473684,None,2595000000,2595000000,690000000,None,None,629000000,None,None,512000000,159000000,1.12,0.0125,78000000,78000000,None,3.5,0.01,607000000,1119000000,0.66,2008-03-31,29.76,277000000,5366000000.0,1984000000,1170000000,578000000,338000000,338000000,None,0,None,570000000,None,None,1789000000,None,None,1029000000,None,None,None,0.146,295000000,1392000000,772000000,227000000,1662000000,None,None,None,None,None,None,None,0.604,6.66,5.15,None,None,None,None,None,-62000000,None,0.0916,None,4675000000,2025-10-28,quarterly,0.67,USD,pre-market,443000000,-6724000000,0.0442,0.127,0.209,17.45,756000000,1807000000,18000000,1092000000,64.52,86.2,1.5152,11175000000,3860000000,2216000000,5523000000,7315000000,3307000000,4579000000,5609000000,57.42,-168000000,96.64,36.82
2025-12-28,GLW,1.56,14915000000.0,57.42,None,1.109,14.28,386000000,None,1342000000,1342000000,-183000000,-235000000,None,None,42000000,None,None,None,776000000,1539473684,None,2595000000,2595000000,690000000,None,None,629000000,None,None,512000000,154000000,1.12,0.0125,80000000,80000000,None,3.5,0.01,607000000,1119000000,0.66,2007-12-31,29.76,277000000,5366000000.0,1984000000,1170000000,578000000,338000000,338000000,None,0,None,570000000,None,None,1789000000,None,None,717000000,None,None,None,0.146,732000000,1392000000,772000000,227000000,1662000000,None,None,None,None,None,None,None,0.604,6.66,5.15,None,None,None,None,None,-125000000,None,0.0916,None,4675000000,2025-10-28,quarterly,0.67,USD,pre-market,443000000,-6724000000,0.0442,0.127,0.209,17.45,756000000,1807000000,18000000,1092000000,64.52,86.2,1.5152,11175000000,3860000000,2216000000,5523000000,7315000000,3307000000,4579000000,5609000000,57.42,-168000000,96.64,36.82
2025-12-28,GLW,1.56,14915000000.0,57.42,None,1.109,14.28,405000000,None,1342000000,1342000000,-190000000,-527000000,None,None,31000000,None,None,None,776000000,1539473684,None,2595000000,2595000000,690000000,None,None,629000000,None,None,512000000,149000000,1.12,0.0125,79000000,79000000,None,3.5,0.01,607000000,1119000000,0.66,2007-09-30,29.76,277000000,5366000000.0,1984000000,1170000000,578000000,338000000,338000000,None,0,None,570000000,None,None,1789000000,None,None,617000000,None,None,None,0.146,677000000,1392000000,772000000,227000000,1662000000,None,None,None,None,None,None,None,0.604,6.66,5.15,None,None,None,None,None,None,None,0.0916,None,4675000000,2025-10-28,quarterly,0.67,USD,pre-market,443000000,-6724000000,0.0442,0.127,0.209,17.45,756000000,1807000000,18000000,1092000000,64.52,86.2,1.5152,11175000000,3860000000,2216000000,5523000000,7315000000,3307000000,4579000000,5609000000,57.42,-168000000,96.64,36.82
2025-12-28,GLW,1.56,14915000000.0,57.42,None,1.109,14.28,214000000,None,1342000000,1342000000,54000000,218000000,None,None,-26000000,None,None,None,776000000,1539473684,None,2595000000,2595000000,690000000,None,None,629000000,None,None,512000000,151000000,1.12,0.0125,None,None,None,3.5,0.01,607000000,1119000000,0.66,2007-06-30,29.76,277000000,5366000000.0,1984000000,1170000000,578000000,338000000,338000000,None,0,None,570000000,None,None,1789000000,None,None,489000000,None,None,None,0.146,475000000,1392000000,772000000,227000000,1662000000,None,None,None,None,None,None,None,0.604,6.66,5.15,None,None,None,None,None,None,None,0.0916,None,4675000000,2025-10-28,quarterly,0.67,USD,pre-market,443000000,-6724000000,0.0442,0.127,0.209,17.45,756000000,1807000000,18000000,1092000000,64.52,86.2,1.5152,11175000000,3860000000,2216000000,5523000000,7315000000,3307000000,4579000000,5609000000,57.42,-168000000,96.64,36.82
2025-12-28,GLW,1.56,14915000000.0,57.42,None,1.109,14.28,262000000,None,1342000000,1342000000,-220000000,-17000000,None,None,-42000000,None,None,None,776000000,1539473684,None,2595000000,2595000000,690000000,None,None,629000000,None,None,512000000,153000000,1.12,0.0125,None,None,None,3.5,0.01,607000000,1119000000,0.66,2007-03-31,29.76,277000000,5366000000.0,1984000000,1170000000,578000000,338000000,338000000,None,0,None,570000000,None,None,1789000000,None,None,327000000,None,None,None,0.146,193000000,1392000000,772000000,227000000,1662000000,None,None,None,None,None,None,None,0.604,6.66,5.15,None,None,None,None,None,None,None,0.0916,None,4675000000,2025-10-28,quarterly,0.67,USD,pre-market,443000000,-6724000000,0.0442,0.127,0.209,17.45,756000000,1807000000,18000000,1092000000,64.52,86.2,1.5152,11175000000,3860000000,2216000000,5523000000,7315000000,3307000000,4579000000,5609000000,57.42,-168000000,96.64,36.82
2025-12-28,GLW,1.56,14915000000.0,57.42,None,1.109,14.28,290000000,None,1342000000,1342000000,3000000,-467000000,None,None,39000000,None,None,None,776000000,1539473684,None,2595000000,2595000000,690000000,None,None,629000000,None,None,512000000,153000000,1.12,0.0125,421121000000,421121000000,None,3.5,0.01,607000000,1119000000,0.66,2006-12-31,29.76,277000000,5366000000.0,1984000000,1170000000,578000000,338000000,338000000,None,0,None,570000000,None,None,1789000000,None,None,646000000,None,None,None,0.146,628000000,1392000000,772000000,227000000,1662000000,None,None,None,None,None,None,None,0.604,6.66,5.15,None,None,None,None,None,None,None,0.0916,None,4675000000,2025-10-28,quarterly,0.67,USD,pre-market,443000000,-6724000000,0.0442,0.127,0.209,17.45,756000000,1807000000,18000000,1092000000,64.52,86.2,1.5152,11175000000,3860000000,2216000000,5523000000,7315000000,3307000000,4579000000,5609000000,57.42,-168000000,96.64,36.82
2025-12-28,GLW,1.56,14915000000.0,57.42,None,1.109,14.28,338000000,None,1342000000,1342000000,260000000,-790000000,None,None,-11000000,None,None,None,776000000,1539473684,None,2595000000,2595000000,690000000,None,None,629000000,None,None,512000000,142000000,1.12,0.0125,None,None,None,3.5,0.01,607000000,1119000000,0.66,2006-09-30,29.76,277000000,5366000000.0,1984000000,1170000000,578000000,338000000,338000000,None,0,None,570000000,None,None,1789000000,None,None,438000000,None,None,None,0.146,413000000,1392000000,772000000,227000000,1662000000,None,None,None,None,None,None,None,0.604,6.66,5.15,None,None,None,None,None,None,None,0.0916,None,4675000000,2025-10-28,quarterly,0.67,USD,pre-market,443000000,-6724000000,0.0442,0.127,0.209,17.45,756000000,1807000000,18000000,1092000000,64.52,86.2,1.5152,11175000000,3860000000,2216000000,5523000000,7315000000,3307000000,4579000000,5609000000,57.42,-168000000,96.64,36.82
2025-12-28,GLW,1.56,14915000000.0,57.42,None,1.109,14.28,274000000,None,1342000000,1342000000,-302000000,-444000000,None,None,-47000000,None,None,None,776000000,1539473684,None,2595000000,2595000000,690000000,None,None,629000000,None,None,512000000,152000000,1.12,0.0125,None,None,None,3.5,0.01,607000000,1119000000,0.66,2006-06-30,29.76,277000000,5366000000.0,1984000000,1170000000,578000000,338000000,338000000,None,0,None,570000000,None,None,1789000000,None,None,514000000,None,None,None,0.146,581000000,1392000000,772000000,227000000,1662000000,None,None,None,None,None,None,None,0.604,6.66,5.15,None,None,None,None,None,None,None,0.0916,None,4675000000,2025-10-28,quarterly,0.67,USD,pre-market,443000000,-6724000000,0.0442,0.127,0.209,17.45,756000000,1807000000,18000000,1092000000,64.52,86.2,1.5152,11175000000,3860000000,2216000000,5523000000,7315000000,3307000000,4579000000,5609000000,57.42,-168000000,96.64,36.82
2025-12-28,GLW,1.56,14915000000.0,57.42,None,1.109,14.28,280000000,None,1342000000,1342000000,219000000,-480000000,None,None,-46000000,None,None,None,776000000,1539473684,None,2595000000,2595000000,690000000,None,None,629000000,None,None,512000000,144000000,1.12,0.0125,None,None,None,3.5,0.01,607000000,1119000000,0.66,2006-03-31,29.76,277000000,5366000000.0,1984000000,1170000000,578000000,338000000,338000000,None,0,None,570000000,None,None,1789000000,None,None,257000000,None,None,None,0.146,181000000,1392000000,772000000,227000000,1662000000,None,None,None,None,None,None,None,0.604,6.66,5.15,None,None,None,None,None,None,None,0.0916,None,4675000000,2025-10-28,quarterly,0.67,USD,pre-market,443000000,-6724000000,0.0442,0.127,0.209,17.45,756000000,1807000000,18000000,1092000000,64.52,86.2,1.5152,11175000000,3860000000,2216000000,5523000000,7315000000,3307000000,4579000000,5609000000,57.42,-168000000,96.64,36.82
2025-12-28,GLW,1.56,14915000000.0,57.42,None,1.109,14.28,477000000,None,1342000000,1342000000,-186000000,-516000000,None,None,-16000000,None,None,None,776000000,1539473684,None,2595000000,2595000000,690000000,None,None,629000000,None,None,512000000,128000000,1.12,0.0125,None,None,None,3.5,0.01,607000000,1119000000,0.66,2005-12-31,29.76,277000000,5366000000.0,1984000000,1170000000,578000000,338000000,338000000,None,0,None,570000000,None,None,1789000000,None,None,-32000000,None,None,None,0.146,659000000,1392000000,772000000,227000000,1662000000,None,None,None,None,None,None,None,0.604,6.66,5.15,None,None,None,None,None,None,None,0.0916,None,4675000000,2025-10-28,quarterly,0.67,USD,pre-market,443000000,-6724000000,0.0442,0.127,0.209,17.45,756000000,1807000000,18000000,1092000000,64.52,86.2,1.5152,11175000000,3860000000,2216000000,5523000000,7315000000,3307000000,4579000000,5609000000,57.42,-168000000,96.64,36.82
2025-12-28,GLW,1.56,14915000000.0,57.42,None,1.109,14.28,378000000,None,1342000000,1342000000,86000000,-584000000,None,None,-7000000,None,None,None,776000000,1539473684,None,2595000000,2595000000,690000000,None,None,629000000,None,None,512000000,130000000,1.12,0.0125,3000000,3000000,None,3.5,0.01,607000000,1119000000,0.66,2005-09-30,29.76,277000000,5366000000.0,1984000000,1170000000,578000000,338000000,338000000,None,0,None,570000000,None,None,1789000000,None,None,203000000,None,None,None,0.146,595000000,1392000000,772000000,227000000,1662000000,None,None,None,None,None,None,None,0.604,6.66,5.15,None,None,None,None,None,None,None,0.0916,None,4675000000,2025-10-28,quarterly,0.67,USD,pre-market,443000000,-6724000000,0.0442,0.127,0.209,17.45,756000000,1807000000,18000000,1092000000,64.52,86.2,1.5152,11175000000,3860000000,2216000000,5523000000,7315000000,3307000000,4579000000,5609000000,57.42,-168000000,96.64,36.82
2025-12-28,GLW,1.56,14915000000.0,57.42,None,1.109,14.28,965000000,None,1342000000,1342000000,-1164000000,-744000000,None,None,-171000000,None,None,None,776000000,1539473684,None,2595000000,2595000000,690000000,None,None,629000000,None,None,512000000,1350000000,1.12,0.0125,986000000,986000000,None,3.5,0.01,607000000,1119000000,0.66,2024-12-31,29.76,277000000,5366000000.0,1984000000,1170000000,578000000,338000000,338000000,None,0,None,570000000,None,None,1789000000,None,None,592000000,None,None,None,0.146,1939000000,1392000000,772000000,227000000,1662000000,None,None,None,None,None,None,None,0.604,6.66,5.15,None,None,None,None,None,-246000000,None,0.0916,None,4675000000,2025-10-28,annual,0.67,USD,pre-market,443000000,-6724000000,0.0442,0.127,0.209,17.45,756000000,1807000000,18000000,1092000000,64.52,86.2,1.5152,11175000000,3860000000,2216000000,5523000000,7315000000,3307000000,4579000000,5609000000,57.42,-168000000,96.64,36.82
2025-12-28,GLW,1.56,14915000000.0,57.42,None,1.109,14.28,1390000000,None,1342000000,1342000000,-883000000,-1000000000,None,None,157000000,None,None,None,776000000,1539473684,None,2595000000,2595000000,690000000,None,None,629000000,None,None,512000000,1369000000,1.12,0.0125,989000000,989000000,None,3.5,0.01,607000000,1119000000,0.66,2023-12-31,29.76,277000000,5366000000.0,1984000000,1170000000,578000000,338000000,338000000,None,0,None,570000000,None,None,1789000000,None,None,648000000,None,None,None,0.146,2005000000,1392000000,772000000,227000000,1662000000,None,None,None,None,None,None,None,0.604,6.66,5.15,None,None,None,None,None,-106000000,None,0.0916,None,4675000000,2025-10-28,annual,0.67,USD,pre-market,443000000,-6724000000,0.0442,0.127,0.209,17.45,756000000,1807000000,18000000,1092000000,64.52,86.2,1.5152,11175000000,3860000000,2216000000,5523000000,7315000000,3307000000,4579000000,5609000000,57.42,-168000000,96.64,36.82
2025-12-28,GLW,1.56,14915000000.0,57.42,None,1.109,14.28,1604000000,None,1342000000,1342000000,-1649000000,-1355000000,-389000000,None,-522000000,None,None,113000000,776000000,1539473684,None,2595000000,2595000000,690000000,None,None,629000000,None,None,512000000,1452000000,1.12,0.0125,932000000,932000000,None,3.5,0.01,607000000,1119000000,0.66,2022-12-31,29.76,277000000,5366000000.0,1984000000,1170000000,578000000,338000000,338000000,None,0,None,570000000,None,None,1789000000,None,None,1386000000,None,None,None,0.146,2615000000,1392000000,772000000,227000000,1662000000,None,None,None,None,None,None,None,0.604,6.66,5.15,None,None,None,None,None,-728000000,None,0.0916,None,4675000000,2025-10-28,annual,0.67,USD,pre-market,443000000,-6724000000,0.0442,0.127,0.209,17.45,756000000,1807000000,18000000,1092000000,64.52,86.2,1.5152,11175000000,3860000000,2216000000,5523000000,7315000000,3307000000,4579000000,5609000000,57.42,-168000000,96.64,36.82
2025-12-28,GLW,1.56,14915000000.0,57.42,None,1.109,14.28,1637000000,None,1342000000,1342000000,-2452000000,-1419000000,-459000000,None,-103000000,None,None,-54000000,776000000,1539473684,None,2595000000,2595000000,690000000,None,None,629000000,None,None,512000000,1481000000,1.12,0.0125,871000000,871000000,None,3.5,0.01,607000000,1119000000,0.66,2021-12-31,29.76,277000000,5366000000.0,1984000000,1170000000,578000000,338000000,338000000,None,0,None,570000000,None,None,1789000000,None,None,1906000000,None,None,None,0.146,3412000000,1392000000,772000000,227000000,1662000000,None,None,None,None,None,None,None,0.604,6.66,5.15,None,None,None,None,None,-781000000,None,0.0916,None,4675000000,2025-10-28,annual,0.67,USD,pre-market,443000000,-6724000000,0.0442,0.127,0.209,17.45,756000000,1807000000,18000000,1092000000,64.52,86.2,1.5152,11175000000,3860000000,2216000000,5523000000,7315000000,3307000000,4579000000,5609000000,57.42,-168000000,96.64,36.82
2025-12-28,GLW,1.56,14915000000.0,57.42,None,1.109,14.28,1377000000,None,1342000000,1342000000,-729000000,-1310000000,141000000,None,423000000,None,None,-274000000,776000000,1539473684,None,2595000000,2595000000,690000000,None,None,629000000,None,None,512000000,1520000000,1.12,0.0125,787000000,787000000,None,3.5,0.01,607000000,1119000000,0.66,2020-12-31,29.76,277000000,5366000000.0,1984000000,1170000000,578000000,338000000,338000000,None,0,None,570000000,None,None,1789000000,None,None,512000000,None,None,None,0.146,2180000000,1392000000,772000000,227000000,1662000000,None,None,None,None,None,None,None,0.604,6.66,5.15,None,None,None,None,None,-105000000,None,0.0916,None,4675000000,2025-10-28,annual,0.67,USD,pre-market,443000000,-6724000000,0.0442,0.127,0.209,17.45,756000000,1807000000,18000000,1092000000,64.52,86.2,1.5152,11175000000,3860000000,2216000000,5523000000,7315000000,3307000000,4579000000,5609000000,57.42,-168000000,96.64,36.82
2025-12-28,GLW,1.56,14915000000.0,57.42,None,1.109,14.28,1987000000,None,1342000000,1342000000,-47000000,-1891000000,93000000,None,-298000000,None,None,48000000,776000000,1539473684,None,2595000000,2595000000,690000000,None,None,629000000,None,None,512000000,1503000000,1.12,0.0125,742000000,742000000,None,3.5,0.01,607000000,1119000000,0.66,2019-12-31,29.76,277000000,5366000000.0,1984000000,1170000000,578000000,338000000,338000000,None,0,None,570000000,None,None,1789000000,None,None,960000000,None,None,None,0.146,2031000000,1392000000,772000000,227000000,1662000000,None,None,None,None,None,None,None,0.604,6.66,5.15,None,None,None,None,None,-940000000,None,0.0916,None,4675000000,2025-10-28,annual,0.67,USD,pre-market,443000000,-6724000000,0.0442,0.127,0.209,17.45,756000000,1807000000,18000000,1092000000,64.52,86.2,1.5152,11175000000,3860000000,2216000000,5523000000,7315000000,3307000000,4579000000,5609000000,57.42,-168000000,96.64,36.82
2025-12-28,GLW,1.56,14915000000.0,57.42,None,1.109,14.28,2242000000,None,1342000000,1342000000,-1995000000,-2887000000,-1962000000,1000000,-346000000,None,None,-154000000,776000000,1539473684,None,2595000000,2595000000,690000000,None,None,629000000,None,None,512000000,1293000000,1.12,0.0125,685000000,685000000,None,3.5,0.01,607000000,1119000000,0.66,2018-12-31,29.76,277000000,5366000000.0,1984000000,1170000000,578000000,338000000,338000000,None,0,None,570000000,None,None,1789000000,None,None,1066000000,None,None,None,0.146,2919000000,1392000000,772000000,227000000,1662000000,None,None,None,None,None,None,None,0.604,6.66,5.15,None,None,None,None,None,-2227000000,None,0.0916,None,4675000000,2025-10-28,annual,0.67,USD,pre-market,443000000,-6724000000,0.0442,0.127,0.209,17.45,756000000,1807000000,18000000,1092000000,64.52,86.2,1.5152,11175000000,3860000000,2216000000,5523000000,7315000000,3307000000,4579000000,5609000000,57.42,-168000000,96.64,36.82
2025-12-28,GLW,1.56,14915000000.0,57.42,None,1.109,14.28,1804000000,None,1342000000,1342000000,-1624000000,-1710000000,-974000000,356000000,-170000000,None,None,-225000000,776000000,1539473684,None,2595000000,2595000000,690000000,None,None,629000000,None,None,512000000,1158000000,1.12,0.0125,651000000,651000000,None,3.5,0.01,607000000,1119000000,0.66,2017-12-31,29.76,277000000,5366000000.0,1984000000,1170000000,578000000,338000000,338000000,None,0,None,570000000,None,None,1789000000,None,None,-497000000,None,None,None,0.146,2004000000,1392000000,772000000,227000000,1662000000,None,None,None,None,None,None,None,0.604,6.66,5.15,None,None,None,None,None,-2452000000,None,0.0916,None,4675000000,2025-10-28,annual,0.67,USD,pre-market,443000000,-6724000000,0.0442,0.127,0.209,17.45,756000000,1807000000,18000000,1092000000,64.52,86.2,1.5152,11175000000,3860000000,2216000000,5523000000,7315000000,3307000000,4579000000,5609000000,57.42,-168000000,96.64,36.82
2025-12-28,GLW,1.56,14915000000.0,57.42,None,1.109,14.28,1109000000,None,1342000000,1342000000,-5306000000,3683000000,791000000,-86000000,-68000000,None,None,-106000000,776000000,1539473684,None,2595000000,2595000000,690000000,None,None,629000000,None,None,512000000,1195000000,1.12,0.0125,645000000,645000000,None,3.5,0.01,607000000,1119000000,0.66,2016-12-31,29.76,277000000,5366000000.0,1984000000,1170000000,578000000,338000000,338000000,None,0,None,570000000,None,None,1789000000,None,None,3695000000,None,None,None,0.146,2500000000,1392000000,772000000,227000000,1662000000,None,None,None,None,None,None,None,0.604,6.66,5.15,None,None,None,None,None,-4243000000,None,0.0916,None,4675000000,2025-10-28,annual,0.67,USD,pre-market,443000000,-6724000000,0.0442,0.127,0.209,17.45,756000000,1807000000,18000000,1092000000,64.52,86.2,1.5152,11175000000,3860000000,2216000000,5523000000,7315000000,3307000000,4579000000,5609000000,57.42,-168000000,96.64,36.82
2025-12-28,GLW,1.56,14915000000.0,57.42,None,1.109,14.28,1250000000,None,1342000000,1342000000,-2603000000,-685000000,-809000000,-330000000,-77000000,None,None,162000000,776000000,1539473684,None,2595000000,2595000000,690000000,None,None,629000000,None,None,512000000,1184000000,1.12,0.0125,679000000,679000000,None,3.5,0.01,607000000,1119000000,0.66,2015-12-31,29.76,277000000,5366000000.0,1984000000,1170000000,578000000,338000000,338000000,None,0,None,570000000,None,None,1789000000,None,None,1339000000,None,None,None,0.146,2809000000,1392000000,772000000,227000000,1662000000,None,None,None,None,None,None,None,0.604,6.66,5.15,None,None,None,None,None,-3248000000,None,0.0916,None,4675000000,2025-10-28,annual,0.67,USD,pre-market,443000000,-6724000000,0.0442,0.127,0.209,17.45,756000000,1807000000,18000000,1092000000,64.52,86.2,1.5152,11175000000,3860000000,2216000000,5523000000,7315000000,3307000000,4579000000,5609000000,57.42,-168000000,96.64,36.82
2025-12-28,GLW,1.56,14915000000.0,57.42,None,1.109,14.28,1076000000,None,1342000000,1342000000,-2586000000,-962000000,605000000,-556000000,2000000,None,None,-16000000,776000000,1539473684,None,2595000000,2595000000,690000000,None,None,629000000,None,None,512000000,1200000000,1.12,0.0125,591000000,591000000,None,3.5,0.01,607000000,1119000000,0.66,2014-12-31,29.76,277000000,5366000000.0,1984000000,1170000000,578000000,338000000,338000000,None,0,None,570000000,None,None,1789000000,None,None,2472000000,None,None,None,0.146,4709000000,1392000000,772000000,227000000,1662000000,None,None,None,None,None,None,None,0.604,6.66,5.15,None,None,None,None,None,-2483000000,None,0.0916,None,4675000000,2025-10-28,annual,0.67,USD,pre-market,443000000,-6724000000,0.0442,0.127,0.209,17.45,756000000,1807000000,18000000,1092000000,64.52,86.2,1.5152,11175000000,3860000000,2216000000,5523000000,7315000000,3307000000,4579000000,5609000000,57.42,-168000000,96.64,36.82
2025-12-28,GLW,1.56,14915000000.0,57.42,None,1.109,14.28,1019000000,None,1342000000,1342000000,-2063000000,-1004000000,-284000000,-4000000,-247000000,None,None,-29000000,776000000,1539473684,None,2595000000,2595000000,690000000,None,None,629000000,None,None,512000000,1002000000,1.12,0.0125,566000000,566000000,None,3.5,0.01,607000000,1119000000,0.66,2013-12-31,29.76,277000000,5366000000.0,1984000000,1170000000,578000000,338000000,338000000,None,0,None,570000000,None,None,1789000000,None,None,1961000000,None,None,None,0.146,2787000000,1392000000,772000000,227000000,1662000000,None,None,None,None,None,None,None,0.604,6.66,5.15,None,None,None,None,None,-1516000000,None,0.0916,None,4675000000,2025-10-28,annual,0.67,USD,pre-market,443000000,-6724000000,0.0442,0.127,0.209,17.45,756000000,1807000000,18000000,1092000000,64.52,86.2,1.5152,11175000000,3860000000,2216000000,5523000000,7315000000,3307000000,4579000000,5609000000,57.42,-168000000,96.64,36.82
2025-12-28,GLW,1.56,14915000000.0,57.42,None,1.109,14.28,1801000000,None,1342000000,1342000000,-115000000,-2628000000,327000000,-136000000,-23000000,None,None,-272000000,776000000,1539473684,None,2595000000,2595000000,690000000,None,None,629000000,None,None,512000000,997000000,1.12,0.0125,472000000,472000000,None,3.5,0.01,607000000,1119000000,0.66,2012-12-31,29.76,277000000,5366000000.0,1984000000,1170000000,578000000,338000000,338000000,None,0,None,570000000,None,None,1789000000,None,None,1728000000,None,None,None,0.146,3206000000,1392000000,772000000,227000000,1662000000,None,None,None,None,None,None,None,0.604,6.66,5.15,None,None,None,None,None,-720000000,None,0.0916,None,4675000000,2025-10-28,annual,0.67,USD,pre-market,443000000,-6724000000,0.0442,0.127,0.209,17.45,756000000,1807000000,18000000,1092000000,64.52,86.2,1.5152,11175000000,3860000000,2216000000,5523000000,7315000000,3307000000,4579000000,5609000000,57.42,-168000000,96.64,36.82
2025-12-28,GLW,1.56,14915000000.0,57.42,None,1.109,14.28,2432000000,None,1342000000,1342000000,-980000000,-2056000000,63000000,-90000000,-201000000,None,None,-84000000,776000000,1539473684,None,2595000000,2595000000,690000000,None,None,629000000,None,None,512000000,957000000,1.12,0.0125,354000000,354000000,None,3.5,0.01,607000000,1119000000,0.66,2011-12-31,29.76,277000000,5366000000.0,1984000000,1170000000,578000000,338000000,338000000,None,0,None,570000000,None,None,1789000000,None,None,2805000000,None,None,None,0.146,3189000000,1392000000,772000000,227000000,1662000000,None,None,None,None,None,None,None,0.604,6.66,5.15,None,None,None,None,None,-780000000,None,0.0916,None,4675000000,2025-10-28,annual,0.67,USD,pre-market,443000000,-6724000000,0.0442,0.127,0.209,17.45,756000000,1807000000,18000000,1092000000,64.52,86.2,1.5152,11175000000,3860000000,2216000000,5523000000,7315000000,3307000000,4579000000,5609000000,57.42,-168000000,96.64,36.82
2025-12-28,GLW,1.56,14915000000.0,57.42,None,1.109,14.28,1007000000,None,1342000000,1342000000,-2000000,-1769000000,2057000000,-7000000,-160000000,None,None,-162000000,776000000,1539473684,None,2595000000,2595000000,690000000,None,None,629000000,None,None,512000000,854000000,1.12,0.0125,313000000,313000000,None,3.5,0.01,607000000,1119000000,0.66,2010-12-31,29.76,277000000,5366000000.0,1984000000,1170000000,578000000,338000000,338000000,None,0,None,570000000,None,None,1789000000,None,None,3558000000,None,None,None,0.146,3835000000,1392000000,772000000,227000000,1662000000,None,None,None,None,None,None,None,0.604,6.66,5.15,None,None,None,None,None,744000000,None,0.0916,None,4675000000,2025-10-28,annual,0.67,USD,pre-market,443000000,-6724000000,0.0442,0.127,0.209,17.45,756000000,1807000000,18000000,1092000000,64.52,86.2,1.5152,11175000000,3860000000,2216000000,5523000000,7315000000,3307000000,4579000000,5609000000,57.42,-168000000,96.64,36.82
2025-12-28,GLW,1.56,14915000000.0,57.42,None,1.109,14.28,890000000,None,1342000000,1342000000,-15000000,-1370000000,668000000,-24000000,238000000,None,None,-201000000,776000000,1539473684,None,2595000000,2595000000,690000000,None,None,629000000,None,None,512000000,792000000,1.12,0.0125,312000000,312000000,None,3.5,0.01,607000000,1119000000,0.66,2009-12-31,29.76,277000000,5366000000.0,1984000000,1170000000,578000000,338000000,338000000,None,0,None,570000000,None,None,1789000000,None,None,2008000000,None,None,None,0.146,2077000000,1392000000,772000000,227000000,1662000000,None,None,None,None,None,None,None,0.604,6.66,5.15,None,None,None,None,None,370000000,None,0.0916,None,4675000000,2025-10-28,annual,0.67,USD,pre-market,443000000,-6724000000,0.0442,0.127,0.209,17.45,756000000,1807000000,18000000,1092000000,64.52,86.2,1.5152,11175000000,3860000000,2216000000,5523000000,7315000000,3307000000,4579000000,5609000000,57.42,-168000000,96.64,36.82
2025-12-28,GLW,1.56,14915000000.0,57.42,None,1.109,14.28,1921000000,None,1342000000,1342000000,-798000000,-1699000000,None,None,-136000000,None,None,None,776000000,1539473684,None,2595000000,2595000000,690000000,None,None,629000000,None,None,512000000,695000000,1.12,0.0125,313000000,313000000,None,3.5,0.01,607000000,1119000000,0.66,2008-12-31,29.76,277000000,5366000000.0,1984000000,1170000000,578000000,338000000,338000000,None,0,None,570000000,None,None,1789000000,None,None,5257000000,None,None,None,0.146,2128000000,1392000000,772000000,227000000,1662000000,None,None,None,None,None,None,None,0.604,6.66,5.15,None,None,None,None,None,-625000000,None,0.0916,None,4675000000,2025-10-28,annual,0.67,USD,pre-market,443000000,-6724000000,0.0442,0.127,0.209,17.45,756000000,1807000000,18000000,1092000000,64.52,86.2,1.5152,11175000000,3860000000,2216000000,5523000000,7315000000,3307000000,4579000000,5609000000,57.42,-168000000,96.64,36.82
2025-12-28,GLW,1.56,14915000000.0,57.42,None,1.109,14.28,1267000000,None,1342000000,1342000000,-539000000,-561000000,None,None,5000000,None,None,None,776000000,1539473684,None,2595000000,2595000000,690000000,None,None,629000000,None,None,512000000,607000000,1.12,0.0125,159000000,159000000,None,3.5,0.01,607000000,1119000000,0.66,2007-12-31,29.76,277000000,5366000000.0,1984000000,1170000000,578000000,338000000,338000000,None,0,None,570000000,None,None,1789000000,None,None,2150000000,None,None,None,0.146,2077000000,1392000000,772000000,227000000,1662000000,None,None,None,None,None,None,None,0.604,6.66,5.15,None,None,None,None,None,-250000000,None,0.0916,None,4675000000,2025-10-28,annual,0.67,USD,pre-market,443000000,-6724000000,0.0442,0.127,0.209,17.45,756000000,1807000000,18000000,1092000000,64.52,86.2,1.5152,11175000000,3860000000,2216000000,5523000000,7315000000,3307000000,4579000000,5609000000,57.42,-168000000,96.64,36.82
2025-12-28,GLW,1.56,14915000000.0,57.42,None,1.109,14.28,1182000000,None,1342000000,1342000000,180000000,-2181000000,None,None,-65000000,None,None,None,776000000,1539473684,None,2595000000,2595000000,690000000,None,None,629000000,None,None,512000000,591000000,1.12,0.0125,421121000000,421121000000,None,3.5,0.01,607000000,1119000000,0.66,2006-12-31,29.76,277000000,5366000000.0,1984000000,1170000000,578000000,338000000,338000000,None,0,None,570000000,None,None,1789000000,None,None,1855000000,None,None,None,0.146,1803000000,1392000000,772000000,227000000,1662000000,None,None,None,None,None,None,None,0.604,6.66,5.15,None,None,None,None,None,None,None,0.0916,None,4675000000,2025-10-28,annual,0.67,USD,pre-market,443000000,-6724000000,0.0442,0.127,0.209,17.45,756000000,1807000000,18000000,1092000000,64.52,86.2,1.5152,11175000000,3860000000,2216000000,5523000000,7315000000,3307000000,4579000000,5609000000,57.42,-168000000,96.64,36.82
2025-12-28,GLW,1.56,14915000000.0,57.42,None,1.109,14.28,1553000000,None,1342000000,1342000000,147000000,-1712000000,None,None,-62000000,None,None,None,776000000,1539473684,None,2595000000,2595000000,690000000,None,None,629000000,None,None,512000000,512000000,1.12,0.0125,None,None,None,3.5,0.01,607000000,1119000000,0.66,2005-12-31,29.76,277000000,5366000000.0,1984000000,1170000000,578000000,338000000,338000000,None,0,None,570000000,None,None,1789000000,None,None,585000000,None,None,None,0.146,1939000000,1392000000,772000000,227000000,1662000000,None,None,None,None,None,None,None,0.604,6.66,5.15,None,None,None,None,None,None,None,0.0916,None,4675000000,2025-10-28,annual,0.67,USD,pre-market,443000000,-6724000000,0.0442,0.127,0.209,17.45,756000000,1807000000,18000000,1092000000,64.52,86.2,1.5152,11175000000,3860000000,2216000000,5523000000,7315000000,3307000000,4579000000,5609000000,57.42,-168000000,96.64,36.82
