date,symbol,eps,revenue_ttm,accumulateddepreciationamortizationppe,beta,book_value,capitalexpenditures,capitalleaseobligations,cashandcashequivalentsatcarryingvalue,cashandshortterminvestments,cashflowfromfinancing,cashflowfrominvestment,changeincashandcashequivalents,changeinexchangerate,changeininventory,changeinoperatingassets,changeinoperatingliabilities,changeinreceivables,commonstock,commonstocksharesoutstanding,comprehensiveincomenetoftax,costofgoodsandservicessold,costofrevenue,currentaccountspayable,currentdebt,currentlongtermdebt,currentnetreceivables,deferredrevenue,depreciation,depreciationandamortization,depreciationdepletionandamortization,dividendpayout,dividendpayoutcommonstock,dividendpayoutpreferredstock,earnings_growth_yoy,earnings_surprise,ebit,ebitda,estimated_eps,fiscaldateending,forward_pe,goodwill,gross_profit_ttm,grossprofit,incomebeforetax,incometaxexpense,intangibleassets,intangibleassetsexcludinggoodwill,interestanddebtexpense,interestexpense,interestincome,inventory,investmentincomenet,investments,longtermdebt,longtermdebtnoncurrent,longterminvestments,netincome,netincomefromcontinuingoperations,netinterestincome,noninterestincome,operating_margin_ttm,operatingcashflow,operatingexpenses,operatingincome,othercurrentassets,othercurrentliabilities,othernoncurrentassets,othernoncurrentliabilities,othernonoperatingincome,paymentsforoperatingactivities,paymentsforrepurchaseofcommonstock,paymentsforrepurchaseofequity,paymentsforrepurchaseofpreferredstock,peg_ratio,price_to_book,price_to_sales_ttm,proceedsfromissuanceofcommonstock,proceedsfromissuanceoflongtermdebtandcapitalsecuritiesnet,proceedsfromissuanceofpreferredstock,proceedsfromoperatingactivities,proceedsfromrepaymentsofshorttermdebt,proceedsfromrepurchaseofequity,proceedsfromsaleoftreasurystock,profit_margin,profitloss,propertyplantequipment,report_date,report_type,reported_eps,reportedcurrency,reporttime,researchanddevelopment,retainedearnings,return_on_assets_ttm,return_on_equity_ttm,revenue_growth_yoy,revenue_per_share_ttm,sellinggeneralandadministrative,shortlongtermdebttotal,shorttermdebt,shortterminvestments,sma_200,sma_50,surprise_pct,totalassets,totalcurrentassets,totalcurrentliabilities,totalliabilities,totalnoncurrentassets,totalnoncurrentliabilities,totalrevenue,totalshareholderequity,treasurystock,week_52_high,week_52_low
2013-06-30,GOGO,,,,,,,,,,,,,,,,,,,,,,,,,,,,,,,,,,,0.14,,,-0.37,,,,,,,,,,,,,,,,,,,,,,,,,,,,,,,,,,,,,,,,,,,,,,,,,2013-08-07,,-0.23,,pre-market,,,,,,,,,,,,,37.8378,,,,,,,,,,,
2013-09-30,GOGO,,,,,,,,,,,,,,,,,,,,,,,,,,,,,,,,,,,0.07,,,-0.29,,,,,,,,,,,,,,,,,,,,,,,,,,,,,,,,,,,,,,,,,,,,,,,,,2013-11-11,,-0.22,,pre-market,,,,,,,,,,,,,24.1379,,,,,,,,,,,
2013-12-31,GOGO,,,,,,,,,,,,,,,,,,,,,,,,,,,,,,,,,,,0.01,,,-0.27,,,,,,,,,,,,,,,,,,,,,,,,,,,,,,,,,,,,,,,,,,,,,,,,,2014-03-13,,-0.26,,pre-market,,,,,,,,,,,,,3.7037,,,,,,,,,,,
2014-03-31,GOGO,,,,,,,,,,,,,,,,,,,,,,,,,,,,,,,,,,,0.05,,,-0.25,,,,,,,,,,,,,,,,,,,,,,,,,,,,,,,,,,,,,,,,,,,,,,,,,2014-05-12,,-0.2,,pre-market,,,,,,,,,,,,,20.0,,,,,,,,,,,
2014-06-30,GOGO,,,,,,,,,,,,,,,,,,,,,,,,,,,,,,,,,,,0.01,,,-0.23,,,,,,,,,,,,,,,,,,,,,,,,,,,,,,,,,,,,,,,,,,,,,,,,,2014-08-11,,-0.22,,pre-market,,,,,,,,,,,,,4.3478,,,,,,,,,,,
2014-09-30,GOGO,,,,,,,,,,,,,,,,,,,,,,,,,,,,,,,,,,,-0.03,,,-0.26,,,,,,,,,,,,,,,,,,,,,,,,,,,,,,,,,,,,,,,,,,,,,,,,,2014-11-10,,-0.29,,pre-market,,,,,,,,,,,,,-11.5385,,,,,,,,,,,
2014-12-31,GOGO,,,,,,,,,,,,,,,,,,,,,,,,,,,,,,,,,,,0.03,,,-0.31,,,,,,,,,,,,,,,,,,,,,,,,,,,,,,,,,,,,,,,,,,,,,,,,,2015-02-26,,-0.28,,pre-market,,,,,,,,,,,,,9.6774,,,,,,,,,,,
2015-03-31,GOGO,,,,,,,,,,,,,,,,,,,,,,,,,,,,,,,,,,,0.04,,,-0.28,,,,,,,,,,,,,,,,,,,,,,,,,,,,,,,,,,,,,,,,,,,,,,,,,2015-05-07,,-0.24,,pre-market,,,,,,,,,,,,,14.2857,,,,,,,,,,,
2015-06-30,GOGO,,,,,,,,,,,,,,,,,,,,,,,,,,,,,,,,,,,-0.01,,,-0.31,,,,,,,,,,,,,,,,,,,,,,,,,,,,,,,,,,,,,,,,,,,,,,,,,2015-08-06,,-0.32,,pre-market,,,,,,,,,,,,,-3.2258,,,,,,,,,,,
2015-09-30,GOGO,,,,,,,,,,,,,,,,,,,,,,,,,,,,,,,,,,,0.04,,,-0.41,,,,,,,,,,,,,,,,,,,,,,,,,,,,,,,,,,,,,,,,,,,,,,,,,2015-11-05,,-0.37,,pre-market,,,,,,,,,,,,,9.7561,,,,,,,,,,,
2015-12-31,GOGO,,,,,,,,,,,,,,,,,,,,,,,,,,,,,,,,,,,0.0,,,-0.43,,,,,,,,,,,,,,,,,,,,,,,,,,,,,,,,,,,,,,,,,,,,,,,,,2016-02-25,,-0.43,,pre-market,,,,,,,,,,,,,0.0,,,,,,,,,,,
2016-03-31,GOGO,,,,,,,,,,,,,,,,,,,,,,,,,,,,,,,,,,,0.11,,,-0.41,,,,,,,,,,,,,,,,,,,,,,,,,,,,,,,,,,,,,,,,,,,,,,,,,2016-05-06,,-0.3,,pre-market,,,,,,,,,,,,,26.8293,,,,,,,,,,,
2016-06-30,GOGO,,,,,,,,,,,,,,,,,,,,,,,,,,,,,,,,,,,0.1,,,-0.41,,,,,,,,,,,,,,,,,,,,,,,,,,,,,,,,,,,,,,,,,,,,,,,,,2016-08-04,,-0.31,,pre-market,,,,,,,,,,,,,24.3902,,,,,,,,,,,
2016-09-30,GOGO,,,,,,,,,,,,,,,,,,,,,,,,,,,,,,,,,,,0.01,,,-0.43,,,,,,,,,,,,,,,,,,,,,,,,,,,,,,,,,,,,,,,,,,,,,,,,,2016-11-03,,-0.42,,pre-market,,,,,,,,,,,,,2.3256,,,,,,,,,,,
2016-12-31,GOGO,,,,,,,,,,,,,,,,,,,,,,,,,,,,,,,,,,,0.11,,,-0.45,,,,,,,,,,,,,,,,,,,,,,,,,,,,,,,,,,,,,,,,,,,,,,,,,2017-02-27,,-0.34,,pre-market,,,,,,,,,,,,,24.4444,,,,,,,,,,,
2017-03-31,GOGO,,,,,,,,,,,,,,,,,,,,,,,,,,,,,,,,,,,0.0,,,-0.52,,,,,,,,,,,,,,,,,,,,,,,,,,,,,,,,,,,,,,,,,,,,,,,,,2017-05-04,,-0.52,,pre-market,,,,,,,,,,,,,0.0,,,,,,,,,,,
2017-06-30,GOGO,,,,,,,,,,,,,,,,,,,,,,,,,,,,,,,,,,,-0.06,,,-0.5,,,,,,,,,,,,,,,,,,,,,,,,,,,,,,,,,,,,,,,,,,,,,,,,,2017-08-07,,-0.56,,pre-market,,,,,,,,,,,,,-12.0,,,,,,,,,,,
2017-09-30,GOGO,,,,,,,,,,,,,,,,,,,,,,,,,,,,,,,,,,,0.0,,,-0.51,,,,,,,,,,,,,,,,,,,,,,,,,,,,,,,,,,,,,,,,,,,,,,,,,2017-11-02,,-0.51,,pre-market,,,,,,,,,,,,,0.0,,,,,,,,,,,
2017-12-31,GOGO,,,,,,,,,,,,,,,,,,,,,,,,,,,,,,,,,,,-0.04,,,-0.48,,,,,,,,,,,,,,,,,,,,,,,,,,,,,,,,,,,,,,,,,,,,,,,,,2018-02-22,,-0.52,,pre-market,,,,,,,,,,,,,-8.3333,,,,,,,,,,,
2018-03-31,GOGO,,,,,,,,,,,,,,,,,,,,,,,,,,,,,,,,,,,0.0,,,-0.58,,,,,,,,,,,,,,,,,,,,,,,,,,,,,,,,,,,,,,,,,,,,,,,,,2018-05-04,,-0.58,,pre-market,,,,,,,,,,,,,0.0,,,,,,,,,,,
2018-06-30,GOGO,,,,,,,,,,,,,,,,,,,,,,,,,,,,,,,,,,,0.27,,,-0.74,,,,,,,,,,,,,,,,,,,,,,,,,,,,,,,,,,,,,,,,,,,,,,,,,2018-08-08,,-0.47,,pre-market,,,,,,,,,,,,,36.4865,,,,,,,,,,,
2018-09-30,GOGO,,,,,,,,,,,,,,,,,,,,,,,,,,,,,,,,,,,0.25,,,-0.72,,,,,,,,,,,,,,,,,,,,,,,,,,,,,,,,,,,,,,,,,,,,,,,,,2018-11-06,,-0.47,,pre-market,,,,,,,,,,,,,34.7222,,,,,,,,,,,
2018-12-31,GOGO,,,,,,,,,,,,,,,,,,,,,,,,,,,,,,,,,,,0.0,,,-0.74,,,,,,,,,,,,,,,,,,,,,,,,,,,,,,,,,,,,,,,,,,,,,,,,,2019-02-21,,-0.74,,pre-market,,,,,,,,,,,,,0.0,,,,,,,,,,,
2019-03-31,GOGO,,,,,,,,,,,,,,,,,,,,,,,,,,,,,,,,,,,0.25,,,-0.5,,,,,,,,,,,,,,,,,,,,,,,,,,,,,,,,,,,,,,,,,,,,,,,,,2019-05-09,,-0.25,,pre-market,,,,,,,,,,,,,50.0,,,,,,,,,,,
2019-06-30,GOGO,,,,,,,,,,,,,,,,,,,,,,,,,,,,,,,,,,,0.25,,,-0.57,,,,,,,,,,,,,,,,,,,,,,,,,,,,,,,,,,,,,,,,,,,,,,,,,2019-08-08,,-0.32,,pre-market,,,,,,,,,,,,,43.8596,,,,,,,,,,,
2019-09-30,GOGO,,,,,,,,,,,,,,,,,,,,,,,,,,,,,,,,,,,0.28,,,-0.56,,,,,,,,,,,,,,,,,,,,,,,,,,,,,,,,,,,,,,,,,,,,,,,,,2019-11-07,,-0.28,,pre-market,,,,,,,,,,,,,50.0,,,,,,,,,,,
2019-12-31,GOGO,,,,,,,,,,,,,,,,,,,,,,,,,,,,,,,,,,,0.21,,,-0.49,,,,,,,,,,,,,,,,,,,,,,,,,,,,,,,,,,,,,,,,,,,,,,,,,2020-03-13,,-0.28,,pre-market,,,,,,,,,,,,,42.8571,,,,,,,,,,,
2020-03-31,GOGO,,,,,,,,,,,,,,,,,,,,,,,,,,,,,,,,,,,-0.1,,,-0.37,,,,,,,,,,,,,,,,,,,,,,,,,,,,,,,,,,,,,,,,,,,,,,,,,2020-05-11,,-0.47,,pre-market,,,,,,,,,,,,,-27.027,,,,,,,,,,,
2020-06-30,GOGO,,,,,,,,,,,,,,,,,,,,,,,,,,,,,,,,,,,-0.17,,,-0.88,,,,,,,,,,,,,,,,,,,,,,,,,,,,,,,,,,,,,,,,,,,,,,,,,2020-08-10,,-1.05,,pre-market,,,,,,,,,,,,,-19.3182,,,,,,,,,,,
2020-09-30,GOGO,,,,,,,,,,,,,,,,,,,,,,,,,,,,,,,,,,,-0.2,,,-0.77,,,,,,,,,,,,,,,,,,,,,,,,,,,,,,,,,,,,,,,,,,,,,,,,,2020-11-09,,-0.97,,pre-market,,,,,,,,,,,,,-25.974,,,,,,,,,,,
2020-12-31,GOGO,,,,,,,,,,,,,,,,,,,,,,,,,,,,,,,,,,,0.33,,,-0.32,,,,,,,,,,,,,,,,,,,,,,,,,,,,,,,,,,,,,,,,,,,,,,,,,2021-03-11,,0.01,,pre-market,,,,,,,,,,,,,103.125,,,,,,,,,,,
2021-03-31,GOGO,,,,,,,,,,,,,,,,,,,,,,,,,,,,,,,,,,,0.04,,,-0.13,,,,,,,,,,,,,,,,,,,,,,,,,,,,,,,,,,,,,,,,,,,,,,,,,2021-05-06,,-0.09,,pre-market,,,,,,,,,,,,,30.7692,,,,,,,,,,,
2021-06-30,GOGO,,,,,,,,,,,,,,,,,,,,,,,,,,,,,,,,,,,-0.58,,,-0.05,,,,,,,,,,,,,,,,,,,,,,,,,,,,,,,,,,,,,,,,,,,,,,,,,2021-08-05,,-0.63,,pre-market,,,,,,,,,,,,,-1160.0,,,,,,,,,,,
2021-09-30,GOGO,,,,,,,,,,,,,,,,,,,,,,,,,,,,,,,,,,,0.07,,,0.09,,,,,,,,,,,,,,,,,,,,,,,,,,,,,,,,,,,,,,,,,,,,,,,,,2021-11-04,,0.16,,pre-market,,,,,,,,,,,,,77.7778,,,,,,,,,,,
2021-12-31,GOGO,,,,,,,,,,,,,,,,,,,,,,,,,,,,,,,,,,,1.52,,,0.08,,,,,,,,,,,,,,,,,,,,,,,,,,,,,,,,,,,,,,,,,,,,,,,,,2022-03-03,,1.6,,pre-market,,,,,,,,,,,,,1900.0,,,,,,,,,,,
2022-03-31,GOGO,,,,,,,,,,,,,,,,,,,,,,,,,,,,,,,,,,,0.05,,,0.13,,,,,,,,,,,,,,,,,,,,,,,,,,,,,,,,,,,,,,,,,,,,,,,,,2022-05-05,,0.18,,pre-market,,,,,,,,,,,,,38.4615,,,,,,,,,,,
2022-06-30,GOGO,,,,,,,,,,,,,,,,,,,,,,,,,,,,,,,,,,,0.03,,,0.14,,,,,,,,,,,,,,,,,,,,,,,,,,,,,,,,,,,,,,,,,,,,,,,,,2022-08-05,,0.17,,pre-market,,,,,,,,,,,,,21.4286,,,,,,,,,,,
2022-09-30,GOGO,,,,,,,,,,,,,,,,,,,,,,,,,,,,,,,,,,,0.0,,,0.15,,,,,,,,,,,,,,,,,,,,,,,,,,,,,,,,,,,,,,,,,,,,,,,,,2022-11-03,,0.15,,pre-market,,,,,,,,,,,,,0.0,,,,,,,,,,,
2022-12-31,GOGO,,,,,,,,,,,,,,,,,,,,,,,,,,,,,,,,,,,0.05,,,0.16,,,,,,,,,,,,,,,,,,,,,,,,,,,,,,,,,,,,,,,,,,,,,,,,,2023-02-28,,0.21,,pre-market,,,,,,,,,,,,,31.25,,,,,,,,,,,
2023-03-31,GOGO,,,,,,,,,,,,,,,,,,,,,,,,,,,,,,,,,,,0.01,,,0.14,,,,,,,,,,,,,,,,,,,,,,,,,,,,,,,,,,,,,,,,,,,,,,,,,2023-05-03,,0.15,,pre-market,,,,,,,,,,,,,7.1429,,,,,,,,,,,
2023-06-30,GOGO,,,,,,,,,,,,,,,,,,,,,,,,,,,,,,,,,,,0.53,,,0.14,,,,,,,,,,,,,,,,,,,,,,,,,,,,,,,,,,,,,,,,,,,,,,,,,2023-08-07,,0.67,,pre-market,,,,,,,,,,,,,378.5714,,,,,,,,,,,
2023-09-30,GOGO,,,,,,,,,,,,,,,,,,,,,,,,,,,,,,,,,,,0.02,,,0.14,,,,,,,,,,,,,,,,,,,,,,,,,,,,,,,,,,,,,,,,,,,,,,,,,2023-11-07,,0.16,,pre-market,,,,,,,,,,,,,14.2857,,,,,,,,,,,
2023-12-31,GOGO,,,,,,,,,,,,,,,,,,,,,,,,,,,,,,,,,,,0.01,,,0.1,,,,,,,,,,,,,,,,,,,,,,,,,,,,,,,,,,,,,,,,,,,,,,,,,2024-02-28,,0.11,,pre-market,,,,,,,,,,,,,10.0,,,,,,,,,,,
2024-03-31,GOGO,,,,,,,,,,,,,,,,,,,,,,,,,,,,,,,,,,,0.16,,,0.07,,,,,,,,,,,,,,,,,,,,,,,,,,,,,,,,,,,,,,,,,,,,,,,,,2024-05-07,,0.23,,pre-market,,,,,,,,,,,,,228.5714,,,,,,,,,,,
2024-06-30,GOGO,,,,,,,,,,,,,,,,,,,,,,,,,,,,,,,,,,,-0.06,,,0.07,,,,,,,,,,,,,,,,,,,,,,,,,,,,,,,,,,,,,,,,,,,,,,,,,2024-08-07,,0.01,,pre-market,,,,,,,,,,,,,-85.7143,,,,,,,,,,,
2024-09-30,GOGO,,,,,,,,,,,,,,,,,,,,,,,,,,,,,,,,,,,0.08,,,0.05,,,,,,,,,,,,,,,,,,,,,,,,,,,,,,,,,,,,,,,,,,,,,,,,,2024-11-05,,0.13,,pre-market,,,,,,,,,,,,,160.0,,,,,,,,,,,
2024-12-31,GOGO,,,,,,,,,,,,,,,,,,,,,,,,,,,,,,,,,,,-0.0284,,,0.09,,,,,,,,,,,,,,,,,,,,,,,,,,,,,,,,,,,,,,,,,,,,,,,,,2025-02-26,,0.0616,,pre-market,,,,,,,,,,,,,-31.5556,,,,,,,,,,,
2025-03-31,GOGO,,,,,,,,,,,,,,,,,,,,,,,,,,,,,,,,,,,0.064,,,0.06,,,,,,,,,,,,,,,,,,,,,,,,,,,,,,,,,,,,,,,,,,,,,,,,,2025-05-05,,0.124,,pre-market,,,,,,,,,,,,,106.6667,,,,,,,,,,,
2025-06-30,GOGO,,,,,,,,,,,,,,,,,,,,,,,,,,,,,,,,,,,-0.01,,,0.1,,,,,,,,,,,,,,,,,,,,,,,,,,,,,,,,,,,,,,,,,,,,,,,,,2025-08-07,,0.09,,pre-market,,,,,,,,,,,,,-10.0,,,,,,,,,,,
2025-09-30,GOGO,,,,,,,,,,,,,,,,,,,,,,,,,,,,,,,,,,,0.0341,,,0.09,,,,,,,,,,,,,,,,,,,,,,,,,,,,,,,,,,,,,,,,,,,,,,,,,2025-10-30,,0.1241,,pre-market,,,,,,,,,,,,,37.8889,,,,,,,,,,,
2025-12-28,GOGO,-0.05,817729000.0,,0.896,0.799,,,,,,,,,,,,,,,,,,,,,,,,,,,,,12.76,0.0341,,,0.09,,6.23,,389240000.0,,,,,,,,,,,,,,,,,,,0.129,,,,,,,,,,,,,-0.43,5.77,0.755,,,,,,,,-0.0065,,,2025-10-30,,0.1241,,pre-market,,,0.0855,-0.0663,1.224,6.19,,,,,9.99,7.14,37.8889,,,,,,,,,,16.82,4.44
2025-12-28,GOGO,-0.05,817729000.0,,0.896,0.799,,,,,,,,,,,,,,,None,91593000,91593000,,,,,,None,15214000,,,,,12.76,0.0341,17118000,32332000,0.09,2025-09-30,6.23,,389240000.0,131992000,-563000,1367000,,,None,17681000,3492000,,None,,,,,-1930000,-1930000,-16202000,None,0.129,,103249000,28743000,,,,,None,,,,,-0.43,5.77,0.755,,,,,,,,-0.0065,,,2025-10-30,quarterly,0.1241,USD,pre-market,15681000,,0.0855,-0.0663,1.224,6.19,27858000,,,,9.99,7.14,37.8889,,,,,,,223585000,,,16.82,4.44
2025-12-28,GOGO,-0.05,817729000.0,,0.896,0.799,,,,,,,,,,,,,,,None,119064000,119064000,,,,,,None,15117000,,,,,12.76,0.0341,35507000,50624000,0.09,2025-06-30,6.23,,389240000.0,106974000,16981000,4174000,,,None,16411000,4159000,,None,,,,,12807000,12807000,-15229000,None,0.129,,71013000,35961000,,,,,None,,,,,-0.43,5.77,0.755,,,,,,,,-0.0065,,,2025-10-30,quarterly,0.1241,USD,pre-market,12522000,,0.0855,-0.0663,1.224,6.19,28633000,,,,9.99,7.14,37.8889,,,,,,,226038000,,,16.82,4.44
2025-12-28,GOGO,-0.05,817729000.0,,0.896,0.799,,,,,,,,,,,,,,,None,94047000,94047000,,,,,,None,14143000,,,,,12.76,0.0341,35543000,49686000,0.09,2025-03-31,6.23,,389240000.0,136260000,18985000,6943000,,,None,16558000,3518000,,None,,,,,12042000,12042000,-15968000,None,0.129,,101073000,35187000,,,,,None,,,,,-0.43,5.77,0.755,,,,,,,,-0.0065,,,2025-10-30,quarterly,0.1241,USD,pre-market,13875000,,0.0855,-0.0663,1.224,6.19,29519000,,,,9.99,7.14,37.8889,,,,,,,230307000,,,16.82,4.44
2025-12-28,GOGO,-0.05,817729000.0,,0.896,0.799,,,,,,,,,,,,,,,None,63427000,63427000,,,,,,None,7229000,,,,,12.76,0.0341,-21528000,-14299000,0.09,2024-12-31,6.23,,389240000.0,74372000,-36400000,-8187000,,,None,12238000,5073000,,None,,,,,-28213000,-28213000,-10489000,None,0.129,,98527000,-24155000,,,,,None,,,,,-0.43,5.77,0.755,,,,,,,,-0.0065,,,2025-10-30,quarterly,0.1241,USD,pre-market,15493000,,0.0855,-0.0663,1.224,6.19,63655000,,,,9.99,7.14,37.8889,,,,,,,137799000,,,16.82,4.44
2025-12-28,GOGO,-0.05,817729000.0,,0.896,0.799,,,,,,,,,,,,,,,None,34216000,34216000,,,,,,None,4015000,,,,,12.76,0.0341,25931000,29946000,0.09,2024-09-30,6.23,,389240000.0,66313000,12152000,1522000,,,None,9670000,7149000,,None,,,,,10630000,10630000,-7251000,None,0.129,,47242000,19071000,,,,,None,,,,,-0.43,5.77,0.755,,,,,,,,-0.0065,,,2025-10-30,quarterly,0.1241,USD,pre-market,9759000,,0.0855,-0.0663,1.224,6.19,24917000,,,,9.99,7.14,37.8889,,,,,,,100529000,,,16.82,4.44
2025-12-28,GOGO,-0.05,817729000.0,,0.896,0.799,,,,,,,,,,,,,,,None,35303000,35303000,,,,,,None,3887000,,,,,12.76,0.0341,14945000,18832000,0.09,2024-06-30,6.23,,389240000.0,66756000,971000,132000,,,None,8113000,8584000,,None,,,,,839000,839000,-5993000,None,0.129,,45075000,21681000,,,,,None,,,,,-0.43,5.77,0.755,,,,,,,,-0.0065,,,2025-10-30,quarterly,0.1241,USD,pre-market,10304000,,0.0855,-0.0663,1.224,6.19,21848000,,,,9.99,7.14,37.8889,,,,,,,102059000,,,16.82,4.44
2025-12-28,GOGO,-0.05,817729000.0,,0.896,0.799,,,,,,,,,,,,,,,None,33657000,33657000,,,,,,None,3841000,,,,,12.76,0.0341,55632000,59473000,0.09,2024-03-31,6.23,,389240000.0,70665000,41411000,10921000,,,None,8410000,8453000,,None,,,,,30490000,30490000,-6362000,None,0.129,,35991000,34674000,,,,,None,,,,,-0.43,5.77,0.755,,,,,,,,-0.0065,,,2025-10-30,quarterly,0.1241,USD,pre-market,9216000,,0.0855,-0.0663,1.224,6.19,14651000,,,,9.99,7.14,37.8889,,,,,,,104322000,,,16.82,4.44
2025-12-28,GOGO,-0.05,817729000.0,,0.896,0.799,,,,,,,,,,,,,,,None,37915000,37915000,,,,,,None,4679000,,,,,12.76,0.0341,27352000,32031000,0.09,2023-12-31,6.23,,389240000.0,59895000,19103000,4636000,,,None,8249000,8536000,,None,,,,,14467000,14467000,-6355000,None,0.129,,35019000,24876000,,,,,None,,,,,-0.43,5.77,0.755,,,,,,,,-0.0065,,,2025-10-30,quarterly,0.1241,USD,pre-market,10424000,,0.0855,-0.0663,1.224,6.19,16546000,,,,9.99,7.14,37.8889,,,,,,,97810000,,,16.82,4.44
2025-12-28,GOGO,-0.05,817729000.0,,0.896,0.799,,,,,,,,,,,,,,,None,30436000,30436000,,,,,,None,4692000,,,,,12.76,0.0341,41736000,46428000,0.09,2023-09-30,6.23,,389240000.0,67513000,27641000,6728000,,,None,8025000,1622000,,None,,,,,20913000,20913000,-6403000,None,0.129,,34197000,33316000,,,,,None,,,,,-0.43,5.77,0.755,,,,,,,,-0.0065,,,2025-10-30,quarterly,0.1241,USD,pre-market,9154000,,0.0855,-0.0663,1.224,6.19,13336000,,,,9.99,7.14,37.8889,,,,,,,97949000,,,16.82,4.44
2025-12-28,GOGO,-0.05,817729000.0,,0.896,0.799,,,,,,,,,,,,,,,None,34356000,34356000,,,,,,None,4539000,,,,,12.76,0.0341,40623000,45162000,0.09,2023-06-30,6.23,,389240000.0,68865000,26022000,-63827000,,,None,7806000,1971000,,None,,,,,89849000,89849000,-5835000,None,0.129,,34820000,34045000,,,,,-217000,,,,,-0.43,5.77,0.755,,,,,,,,-0.0065,,,2025-10-30,quarterly,0.1241,USD,pre-market,9226000,,0.0855,-0.0663,1.224,6.19,13199000,,,,9.99,7.14,37.8889,,,,,,,103221000,,,16.82,4.44
2025-12-28,GOGO,-0.05,817729000.0,,0.896,0.799,,,,,,,,,,,,,,,None,34923000,34923000,,,,,,None,2791000,,,,,12.76,0.0341,39576000,42367000,0.09,2023-03-31,6.23,,389240000.0,63674000,24837000,4388000,,,None,8976000,1916000,,None,,,,,20449000,20449000,-7060000,None,0.129,,31746000,31928000,,,,,1885000,,,,,-0.43,5.77,0.755,,,,,,,,-0.0065,,,2025-10-30,quarterly,0.1241,USD,pre-market,7879000,,0.0855,-0.0663,1.224,6.19,14199000,,,,9.99,7.14,37.8889,,,,,,,98597000,,,16.82,4.44
2025-12-28,GOGO,-0.05,817729000.0,,0.896,0.799,,,,,,,,,,,,,,,None,37807000,37807000,,,,,,None,2574000,,,,,12.76,0.0341,44680000,47254000,0.09,2022-12-31,6.23,,389240000.0,70356000,30709000,3039000,,,None,9430000,1455000,,None,,,,,27670000,27670000,-7975000,None,0.129,,31661000,38695000,,,,,None,,,,,-0.43,5.77,0.755,,,,,,,,-0.0065,,,2025-10-30,quarterly,0.1241,USD,pre-market,8241000,,0.0855,-0.0663,1.224,6.19,13914000,,,,9.99,7.14,37.8889,,,,,,,108163000,,,16.82,4.44
2025-12-28,GOGO,-0.05,817729000.0,,0.896,0.799,,,,,,,,,,,,,,,None,36558000,36558000,,,,,,None,2716000,,,,,12.76,0.0341,38869000,41585000,0.09,2022-09-30,6.23,,389240000.0,68760000,28156000,7980000,,,None,8781000,3285000,,None,,,,,20176000,20176000,-8091000,None,0.129,,32418000,36342000,,,,,595000,,,,,-0.43,5.77,0.755,,,,,,,,-0.0065,,,2025-10-30,quarterly,0.1241,USD,pre-market,7988000,,0.0855,-0.0663,1.224,6.19,15474000,,,,9.99,7.14,37.8889,,,,,,,105318000,,,16.82,4.44
2025-12-28,GOGO,-0.05,817729000.0,,0.896,0.799,,,,,,,,,,,,,,,None,32620000,32620000,,,,,,None,3499000,,,,,12.76,0.0341,32228000,35727000,0.09,2022-06-30,6.23,,389240000.0,65216000,22719000,702000,,,None,9772000,741000,,None,,,,,22017000,22017000,-9578000,None,0.129,,32876000,32340000,,,,,151000,,,,,-0.43,5.77,0.755,,,,,,,,-0.0065,,,2025-10-30,quarterly,0.1241,USD,pre-market,7952000,,0.0855,-0.0663,1.224,6.19,15357000,,,,9.99,7.14,37.8889,,,,,,,97836000,,,16.82,4.44
2025-12-28,GOGO,-0.05,817729000.0,,0.896,0.799,,,,,,,,,,,,,,,None,28915000,28915000,,,,,,None,3791000,,,,,12.76,0.0341,34083000,37874000,0.09,2022-03-31,6.23,,389240000.0,63835000,24133000,1937000,,,None,10889000,47000,,None,,,,,22196000,22196000,-10842000,None,0.129,,28886000,34949000,,,,,73000,,,,,-0.43,5.77,0.755,,,,,,,,-0.0065,,,2025-10-30,quarterly,0.1241,USD,pre-market,5406000,,0.0855,-0.0663,1.224,6.19,13458000,,,,9.99,7.14,37.8889,,,,,,,92750000,,,16.82,4.44
2025-12-28,GOGO,-0.05,817729000.0,,0.896,0.799,,,,,,,,,,,,,,,None,28356000,28356000,,,,,,None,3658000,,,,,12.76,0.0341,31416000,35074000,0.09,2021-12-31,6.23,,389240000.0,63944000,21464000,-187673000,,,None,10895000,46000,,None,,,,,218709000,209137000,-10849000,None,0.129,,31617000,32327000,,,,,32000,,,,,-0.43,5.77,0.755,,,,,,,,-0.0065,,,2025-10-30,quarterly,0.1241,USD,pre-market,6882000,,0.0855,-0.0663,1.224,6.19,14185000,,,,9.99,7.14,37.8889,,,,,,,92300000,,,16.82,4.44
2025-12-28,GOGO,-0.05,817729000.0,,0.896,0.799,,,,,,,,,,,,,,,None,25353000,25353000,,,,,,None,4160000,,,,,12.76,0.0341,29867000,34027000,0.09,2021-09-30,6.23,,389240000.0,61819000,19861000,131000,,,None,10943000,34000,,None,,,,,10959000,19730000,-10909000,None,0.129,,30906000,30913000,,,,,-109000,,,,,-0.43,5.77,0.755,,,,,,,,-0.0065,,,2025-10-30,quarterly,0.1241,USD,pre-market,5958000,,0.0855,-0.0663,1.224,6.19,15250000,,,,9.99,7.14,37.8889,,,,,,,87172000,,,16.82,4.44
2025-12-28,GOGO,-0.05,817729000.0,,0.896,0.799,,,,,,,,,,,,,,,None,26109000,26109000,,,,,,None,3547000,,,,,12.76,0.0341,-50855000,-47308000,0.09,2021-06-30,6.23,,389240000.0,56266000,-66117000,277000,,,None,16340000,54000,,None,,,,,-69248000,-66394000,-16286000,None,0.129,,26660000,29606000,,,,,-79383000,,,,,-0.43,5.77,0.755,,,,,,,,-0.0065,,,2025-10-30,quarterly,0.1241,USD,pre-market,6541000,,0.0855,-0.0663,1.224,6.19,11746000,,,,9.99,7.14,37.8889,,,,,,,82375000,,,16.82,4.44
2025-12-28,GOGO,-0.05,817729000.0,,0.896,0.799,,,,,,,,,,,,,,,None,22377000,22377000,,,,,,None,4117000,,,,,12.76,0.0341,21742000,25859000,0.09,2021-03-31,6.23,,389240000.0,51492000,-5849000,35000,,,None,29294000,57000,,None,,,,,-7685000,-5884000,-29237000,None,0.129,,23712000,27780000,,,,,-4335000,,,,,-0.43,5.77,0.755,,,,,,,,-0.0065,,,2025-10-30,quarterly,0.1241,USD,pre-market,5493000,,0.0855,-0.0663,1.224,6.19,10373000,,,,9.99,7.14,37.8889,,,,,,,73869000,,,16.82,4.44
2025-12-28,GOGO,-0.05,817729000.0,,0.896,0.799,,,,,,,,,,,,,,,None,27527000,27527000,,,,,,None,4049000,,,,,12.76,0.0341,14213000,18262000,0.09,2020-12-31,6.23,,389240000.0,50107000,-16442000,-362000,,,None,32192000,33000,,None,,,,,845000,131088000,-32159000,None,0.129,,34411000,15696000,,,,,3246000,,,,,-0.43,5.77,0.755,,,,,,,,-0.0065,,,2025-10-30,quarterly,0.1241,USD,pre-market,7862000,,0.0855,-0.0663,1.224,6.19,18089000,,,,9.99,7.14,37.8889,,,,,,,77634000,,,16.82,4.44
2025-12-28,GOGO,-0.05,817729000.0,,0.896,0.799,,,,,,,,,,,,,,,None,20178000,20178000,,,,,,None,3320000,,,,,12.76,0.0341,20760000,24080000,0.09,2020-09-30,6.23,,389240000.0,46347000,-8955000,-65000,,,None,31199000,36000,,None,,,,,-80124000,-8890000,-31163000,None,0.129,,24127000,22220000,,,,,24000,,,,,-0.43,5.77,0.755,,,,,,,,-0.0065,,,2025-10-30,quarterly,0.1241,USD,pre-market,4510000,,0.0855,-0.0663,1.224,6.19,12539000,,,,9.99,7.14,37.8889,,,,,,,66525000,,,16.82,4.44
2025-12-28,GOGO,-0.05,817729000.0,,0.896,0.799,,,,,,,,,,,,,,,None,17149000,17149000,,,,,,None,3218000,,,,,12.76,0.0341,15739000,18957000,0.09,2020-06-30,6.23,,389240000.0,37483000,-14061000,140000,,,None,31253000,81000,,None,,,,,-85979000,-85979000,-31199000,None,0.129,,20365000,17118000,,,,,-152000,,,,,-0.43,5.77,0.755,,,,,,,,-0.0065,,,2025-10-30,quarterly,0.1241,USD,pre-market,5498000,,0.0855,-0.0663,1.224,6.19,9133000,,,,9.99,7.14,37.8889,,,,,,,54632000,,,16.82,4.44
2025-12-28,GOGO,-0.05,817729000.0,,0.896,0.799,,,,,,,,,,,,,,,None,19518000,19518000,,,,,,None,3579000,,,,,12.76,0.0341,20477000,24056000,0.09,2020-03-31,6.23,,389240000.0,51409000,-9247000,141000,,,None,31143000,606000,,None,,,,,-84778000,-84778000,-30568000,None,0.129,,30092000,21317000,,,,,-2387000,,,,,-0.43,5.77,0.755,,,,,,,,-0.0065,,,2025-10-30,quarterly,0.1241,USD,pre-market,7357000,,0.0855,-0.0663,1.224,6.19,14706000,,,,9.99,7.14,37.8889,,,,,,,70927000,,,16.82,4.44
2025-12-28,GOGO,-0.05,817729000.0,,0.896,0.799,,,,,,,,,,,,,,,None,124938000,124938000,,,,,,None,28809000,,,,,12.76,0.0341,7700000,36509000,0.09,2019-12-31,6.23,,389240000.0,96372000,-22069000,282000,,,None,31128000,844000,,None,,,,,-22351000,-22351000,-30284000,None,0.129,,87980000,8392000,,,,,667000,,,,,-0.43,5.77,0.755,,,,,,,,-0.0065,,,2025-10-30,quarterly,0.1241,USD,pre-market,28093000,,0.0855,-0.0663,1.224,6.19,19568000,,,,9.99,7.14,37.8889,,,,,,,221310000,,,16.82,4.44
2025-12-28,GOGO,-0.05,817729000.0,,0.896,0.799,,,,,,,,,,,,,,,None,102721000,102721000,,,,,,None,29292000,,,,,12.76,0.0341,8062000,37354000,0.09,2019-09-30,6.23,,389240000.0,98461000,-22678000,213000,,,None,30694000,987000,,None,,,,,-22891000,-22891000,-29753000,None,0.129,,91243000,7218000,,,,,844000,,,,,-0.43,5.77,0.755,,,,,,,,-0.0065,,,2025-10-30,quarterly,0.1241,USD,pre-market,28877000,,0.0855,-0.0663,1.224,6.19,20740000,,,,9.99,7.14,37.8889,,,,,,,201182000,,,16.82,4.44
2025-12-28,GOGO,-0.05,817729000.0,,0.896,0.799,,,,,,,,,,,,,,,None,107065000,107065000,,,,,,None,29967000,,,,,12.76,0.0341,-47509000,-17542000,0.09,2019-06-30,6.23,,389240000.0,106620000,-83659000,304000,,,None,36150000,1488000,,None,,,,,-83963000,-83963000,-34920000,None,0.129,,96954000,9666000,,,,,-57175000,,,,,-0.43,5.77,0.755,,,,,,,,-0.0065,,,2025-10-30,quarterly,0.1241,USD,pre-market,26912000,,0.0855,-0.0663,1.224,6.19,27081000,,,,9.99,7.14,37.8889,,,,,,,213685000,,,16.82,4.44
2025-12-28,GOGO,-0.05,817729000.0,,0.896,0.799,,,,,,,,,,,,,,,None,97852000,97852000,,,,,,None,30749000,,,,,12.76,0.0341,15473000,46222000,0.09,2019-03-31,6.23,,389240000.0,101697000,-16592000,207000,,,None,32554000,31405000,,None,,,,,-16799000,-16799000,-31405000,None,0.129,,90249000,11448000,,,,,4514000,,,,,-0.43,5.77,0.755,,,,,,,,-0.0065,,,2025-10-30,quarterly,0.1241,USD,pre-market,24728000,,0.0855,-0.0663,1.224,6.19,22454000,,,,9.99,7.14,37.8889,,,,,,,199549000,,,16.82,4.44
2025-12-28,GOGO,-0.05,817729000.0,,0.896,0.799,,,,,,,,,,,,,,,None,125210000,125210000,,,,,,None,33170000,,,,,12.76,0.0341,-28651000,4519000,0.09,2018-12-31,6.23,,389240000.0,92014000,-59522000,166000,,,None,30871000,None,,None,,,,,-59688000,-59688000,None,None,0.129,,101705000,-9691000,,,,,-18960000,,,,,-0.43,5.77,0.755,,,,,,,,-0.0065,,,2025-10-30,quarterly,0.1241,USD,pre-market,31886000,,0.0855,-0.0663,1.224,6.19,23117000,,,,9.99,7.14,37.8889,,,,,,,217224000,,,16.82,4.44
2025-12-28,GOGO,-0.05,817729000.0,,0.896,0.799,,,,,,,,,,,,,,,None,123436000,123436000,,,,,,None,32590000,,,,,12.76,0.0341,-6779000,25811000,0.09,2018-09-30,6.23,,389240000.0,93821000,-37522000,195000,,,None,30743000,None,,None,,,,,-37717000,-37717000,None,None,0.129,,101431000,-7610000,,,,,831000,,,,,-0.43,5.77,0.755,,,,,,,,-0.0065,,,2025-10-30,quarterly,0.1241,USD,pre-market,30018000,,0.0855,-0.0663,1.224,6.19,24860000,,,,9.99,7.14,37.8889,,,,,,,217257000,,,16.82,4.44
2025-12-28,GOGO,-0.05,817729000.0,,0.896,0.799,,,,,,,,,,,,,,,None,138000000,138000000,,,,,,None,31938000,,,,,12.76,0.0341,-6495000,25443000,0.09,2018-06-30,6.23,,389240000.0,89458000,-37136000,71000,,,None,30641000,None,,None,,,,,-37207000,-37207000,None,None,0.129,,96907000,-7449000,,,,,954000,,,,,-0.43,5.77,0.755,,,,,,,,-0.0065,,,2025-10-30,quarterly,0.1241,USD,pre-market,28409000,,0.0855,-0.0663,1.224,6.19,21133000,,,,9.99,7.14,37.8889,,,,,,,227458000,,,16.82,4.44
2025-12-28,GOGO,-0.05,817729000.0,,0.896,0.799,,,,,,,,,,,,,,,None,127240000,127240000,,,,,,None,35919000,,,,,12.76,0.0341,-6164000,29755000,0.09,2018-03-31,6.23,,389240000.0,104585000,-31144000,-3725000,,,None,30554000,None,,None,,,,,-27419000,-27419000,None,None,0.129,,106756000,-2171000,,,,,1581000,,,,,-0.43,5.77,0.755,,,,,,,,-0.0065,,,2025-10-30,quarterly,0.1241,USD,pre-market,29777000,,0.0855,-0.0663,1.224,6.19,25159000,,,,9.99,7.14,37.8889,,,,,,,231825000,,,16.82,4.44
2025-12-28,GOGO,-0.05,817729000.0,,0.896,0.799,,,,,,,,,,,,,,,None,83471000,83471000,,,,,,None,48669000,,,,,12.76,0.0341,-13890000,34779000,0.09,2017-12-31,6.23,,389240000.0,104539000,-44080000,-2942000,,,None,30190000,None,,None,,,,,-41138000,-41138000,None,None,0.129,,118966000,-14427000,,,,,537000,,,,,-0.43,5.77,0.755,,,,,,,,-0.0065,,,2025-10-30,quarterly,0.1241,USD,pre-market,30024000,,0.0855,-0.0663,1.224,6.19,23509000,,,,9.99,7.14,37.8889,,,,,,,188010000,,,16.82,4.44
2025-12-28,GOGO,-0.05,817729000.0,,0.896,0.799,,,,,,,,,,,,,,,None,83180000,83180000,,,,,,None,35824000,,,,,12.76,0.0341,-17346000,18478000,0.09,2017-09-30,6.23,,389240000.0,89694000,-44931000,350000,,,None,27585000,None,,None,,,,,-45281000,-45281000,None,None,0.129,,107495000,-17801000,,,,,455000,,,,,-0.43,5.77,0.755,,,,,,,,-0.0065,,,2025-10-30,quarterly,0.1241,USD,pre-market,31313000,,0.0855,-0.0663,1.224,6.19,24064000,,,,9.99,7.14,37.8889,,,,,,,172874000,,,16.82,4.44
2025-12-28,GOGO,-0.05,817729000.0,,0.896,0.799,,,,,,,,,,,,,,,None,83776000,83776000,,,,,,None,30562000,,,,,12.76,0.0341,-16621000,13941000,0.09,2017-06-30,6.23,,389240000.0,89024000,-43847000,362000,,,None,27226000,None,,None,,,,,-44209000,-44209000,None,None,0.129,,106360000,-17336000,,,,,715000,,,,,-0.43,5.77,0.755,,,,,,,,-0.0065,,,2025-10-30,quarterly,0.1241,USD,pre-market,35685000,,0.0855,-0.0663,1.224,6.19,23549000,,,,9.99,7.14,37.8889,,,,,,,172800000,,,16.82,4.44
2025-12-28,GOGO,-0.05,817729000.0,,0.896,0.799,,,,,,,,,,,,,,,None,76461000,76461000,,,,,,None,30435000,,,,,12.76,0.0341,-14191000,16244000,0.09,2017-03-31,6.23,,389240000.0,88945000,-41134000,233000,,,None,26943000,None,,None,,,,,-41367000,-41367000,None,None,0.129,,103643000,-14698000,,,,,507000,,,,,-0.43,5.77,0.755,,,,,,,,-0.0065,,,2025-10-30,quarterly,0.1241,USD,pre-market,36264000,,0.0855,-0.0663,1.224,6.19,22549000,,,,9.99,7.14,37.8889,,,,,,,165406000,,,16.82,4.44
2025-12-28,GOGO,-0.05,817729000.0,,0.896,0.799,,,,,,,,,,,,,,,None,73361000,73361000,,,,,,None,29600000,,,,,12.76,0.0341,-1669000,27931000,0.09,2016-12-31,6.23,,389240000.0,86637000,-26615000,317000,,,None,24946000,None,,None,,,,,-26932000,-26932000,None,None,0.129,,88812000,-2175000,,,,,506000,,,,,-0.43,5.77,0.755,,,,,,,,-0.0065,,,2025-10-30,quarterly,0.1241,USD,pre-market,24512000,,0.0855,-0.0663,1.224,6.19,19889000,,,,9.99,7.14,37.8889,,,,,,,159998000,,,16.82,4.44
2025-12-28,GOGO,-0.05,817729000.0,,0.896,0.799,,,,,,,,,,,,,,,None,66892000,66892000,,,,,,None,26779000,,,,,12.76,0.0341,-13206000,13573000,0.09,2016-09-30,6.23,,389240000.0,80375000,-32804000,469000,,,None,24848000,None,,None,,,,,-33273000,-33273000,None,None,0.129,,89149000,-8774000,,,,,818000,,,,,-0.43,5.77,0.755,,,,,,,,-0.0065,,,2025-10-30,quarterly,0.1241,USD,pre-market,25835000,,0.0855,-0.0663,1.224,6.19,21661000,,,,9.99,7.14,37.8889,,,,,,,147267000,,,16.82,4.44
2025-12-28,GOGO,-0.05,817729000.0,,0.896,0.799,,,,,,,,,,,,,,,None,65873000,65873000,,,,,,None,24906000,,,,,12.76,0.0341,-22416000,2490000,0.09,2016-06-30,6.23,,389240000.0,81666000,-39973000,221000,,,None,12250000,None,,None,,,,,-40194000,-40194000,None,None,0.129,,88762000,-7096000,,,,,-15320000,,,,,-0.43,5.77,0.755,,,,,,,,-0.0065,,,2025-10-30,quarterly,0.1241,USD,pre-market,24718000,,0.0855,-0.0663,1.224,6.19,22388000,,,,9.99,7.14,37.8889,,,,,,,147539000,,,16.82,4.44
2025-12-28,GOGO,-0.05,817729000.0,,0.896,0.799,,,,,,,,,,,,,,,None,68602000,68602000,,,,,,None,24357000,,,,,12.76,0.0341,-12867000,11490000,0.09,2016-03-31,6.23,,389240000.0,73144000,-23799000,307000,,,None,10932000,None,,None,,,,,-24106000,-24106000,None,None,0.129,,81736000,-8592000,,,,,1089000,,,,,-0.43,5.77,0.755,,,,,,,,-0.0065,,,2025-10-30,quarterly,0.1241,USD,pre-market,21648000,,0.0855,-0.0663,1.224,6.19,20989000,,,,9.99,7.14,37.8889,,,,,,,141746000,,,16.82,4.44
2025-12-28,GOGO,-0.05,817729000.0,,0.896,0.799,,,,,,,,,,,,,,,None,60726000,60726000,,,,,,None,25222000,,,,,12.76,0.0341,-15092000,10130000,0.09,2015-12-31,6.23,,389240000.0,77053000,-33602000,277000,,,None,16259000,None,,None,,,,,-33879000,-33879000,None,None,0.129,,91974000,-14921000,,,,,-2422000,,,,,-0.43,5.77,0.755,,,,,,,,-0.0065,,,2025-10-30,quarterly,0.1241,USD,pre-market,26630000,,0.0855,-0.0663,1.224,6.19,23657000,,,,9.99,7.14,37.8889,,,,,,,137779000,,,16.82,4.44
2025-12-28,GOGO,-0.05,817729000.0,,0.896,0.799,,,,,,,,,,,,,,,None,55221000,55221000,,,,,,None,22224000,,,,,12.76,0.0341,-16990000,5234000,0.09,2015-09-30,6.23,,389240000.0,71186000,-28625000,245000,,,None,11635000,None,,None,,,,,-28870000,-28870000,None,None,0.129,,82749000,-11563000,,,,,-328000,,,,,-0.43,5.77,0.755,,,,,,,,-0.0065,,,2025-10-30,quarterly,0.1241,USD,pre-market,21367000,,0.0855,-0.0663,1.224,6.19,26813000,,,,9.99,7.14,37.8889,,,,,,,126407000,,,16.82,4.44
2025-12-28,GOGO,-0.05,817729000.0,,0.896,0.799,,,,,,,,,,,,,,,None,54555000,54555000,,,,,,None,20813000,,,,,12.76,0.0341,-13182000,7631000,0.09,2015-06-30,6.23,,389240000.0,66636000,-24350000,422000,,,None,11168000,None,,None,,,,,-24772000,-24772000,None,None,0.129,,75204000,-8568000,,,,,19000,,,,,-0.43,5.77,0.755,,,,,,,,-0.0065,,,2025-10-30,quarterly,0.1241,USD,pre-market,17280000,,0.0855,-0.0663,1.224,6.19,25646000,,,,9.99,7.14,37.8889,,,,,,,121191000,,,16.82,4.44
2025-12-28,GOGO,-0.05,817729000.0,,0.896,0.799,,,,,,,,,,,,,,,None,55005000,55005000,,,,,,None,18777000,,,,,12.76,0.0341,-11459000,7318000,0.09,2015-03-31,6.23,,389240000.0,60506000,-19798000,294000,,,None,9311000,None,,None,,,,,-20092000,-20092000,None,None,0.129,,70296000,-9790000,,,,,87000,,,,,-0.43,5.77,0.755,,,,,,,,-0.0065,,,2025-10-30,quarterly,0.1241,USD,pre-market,17085000,,0.0855,-0.0663,1.224,6.19,24193000,,,,9.99,7.14,37.8889,,,,,,,115511000,,,16.82,4.44
2025-12-28,GOGO,-0.05,817729000.0,,0.896,0.799,,,,,,,,,,,,,,,None,54999000,54999000,,,,,,None,16866000,,,,,12.76,0.0341,-15188000,1678000,0.09,2014-12-31,6.23,,389240000.0,54234000,-23882000,229000,,,None,8739000,None,,None,,,,,-24111000,-24111000,None,None,0.129,,69422000,-15188000,,,,,45000,,,,,-0.43,5.77,0.755,,,,,,,,-0.0065,,,2025-10-30,quarterly,0.1241,USD,pre-market,19039000,,0.0855,-0.0663,1.224,6.19,22975000,,,,9.99,7.14,37.8889,,,,,,,109233000,,,16.82,4.44
2025-12-28,GOGO,-0.05,817729000.0,,0.896,0.799,,,,,,,,,,,,,,,None,54653000,54653000,,,,,,None,17016000,,,,,12.76,0.0341,-17080000,-64000,0.09,2014-09-30,6.23,,389240000.0,49382000,-24607000,292000,,,None,7527000,None,,None,,,,,-24899000,-24899000,None,None,0.129,,65753000,-15283000,,,,,46000,,,,,-0.43,5.77,0.755,,,,,,,,-0.0065,,,2025-10-30,quarterly,0.1241,USD,pre-market,16193000,,0.0855,-0.0663,1.224,6.19,22190000,,,,9.99,7.14,37.8889,,,,,,,104035000,,,16.82,4.44
2025-12-28,GOGO,-0.05,817729000.0,,0.896,0.799,,,,,,,,,,,,,,,None,50194000,50194000,,,,,,None,14882000,,,,,12.76,0.0341,-11753000,3129000,0.09,2014-06-30,6.23,,389240000.0,49335000,-18273000,389000,,,None,6520000,None,,None,,,,,-18662000,-18662000,None,None,0.129,,60213000,-10878000,,,,,-14000,,,,,-0.43,5.77,0.755,,,,,,,,-0.0065,,,2025-10-30,quarterly,0.1241,USD,pre-market,15789000,,0.0855,-0.0663,1.224,6.19,19855000,,,,9.99,7.14,37.8889,,,,,,,99529000,,,16.82,4.44
2025-12-28,GOGO,-0.05,817729000.0,,0.896,0.799,,,,,,,,,,,,,,,None,49614000,49614000,,,,,,None,15687000,,,,,12.76,0.0341,-10181000,5506000,0.09,2014-03-31,6.23,,389240000.0,46080000,-16593000,273000,,,None,6412000,None,,None,,,,,-16866000,-16866000,None,None,0.129,,55400000,-9320000,,,,,-25000,,,,,-0.43,5.77,0.755,,,,,,,,-0.0065,,,2025-10-30,quarterly,0.1241,USD,pre-market,14099000,,0.0855,-0.0663,1.224,6.19,17572000,,,,9.99,7.14,37.8889,,,,,,,95694000,,,16.82,4.44
2025-12-28,GOGO,-0.05,817729000.0,,0.896,0.799,,,,,,,,,,,,,,,None,50311000,50311000,,,,,,None,14291000,,,,,12.76,0.0341,-14407000,-116000,0.09,2013-12-31,6.23,,389240000.0,42243000,-21886000,219000,,,None,7492000,None,,None,,,,,-22105000,0,None,None,0.129,,56650000,-14407000,,,,,None,,,,,-0.43,5.77,0.755,,,,,,,,-0.0065,,,2025-10-30,quarterly,0.1241,USD,pre-market,13747000,,0.0855,-0.0663,1.224,6.19,19313000,,,,9.99,7.14,37.8889,,,,,,,92554000,,,16.82,4.44
2025-12-28,GOGO,-0.05,817729000.0,,0.896,0.799,,,,,,,,,,,,,,,None,44805000,44805000,,,,,,None,13664000,,,,,12.76,0.0341,-11704000,1960000,0.09,2013-09-30,6.23,,389240000.0,40574000,-18372000,346000,,,None,6668000,None,,None,,,,,-18718000,-18718000,None,None,0.129,,51472000,-10898000,,,,,12000,,,,,-0.43,5.77,0.755,,,,,,,,-0.0065,,,2025-10-30,quarterly,0.1241,USD,pre-market,11322000,,0.0855,-0.0663,1.224,6.19,18878000,,,,9.99,7.14,37.8889,,,,,,,85379000,,,16.82,4.44
2025-12-28,GOGO,-0.05,817729000.0,,0.896,0.799,,,,,,,,,,,,,,,None,39183000,39183000,,,,,,None,13709000,,,,,12.76,0.0341,-61941000,-48232000,0.09,2013-06-30,6.23,,389240000.0,40254000,-55722000,267000,,,None,6603000,None,,None,,,,,-55989000,-55989000,None,None,0.129,,52298000,-9062000,,,,,-36290000,,,,,-0.43,5.77,0.755,,,,,,,,-0.0065,,,2025-10-30,quarterly,0.1241,USD,pre-market,12333000,,0.0855,-0.0663,1.224,6.19,19196000,,,,9.99,7.14,37.8889,,,,,,,79437000,,,16.82,4.44
2025-12-28,GOGO,-0.05,817729000.0,,0.896,0.799,,,,,,,,,,,,,,,None,33699000,33699000,,,,,,None,13845000,,,,,12.76,0.0341,-10668000,3177000,0.09,2013-03-31,6.23,,389240000.0,37055000,-14202000,275000,,,None,3920000,None,,None,,,,,-14477000,0,None,None,0.129,,47355000,-10300000,,,,,None,,,,,-0.43,5.77,0.755,,,,,,,,-0.0065,,,2025-10-30,quarterly,0.1241,USD,pre-market,12285000,,0.0855,-0.0663,1.224,6.19,14595000,,,,9.99,7.14,37.8889,,,,,,,70754000,,,16.82,4.44
2025-12-28,GOGO,-0.05,817729000.0,,0.896,0.799,,,,,,,,,,,,,,,None,31984000,31984000,,,,,,None,10214000,,,,,12.76,0.0341,-14220000,-4006000,0.09,2012-12-31,6.23,,389240000.0,31539000,-18739000,365000,,,None,4519000,None,,None,,,,,-19104000,0,None,None,0.129,,41161000,-9622000,,,,,None,,,,,-0.43,5.77,0.755,,,,,,,,-0.0065,,,2025-10-30,quarterly,0.1241,USD,pre-market,10913000,,0.0855,-0.0663,1.224,6.19,13124000,,,,9.99,7.14,37.8889,,,,,,,63523000,,,16.82,4.44
2025-12-28,GOGO,-0.05,817729000.0,,0.896,0.799,,,,,,,,,,,,,,,None,29333000,29333000,,,,,,None,9266000,,,,,12.76,0.0341,-8987000,279000,0.09,2012-09-30,6.23,,389240000.0,28507000,-12822000,222000,,,None,3835000,None,,None,,,,,-13044000,0,None,None,0.129,,37139000,-8632000,,,,,None,,,,,-0.43,5.77,0.755,,,,,,,,-0.0065,,,2025-10-30,quarterly,0.1241,USD,pre-market,9129000,,0.0855,-0.0663,1.224,6.19,11896000,,,,9.99,7.14,37.8889,,,,,,,57840000,,,16.82,4.44
2025-12-28,GOGO,-0.05,817729000.0,,0.896,0.799,,,,,,,,,,,,,,,None,26521000,26521000,,,,,,None,9162000,,,,,12.76,0.0341,3613000,12775000,0.09,2012-06-30,6.23,,389240000.0,31358000,3123000,223000,,,None,490000,None,,None,,,,,2900000,0,None,None,0.129,,36233000,-4875000,,,,,None,,,,,-0.43,5.77,0.755,,,,,,,,-0.0065,,,2025-10-30,quarterly,0.1241,USD,pre-market,7738000,,0.0855,-0.0663,1.224,6.19,12383000,,,,9.99,7.14,37.8889,,,,,,,57879000,,,16.82,4.44
2025-12-28,GOGO,-0.05,817729000.0,,0.896,0.799,,,,,,,,,,,,,,,None,25302000,25302000,,,,,,None,8265000,,,,,12.76,0.0341,-4298000,3967000,0.09,2012-03-31,6.23,,389240000.0,28971000,-3240000,226000,,,None,69000,None,,None,,,,,-3466000,0,None,None,0.129,,33279000,-4308000,,,,,None,,,,,-0.43,5.77,0.755,,,,,,,,-0.0065,,,2025-10-30,quarterly,0.1241,USD,pre-market,7574000,,0.0855,-0.0663,1.224,6.19,11650000,,,,9.99,7.14,37.8889,,,,,,,54273000,,,16.82,4.44
2025-12-28,GOGO,-0.05,817729000.0,,0.896,0.799,,,,,,,,,,,,,,,None,23095000,23095000,,,,,,None,8243000,,,,,12.76,0.0341,21728000,29971000,0.09,2011-12-31,6.23,,389240000.0,23288000,21648000,403000,,,None,80000,None,,None,,,,,21245000,0,None,None,0.129,,30635000,-7347000,,,,,None,,,,,-0.43,5.77,0.755,,,,,,,,-0.0065,,,2025-10-30,quarterly,0.1241,USD,pre-market,4943000,,0.0855,-0.0663,1.224,6.19,10047000,,,,9.99,7.14,37.8889,,,,,,,46383000,,,16.82,4.44
2025-12-28,GOGO,-0.05,817729000.0,,0.896,0.799,,,,,,,,,,,,,,,None,18941000,18941000,,,,,,None,8051000,,,,,12.76,0.0341,-8635000,-584000,0.09,2011-09-30,6.23,,389240000.0,21892000,-13276000,217000,,,None,68000,None,,None,,,,,-13493000,0,None,None,0.129,,30541000,-8649000,,,,,None,,,,,-0.43,5.77,0.755,,,,,,,,-0.0065,,,2025-10-30,quarterly,0.1241,USD,pre-market,6668000,,0.0855,-0.0663,1.224,6.19,9504000,,,,9.99,7.14,37.8889,,,,,,,40833000,,,16.82,4.44
2025-12-28,GOGO,-0.05,817729000.0,,0.896,0.799,,,,,,,,,,,,,,,None,18680000,18680000,,,,,,None,8263000,,,,,12.76,0.0341,26820000,35083000,0.09,2011-06-30,6.23,,389240000.0,19781000,26753000,216000,,,None,67000,None,,None,,,,,26537000,0,None,None,0.129,,26884000,-7103000,,,,,None,,,,,-0.43,5.77,0.755,,,,,,,,-0.0065,,,2025-10-30,quarterly,0.1241,USD,pre-market,5233000,,0.0855,-0.0663,1.224,6.19,7693000,,,,9.99,7.14,37.8889,,,,,,,38461000,,,16.82,4.44
2025-12-28,GOGO,-0.05,817729000.0,,0.896,0.799,,,,,,,,,,,,,,,None,17129000,17129000,,,,,,None,8116000,,,,,12.76,0.0341,-10706000,-2590000,0.09,2011-03-31,6.23,,389240000.0,17350000,-10457000,217000,,,None,65000,None,,None,,,,,-10674000,0,None,None,0.129,,28075000,-10725000,,,,,None,,,,,-0.43,5.77,0.755,,,,,,,,-0.0065,,,2025-10-30,quarterly,0.1241,USD,pre-market,5401000,,0.0855,-0.0663,1.224,6.19,8857000,,,,9.99,7.14,37.8889,,,,,,,34479000,,,16.82,4.44
2025-12-28,GOGO,-0.05,817729000.0,,0.896,0.799,,,,,,,,,,,,,,,None,18549000,18549000,,,,,,None,8317000,,,,,12.76,0.0341,-10523000,-2206000,0.09,2010-12-31,6.23,,389240000.0,16010000,4221000,225000,,,None,28000,None,,None,,,,,3996000,0,None,None,0.129,,26547000,-10537000,,,,,None,,,,,-0.43,5.77,0.755,,,,,,,,-0.0065,,,2025-10-30,quarterly,0.1241,USD,pre-market,4739000,,0.0855,-0.0663,1.224,6.19,7873000,,,,9.99,7.14,37.8889,,,,,,,34559000,,,16.82,4.44
2025-12-28,GOGO,-0.05,817729000.0,,0.896,0.799,,,,,,,,,,,,,,,None,46819000,46819000,,,,,,None,None,,,,,12.76,0.0341,0,None,0.09,2009-12-31,6.23,,389240000.0,0,0,0,,,None,30318000,None,,None,,,,,0,0,None,None,0.129,,0,0,,,,,None,,,,,-0.43,5.77,0.755,,,,,,,,-0.0065,,,2025-10-30,quarterly,0.1241,USD,pre-market,17300000,,0.0855,-0.0663,1.224,6.19,78961000,,,,9.99,7.14,37.8889,,,,,,,36842000,,,16.82,4.44
2025-12-28,GOGO,-0.05,817729000.0,,0.896,0.799,,,,,,,,,,,,,,,None,166603000,166603000,,,,,,None,18972000,,,,,12.76,0.0341,56565000,75537000,0.09,2024-12-31,6.23,,389240000.0,278106000,18134000,4388000,,,None,38431000,29259000,,None,,,,,13746000,13746000,-30095000,None,0.129,,226835000,51271000,,,,,None,,,,,-0.43,5.77,0.755,,,,,,,,-0.0065,,,2025-10-30,annual,0.1241,USD,pre-market,44772000,,0.0855,-0.0663,1.224,6.19,71595000,,,,9.99,7.14,37.8889,,,,,,,444709000,,,16.82,4.44
2025-12-28,GOGO,-0.05,817729000.0,,0.896,0.799,,,,,,,,,,,,,,,None,132951000,132951000,,,,,,None,16701000,,,,,12.76,0.0341,124165000,140866000,0.09,2023-12-31,6.23,,389240000.0,264626000,97603000,-48075000,,,None,33056000,32573000,,None,,,,,145678000,158881000,-27273000,None,0.129,,140461000,124165000,,,,,None,,,,,-0.43,5.77,0.755,,,,,,,,-0.0065,,,2025-10-30,annual,0.1241,USD,pre-market,36683000,,0.0855,-0.0663,1.224,6.19,57280000,,,,9.99,7.14,37.8889,,,,,,,397577000,,,16.82,4.44
2025-12-28,GOGO,-0.05,817729000.0,,0.896,0.799,,,,,,,,,,,,,,,None,135900000,135900000,,,,,,None,12580000,,,,,12.76,0.0341,144589000,157169000,0.09,2022-12-31,6.23,,389240000.0,268167000,105717000,13658000,,,None,38872000,2386000,,None,,,,,92059000,92059000,-36486000,None,0.129,,125841000,142326000,,,,,None,,,,,-0.43,5.77,0.755,,,,,,,,-0.0065,,,2025-10-30,annual,0.1241,USD,pre-market,29587000,,0.0855,-0.0663,1.224,6.19,58203000,,,,9.99,7.14,37.8889,,,,,,,404067000,,,16.82,4.44
2025-12-28,GOGO,-0.05,817729000.0,,0.896,0.799,,,,,,,,,,,,,,,None,102195000,102195000,,,,,,None,15482000,,,,,12.76,0.0341,36831000,52313000,0.09,2021-12-31,6.23,,389240000.0,233521000,-30641000,-187230000,,,None,67472000,191000,,None,,,,,152735000,156589000,-67281000,None,0.129,,112895000,120626000,,,,,-83795000,,,,,-0.43,5.77,0.755,,,,,,,,-0.0065,,,2025-10-30,annual,0.1241,USD,pre-market,24874000,,0.0855,-0.0663,1.224,6.19,51554000,,,,9.99,7.14,37.8889,,,,,,,335716000,,,16.82,4.44
2025-12-28,GOGO,-0.05,817729000.0,,0.896,0.799,,,,,,,,,,,,,,,None,84372000,84372000,,,,,,None,14166000,,,,,12.76,0.0341,71190000,85356000,0.09,2020-12-31,6.23,,389240000.0,185346000,-48705000,-146000,,,None,125787000,722000,,None,,,,,-250036000,-48559000,-125065000,None,0.129,,108995000,76351000,,,,,731000,,,,,-0.43,5.77,0.755,,,,,,,,-0.0065,,,2025-10-30,annual,0.1241,USD,pre-market,25227000,,0.0855,-0.0663,1.224,6.19,54467000,,,,9.99,7.14,37.8889,,,,,,,269718000,,,16.82,4.44
2025-12-28,GOGO,-0.05,817729000.0,,0.896,0.799,,,,,,,,,,,,,,,None,93886000,93886000,,,,,,None,16690000,,,,,12.76,0.0341,38297000,54987000,0.09,2019-12-31,6.23,,389240000.0,215099000,-87934000,563000,,,None,130572000,5228000,,None,,,,,-146004000,-146004000,-126362000,None,0.129,,118567000,96532000,,,,,-51150000,,,,,-0.43,5.77,0.755,,,,,,,,-0.0065,,,2025-10-30,annual,0.1241,USD,pre-market,26013000,,0.0855,-0.0663,1.224,6.19,54628000,,,,9.99,7.14,37.8889,,,,,,,308985000,,,16.82,4.44
2025-12-28,GOGO,-0.05,817729000.0,,0.896,0.799,,,,,,,,,,,,,,,None,513886000,513886000,,,,,,None,133617000,,,,,12.76,0.0341,-42515000,91102000,0.09,2018-12-31,6.23,,389240000.0,379878000,-165324000,-3293000,,,None,122809000,7142000,,None,,,,,-162031000,-162031000,-118517000,None,0.129,,406799000,-26921000,,,,,-15594000,,,,,-0.43,5.77,0.755,,,,,,,,-0.0065,,,2025-10-30,annual,0.1241,USD,pre-market,120090000,,0.0855,-0.0663,1.224,6.19,94269000,,,,9.99,7.14,37.8889,,,,,,,893764000,,,16.82,4.44
2025-12-28,GOGO,-0.05,817729000.0,,0.896,0.799,,,,,,,,,,,,,,,None,326888000,326888000,,,,,,None,145490000,,,,,12.76,0.0341,-62048000,83442000,0.09,2017-12-31,6.23,,389240000.0,372202000,-173992000,-1997000,,,None,111944000,4198000,,None,,,,,-171995000,-171995000,-108980000,None,0.129,,436464000,-64262000,,,,,2214000,,,,,-0.43,5.77,0.755,,,,,,,,-0.0065,,,2025-10-30,annual,0.1241,USD,pre-market,133286000,,0.0855,-0.0663,1.224,6.19,93671000,,,,9.99,7.14,37.8889,,,,,,,699090000,,,16.82,4.44
2025-12-28,GOGO,-0.05,817729000.0,,0.896,0.799,,,,,,,,,,,,,,,None,274728000,274728000,,,,,,None,105642000,,,,,12.76,0.0341,-39544000,66098000,0.09,2016-12-31,6.23,,389240000.0,321822000,-123191000,1314000,,,None,83647000,1635000,,None,,,,,-124505000,-124505000,-81220000,None,0.129,,348459000,-26637000,,,,,-12907000,,,,,-0.43,5.77,0.755,,,,,,,,-0.0065,,,2025-10-30,annual,0.1241,USD,pre-market,96713000,,0.0855,-0.0663,1.224,6.19,84927000,,,,9.99,7.14,37.8889,,,,,,,596550000,,,16.82,4.44
2025-12-28,GOGO,-0.05,817729000.0,,0.896,0.799,,,,,,,,,,,,,,,None,228361000,228361000,,,,,,None,87036000,,,,,12.76,0.0341,-47486000,39550000,0.09,2015-12-31,6.23,,389240000.0,272527000,-106375000,1238000,,,None,58889000,58708000,,None,,,,,-107613000,-107613000,None,None,0.129,,317369000,-44842000,,,,,-2644000,,,,,-0.43,5.77,0.755,,,,,,,,-0.0065,,,2025-10-30,annual,0.1241,USD,pre-market,87437000,,0.0855,-0.0663,1.224,6.19,86753000,,,,9.99,7.14,37.8889,,,,,,,500888000,,,16.82,4.44
2025-12-28,GOGO,-0.05,817729000.0,,0.896,0.799,,,,,,,,,,,,,,,None,209460000,209460000,,,,,,None,64451000,,,,,12.76,0.0341,-50617000,13834000,0.09,2014-12-31,6.23,,389240000.0,199031000,-83355000,1183000,,,None,32738000,None,,None,,,,,-84538000,-84538000,None,None,0.129,,249700000,-50669000,,,,,52000,,,,,-0.43,5.77,0.755,,,,,,,,-0.0065,,,2025-10-30,annual,0.1241,USD,pre-market,65120000,,0.0855,-0.0663,1.224,6.19,81504000,,,,9.99,7.14,37.8889,,,,,,,408491000,,,16.82,4.44
2025-12-28,GOGO,-0.05,817729000.0,,0.896,0.799,,,,,,,,,,,,,,,None,167998000,167998000,,,,,,None,55509000,,,,,12.76,0.0341,-80910000,-25401000,0.09,2013-12-31,6.23,,389240000.0,160126000,-110182000,1107000,,,None,29272000,None,,None,,,,,-111289000,-111289000,None,None,0.129,,204793000,-44667000,,,,,-36243000,,,,,-0.43,5.77,0.755,,,,,,,,-0.0065,,,2025-10-30,annual,0.1241,USD,pre-market,49687000,,0.0855,-0.0663,1.224,6.19,69000000,,,,9.99,7.14,37.8889,,,,,,,328124000,,,16.82,4.44
2025-12-28,GOGO,-0.05,817729000.0,,0.896,0.799,,,,,,,,,,,,,,,None,113140000,113140000,,,,,,None,36907000,,,,,12.76,0.0341,-22765000,14142000,0.09,2012-12-31,6.23,,389240000.0,120375000,-31678000,1036000,,,None,8913000,None,,None,,,,,-32714000,None,None,None,0.129,,147812000,-27437000,,,,,None,,,,,-0.43,5.77,0.755,,,,,,,,-0.0065,,,2025-10-30,annual,0.1241,USD,pre-market,35354000,,0.0855,-0.0663,1.224,6.19,49053000,,,,9.99,7.14,37.8889,,,,,,,233515000,,,16.82,4.44
2025-12-28,GOGO,-0.05,817729000.0,,0.896,0.799,,,,,,,,,,,,,,,None,77845000,77845000,,,,,,None,32673000,,,,,12.76,0.0341,24948000,57621000,0.09,2011-12-31,6.23,,389240000.0,82311000,24668000,1053000,,,None,280000,None,,None,,,,,23615000,None,None,None,0.129,,116135000,-33824000,,,,,None,,,,,-0.43,5.77,0.755,,,,,,,,-0.0065,,,2025-10-30,annual,0.1241,USD,pre-market,22245000,,0.0855,-0.0663,1.224,6.19,36101000,,,,9.99,7.14,37.8889,,,,,,,160156000,,,16.82,4.44
2025-12-28,GOGO,-0.05,817729000.0,,0.896,0.799,,,,,,,,,,,,,,,None,60404000,60404000,,,,,,None,30991000,,,,,12.76,0.0341,-110082000,-79091000,0.09,2010-12-31,6.23,,389240000.0,34255000,-110119000,3260000,,,None,37000,None,,None,,,,,-113379000,None,None,None,0.129,,111216000,-76961000,,,,,None,,,,,-0.43,5.77,0.755,,,,,,,,-0.0065,,,2025-10-30,annual,0.1241,USD,pre-market,20217000,,0.0855,-0.0663,1.224,6.19,36384000,,,,9.99,7.14,37.8889,,,,,,,94659000,,,16.82,4.44
2025-12-28,GOGO,-0.05,817729000.0,,0.896,0.799,,,,,,,,,,,,,,,None,46819000,46819000,,,,,,None,21898000,,,,,12.76,0.0341,-112199000,-90301000,0.09,2009-12-31,6.23,,389240000.0,-9977000,-142266000,30067000,,,None,30067000,None,,None,,,,,-142266000,None,None,None,0.129,,100859000,-110836000,,,,,None,,,,,-0.43,5.77,0.755,,,,,,,,-0.0065,,,2025-10-30,annual,0.1241,USD,pre-market,22859000,,0.0855,-0.0663,1.224,6.19,28340000,,,,9.99,7.14,37.8889,,,,,,,36842000,,,16.82,4.44
2025-12-28,GOGO,-0.05,817729000.0,None,0.896,0.799,,72986000,133644000,133644000,,,,,,,,,13000,134657000,None,46819000,46819000,74394000,None,2500000,154936000,None,None,21898000,,,,,12.76,0.0341,-112199000,-90301000,0.09,2025-09-30,6.23,192638000,389240000.0,-9977000,-142266000,30067000,255706000,255706000,None,30067000,None,81891000,None,None,833030000,None,0,-142266000,None,None,None,0.129,,100859000,-110836000,53137000,120390000,None,52649000,None,,,,,-0.43,5.77,0.755,,,,,,,,-0.0065,,None,2025-10-30,quarterly,0.1241,USD,pre-market,22859000,-1177226000,0.0855,-0.0663,1.224,6.19,28340000,908628000,16827000,None,9.99,7.14,37.8889,1295102000,423608000,243725000,1188146000,871494000,944420999,36842000,106956000,None,16.82,4.44
2025-12-28,GOGO,-0.05,817729000.0,None,0.896,0.799,,75297000,102085000,102085000,,,,,,,,,15000,136897000,None,46819000,46819000,64772000,None,2500000,142965000,None,None,21898000,,,,,12.76,0.0341,-112199000,-90301000,0.09,2025-06-30,6.23,192168000,389240000.0,-9977000,-142266000,30067000,263540000,263540000,None,30067000,None,87964000,None,None,832513000,None,0,-142266000,None,None,None,0.129,,100859000,-110836000,52841000,99346000,None,39852000,None,,,,,-0.43,5.77,0.755,,,,,,,,-0.0065,,None,2025-10-30,quarterly,0.1241,USD,pre-market,22859000,-1175296000,0.0855,-0.0663,1.224,6.19,28340000,910310000,15591000,None,9.99,7.14,37.8889,1262970000,385855000,225609000,1160180000,877115000,934571000,36842000,102790000,None,16.82,4.44
2025-12-28,GOGO,-0.05,817729000.0,None,0.896,0.799,,77864000,70282000,70282000,,,,,,,,,14000,135314000,None,46819000,46819000,67382000,None,2500000,147164000,None,None,21898000,,,,,12.76,0.0341,-112199000,-90301000,0.09,2025-03-31,6.23,185234000,389240000.0,-9977000,-142266000,30067000,269481000,269481000,None,30067000,None,93795000,None,None,832035000,None,0,-142266000,None,None,None,0.129,,100859000,-110836000,43034000,62348000,None,66016000,None,,,,,-0.43,5.77,0.755,,,,,,,,-0.0065,,None,2025-10-30,quarterly,0.1241,USD,pre-market,22859000,-1188103000,0.0855,-0.0663,1.224,6.19,28340000,912399000,15142000,None,9.99,7.14,37.8889,1238388000,354275000,192167000,1155440000,884113000,963273000,36842000,82948000,None,16.82,4.44
2025-12-28,GOGO,-0.05,817729000.0,None,0.896,0.799,,80854000,41765000,41765000,,,,,,,,,14000,128664000,None,46819000,46819000,67231000,None,2500000,133898000,None,None,21898000,,,,,12.76,0.0341,-112199000,-90301000,0.09,2024-12-31,6.23,184831000,389240000.0,-9977000,-142266000,30067000,275331000,275331000,None,30067000,None,97934000,None,None,831581000,None,4207000,-142266000,None,None,None,0.129,,100859000,-110836000,49496000,60247000,None,78120000,None,,,,,-0.43,5.77,0.755,,,,,,,,-0.0065,,None,2025-10-30,quarterly,0.1241,USD,pre-market,22859000,-1200145000,0.0855,-0.0663,1.224,6.19,28340000,914935000,15176000,None,9.99,7.14,37.8889,1229231000,323093000,182028000,1159907000,906138000,977879000,36842000,69324000,None,16.82,4.44
2025-12-28,GOGO,-0.05,817729000.0,None,0.896,0.799,,79181000,176678000,176678000,,,,,,,,,14000,130389000,None,46819000,46819000,26445000,None,7250000,76447000,None,None,21898000,,,,,12.76,0.0341,-112199000,-90301000,0.09,2024-09-30,6.23,600000,389240000.0,-9977000,-142266000,30067000,64268000,64268000,None,30067000,None,74848000,None,None,583864000,None,3761000,-142266000,None,None,None,0.129,,100859000,-110836000,19441000,47343000,None,9130000,None,,,,,-0.43,5.77,0.755,,,,,,,,-0.0065,,None,2025-10-30,quarterly,0.1241,USD,pre-market,22859000,-1171932000,0.0855,-0.0663,1.224,6.19,28340000,670295000,18426000,18884000,9.99,7.14,37.8889,810737000,347414000,97014000,758013000,463323000,660999000,36842000,52724000,None,16.82,4.44
2025-12-28,GOGO,-0.05,817729000.0,None,0.896,0.799,,80031000,161550000,161550000,,,,,,,,,14000,131731000,None,46819000,46819000,25271000,None,7250000,96249000,None,None,21898000,,,,,12.76,0.0341,-112199000,-90301000,0.09,2024-06-30,6.23,600000,389240000.0,-9977000,-142266000,30067000,60432000,60432000,None,30067000,None,69058000,None,None,585060000,None,3438000,-142266000,None,None,None,0.129,,100859000,-110836000,18080000,39851000,None,8770000,None,,,,,-0.43,5.77,0.755,,,,,,,,-0.0065,,None,2025-10-30,quarterly,0.1241,USD,pre-market,22859000,-1182562000,0.0855,-0.0663,1.224,6.19,28340000,672341000,17810000,18920000,9.99,7.14,37.8889,802677000,344937000,87365000,750666000,457740000,663301000,36842000,52011000,None,16.82,4.44
2025-12-28,GOGO,-0.05,817729000.0,None,0.896,0.799,,82463000,152820000,152820000,,,,,,,,,14000,132441000,None,46819000,46819000,22823000,None,7250000,92765000,None,None,21898000,,,,,12.76,0.0341,-112199000,-90301000,0.09,2024-03-31,6.23,600000,389240000.0,-9977000,-142266000,30067000,57250000,57250000,None,30067000,None,69298000,None,None,586274000,None,18132000,-142266000,None,None,None,0.129,,100859000,-110836000,20422000,34302000,None,8590000,None,,,,,-0.43,5.77,0.755,,,,,,,,-0.0065,,None,2025-10-30,quarterly,0.1241,USD,pre-market,22859000,-1183401000,0.0855,-0.0663,1.224,6.19,28340000,675987000,17929000,21469000,9.99,7.14,37.8889,808953000,335305000,79866000,746514000,473648000,666648000,36842000,62439000,None,16.82,4.44
2025-12-28,GOGO,-0.05,817729000.0,None,0.896,0.799,,83331000,139036000,139036000,,,,,,,,,14000,132931000,None,46819000,46819000,16094000,None,7250000,96673000,None,None,21898000,,,,,12.76,0.0341,-112199000,-90301000,0.09,2023-12-31,6.23,620000,389240000.0,-9977000,-142266000,30067000,55027000,55027000,None,30067000,None,63187000,None,None,587501000,None,0,-142266000,None,None,None,0.129,,100859000,-110836000,15698000,35195000,None,8270000,None,,,,,-0.43,5.77,0.755,,,,,,,,-0.0065,,None,2025-10-30,quarterly,0.1241,USD,pre-market,22859000,-1213891000,0.0855,-0.0663,1.224,6.19,28340000,678082000,17534000,139036000,9.99,7.14,37.8889,781539000,314594000,71996000,740814000,466945000,668818000,36842000,40725000,None,16.82,4.44
2025-12-28,GOGO,-0.05,817729000.0,None,0.896,0.799,,74481000,86157000,86157000,,,,,,,,,14000,133320000,None,46819000,46819000,15328000,None,7250000,72752000,None,None,21898000,,,,,12.76,0.0341,-112199000,-90301000,0.09,2023-09-30,6.23,600000,389240000.0,-9977000,-142266000,30067000,52099000,52099000,None,30067000,None,62792000,None,None,588733000,None,5773000,-142266000,None,None,None,0.129,,100859000,-110836000,40477000,26175000,None,8031000,None,,,,,-0.43,5.77,0.755,,,,,,,,-0.0065,,172521000,2025-10-30,quarterly,0.1241,USD,pre-market,22859000,-1228358000,0.0855,-0.0663,1.224,6.19,28340000,680202000,16988000,24655000,9.99,7.14,37.8889,767288000,286833000,62501000,733746000,480455000,671245000,36842000,33542000,None,16.82,4.44
2025-12-28,GOGO,-0.05,817729000.0,None,0.896,0.799,,75963000,97200000,97200000,,,,,,,,,14000,133228000,None,46819000,46819000,17346000,None,7250000,58893000,None,None,21898000,,,,,12.76,0.0341,-112199000,-90301000,0.09,2023-06-30,6.23,600000,389240000.0,-9977000,-142266000,30067000,50522000,50522000,None,30067000,None,60250000,None,None,590051000,None,None,-142266000,None,None,None,0.129,,100859000,-110836000,40417000,24664000,None,7876000,None,,,,,-0.43,5.77,0.755,,,,,,,,-0.0065,,103711000,2025-10-30,quarterly,0.1241,USD,pre-market,22859000,-1249271000,0.0855,-0.0663,1.224,6.19,28340000,682648000,16634000,97200000,9.99,7.14,37.8889,745513000,256760000,62411000,736301000,488753000,673890000,36842000,9212000,-158375000,16.82,4.44
2025-12-28,GOGO,-0.05,817729000.0,None,0.896,0.799,,77265000,163266000,163266000,,,,,,,,,14000,133602000,None,46819000,46819000,14487000,None,7250000,53494000,None,None,21898000,,,,,12.76,0.0341,-112199000,-90301000,0.09,2023-03-31,6.23,600000,389240000.0,-9977000,-142266000,30067000,49824000,49824000,None,30067000,None,54496000,None,None,688991000,None,None,-142266000,None,None,None,0.129,,100859000,-110836000,39463000,37583000,None,84996000,None,,,,,-0.43,5.77,0.755,,,,,,,,-0.0065,,104685000,2025-10-30,quarterly,0.1241,USD,pre-market,22859000,-1339120000,0.0855,-0.0663,1.224,6.19,28340000,782951000,16695000,24728000,9.99,7.14,37.8889,759238000,335447000,73394000,847381000,423791000,773987000,36842000,-88143000,-158375000,16.82,4.44
2025-12-28,GOGO,-0.05,817729000.0,None,0.896,0.799,,79241000,150550000,150550000,,,,,,,,,14000,133053000,None,46819000,46819000,13646000,None,7250000,89200000,None,None,21898000,,,,,12.76,0.0341,-112199000,-90301000,0.09,2022-12-31,6.23,600000,389240000.0,-9977000,-142266000,30067000,48889000,48889000,None,30067000,None,49493000,None,None,690173000,None,None,-142266000,None,None,None,0.129,,100859000,-110836000,10110000,48680000,None,7611000,None,,,,,-0.43,5.77,0.755,,,,,,,,-0.0065,,179856000,2025-10-30,quarterly,0.1241,USD,pre-market,22859000,-1359569000,0.0855,-0.0663,1.224,6.19,28340000,785758000,16344000,24796000,9.99,7.14,37.8889,759526000,324149000,84370000,861395000,435377000,777025000,36842000,-101869000,None,16.82,4.44
2025-12-28,GOGO,-0.05,817729000.0,None,0.896,0.799,,88866000,152161000,152161000,,,,,,,,,13000,134221000,None,46819000,46819000,18413000,None,7250000,55496000,None,None,21898000,,,,,12.76,0.0341,-112199000,-90301000,0.09,2022-09-30,6.23,620000,389240000.0,-9977000,-142266000,30067000,49600000,49600000,None,30067000,None,46598000,None,None,691337000,None,None,-142266000,None,None,None,0.129,,100859000,-110836000,36153000,39997000,None,87646000,None,,,,,-0.43,5.77,0.755,,,,,,,,-0.0065,,98688000,2025-10-30,quarterly,0.1241,USD,pre-market,22859000,-1387239000,0.0855,-0.0663,1.224,6.19,28340000,787453000,15993000,25363000,9.99,7.14,37.8889,728639000,290408000,77944000,856927000,438231000,778983000,36842000,-128288000,-158375000,16.82,4.44
2025-12-28,GOGO,-0.05,817729000.0,None,0.896,0.799,,85835000,163993000,163993000,,,,,,,,,13000,134718000,None,46819000,46819000,20662000,None,7250000,68180000,None,None,21898000,,,,,12.76,0.0341,-112199000,-90301000,0.09,2022-06-30,6.23,600000,389240000.0,-9977000,-142266000,30067000,48222000,48222000,None,30067000,None,42543000,None,None,692482000,None,None,-142266000,None,None,None,0.129,,100859000,-110836000,25285000,52448000,None,85037000,None,,,,,-0.43,5.77,0.755,,,,,,,,-0.0065,,84586000,2025-10-30,quarterly,0.1241,USD,pre-market,22859000,-1407415000,0.0855,-0.0663,1.224,6.19,28340000,785567000,15341000,16087000,9.99,7.14,37.8889,723566000,300001000,91673000,869192000,423565000,777519000,36842000,-145626000,-140000000,16.82,4.44
2025-12-28,GOGO,-0.05,817729000.0,None,0.896,0.799,,84755000,152829000,152829000,,,,,,,,,11000,134095000,None,46819000,46819000,18119000,None,109897000,65943000,None,None,21898000,,,,,12.76,0.0341,-112199000,-90301000,0.09,2022-03-31,6.23,620000,389240000.0,-9977000,-142266000,30067000,48539000,48539000,None,30067000,None,36467000,None,None,693617000,None,None,-142266000,None,None,None,0.129,,100859000,-110836000,15813000,49277000,None,84400000,None,,,,,-0.43,5.77,0.755,,,,,,,,-0.0065,,71596000,2025-10-30,quarterly,0.1241,USD,pre-market,22859000,-1429432000,0.0855,-0.0663,1.224,6.19,28340000,888269000,117578000,7777000,9.99,7.14,37.8889,685275000,271052000,188298000,966315000,414223000,778017000,36842000,-281040000,-128803000,16.82,4.44
2025-12-28,GOGO,-0.05,817729000.0,None,0.896,0.799,,84773000,145913000,145913000,,,,,,,,,11000,134027000,None,46819000,46819000,17203000,None,109620000,62424000,None,None,21898000,,,,,12.76,0.0341,-112199000,-90301000,0.09,2021-12-31,6.23,600000,389240000.0,-9977000,-142266000,30067000,48934000,48934000,None,30067000,None,33976000,None,None,694760000,None,None,-142266000,None,None,None,0.129,,100859000,-110836000,7601000,50427000,None,84565000,None,,,,,-0.43,5.77,0.755,,,,,,,,-0.0065,,63672000,2025-10-30,quarterly,0.1241,USD,pre-market,22859000,-1451628000,0.0855,-0.0663,1.224,6.19,28340000,889153000,117064000,925000,9.99,7.14,37.8889,647687000,249914000,188516000,967841000,397773000,779325000,36842000,-320154000,-128803000,16.82,4.44
2025-12-28,GOGO,-0.05,817729000.0,None,0.896,0.799,,85005000,133233000,133233000,,,,,,,,,11000,133160000,None,46819000,46819000,13974000,None,109348000,65858000,None,None,21898000,,,,,12.76,0.0341,-112199000,-90301000,0.09,2021-09-30,6.23,620000,389240000.0,-9977000,-142266000,30067000,47542000,47542000,None,30067000,None,29964000,None,None,695894000,None,None,-142266000,None,None,None,0.129,,100859000,-110836000,11417000,75815000,None,87153000,None,,,,,-0.43,5.77,0.755,,,,,,,,-0.0065,,58403000,2025-10-30,quarterly,0.1241,USD,pre-market,22859000,-1670337000,0.0855,-0.0663,1.224,6.19,28340000,890247000,116579000,None,9.99,7.14,37.8889,443205000,240472000,220395000,1003442000,202733000,783047000,36842000,-560237000,-128803000,16.82,4.44
2025-12-28,GOGO,-0.05,817729000.0,None,0.896,0.799,,42881000,109174000,109174000,,,,,,,,,11000,109060000,None,46819000,46819000,14725000,None,109080000,43507000,None,None,21898000,,,,,12.76,0.0341,-112199000,-90301000,0.09,2021-06-30,6.23,600000,389240000.0,-9977000,-142266000,30067000,48833000,48833000,None,30067000,None,27422000,None,None,697035000,None,None,-142266000,None,None,None,0.129,,100859000,-110836000,8294000,41815000,None,2875000,None,,,,,-0.43,5.77,0.755,,,,,,,,-0.0065,,90357000,2025-10-30,quarterly,0.1241,USD,pre-market,22859000,-1681296000,0.0855,-0.0663,1.224,6.19,28340000,848996000,117372000,None,9.99,7.14,37.8889,352036000,188397000,188122000,929318000,163639000,741196000,36842000,-577282000,-128803000,16.82,4.44
2025-12-28,GOGO,-0.05,817729000.0,None,0.896,0.799,,44552000,455152000,455152000,,,,,,,,,9000,84649000,None,46819000,46819000,11322000,None,None,38961000,None,None,21898000,,,,,12.76,0.0341,-112199000,-90301000,0.09,2021-03-31,6.23,600000,389240000.0,-9977000,-142266000,30067000,50508000,50508000,None,30067000,None,28560000,None,None,1163822000,None,None,-142266000,None,None,None,0.129,,100859000,-110836000,6896000,74736000,None,46198000,None,,,,,-0.43,5.77,0.755,,,,,,,,-0.0065,,61519000,2025-10-30,quarterly,0.1241,USD,pre-market,22859000,-1612048000,0.0855,-0.0663,1.224,6.19,28340000,1208374000,8198000,None,9.99,7.14,37.8889,687732000,529569000,109215000,1319235000,158163000,1210020000,36842000,-631503000,-98857000,16.82,4.44
2025-12-28,GOGO,-0.05,817729000.0,None,0.896,0.799,,46107000,435345000,435345000,,,,,,,,,9000,83377000,None,46819000,46819000,11013000,None,341000000,42250000,None,None,21898000,,,,,12.76,0.0341,-112199000,-90301000,0.09,2020-12-31,6.23,600000,389240000.0,-9977000,-142266000,30067000,52073000,52073000,None,30067000,None,28114000,None,None,827968000,None,None,-142266000,None,None,None,0.129,,100859000,-110836000,6517000,63498000,None,48599000,None,,,,,-0.43,5.77,0.755,,,,,,,,-0.0065,,63493000,2025-10-30,quarterly,0.1241,USD,pre-market,22859000,-1629843000,0.0855,-0.0663,1.224,6.19,28340000,1215075000,349089000,None,9.99,7.14,37.8889,673588000,512226000,438135000,1314702000,161362000,876567000,36842000,-641114000,-98857000,16.82,4.44
2025-12-28,GOGO,-0.05,817729000.0,None,0.896,0.799,,45420000,117483000,117483000,,,,,,,,,9000,82707000,None,46819000,46819000,6060000,None,6000000,34167000,None,None,21898000,,,,,12.76,0.0341,-112199000,-90301000,0.09,2020-09-30,6.23,620000,389240000.0,-9977000,-142266000,30067000,52568000,52568000,None,30067000,None,35107000,None,None,1126634000,None,None,-142266000,None,None,None,0.129,,100859000,-110836000,632277000,432190000,None,49126000,None,,,,,-0.43,5.77,0.755,,,,,,,,-0.0065,,64307000,2025-10-30,quarterly,0.1241,USD,pre-market,22859000,-1630688000,0.0855,-0.0663,1.224,6.19,28340000,1178054000,13197000,None,9.99,7.14,37.8889,984455000,819034000,455889000,1631649000,165421000,1175760000,36842000,-647194000,-98857000,16.82,4.44
2025-12-28,GOGO,-0.05,817729000.0,None,0.896,0.799,,89973000,156286000,156286000,,,,,,,,,8000,81757000,None,46819000,46819000,41412000,None,6000000,86628000,None,None,21898000,,,,,12.76,0.0341,-112199000,-90301000,0.09,2020-06-30,6.23,620000,389240000.0,-9977000,-142266000,30067000,73787000,73787000,None,30067000,None,130092000,None,None,1118602000,None,None,-142266000,None,None,None,0.129,,100859000,-110836000,17467000,205520000,None,134336000,None,,,,,-0.43,5.77,0.755,,,,,,,,-0.0065,,463147000,2025-10-30,quarterly,0.1241,USD,pre-market,22859000,-1550564000,0.0855,-0.0663,1.224,6.19,28340000,1214575000,14990000,None,9.99,7.14,37.8889,1064815000,390473000,291611000,1633832000,674342000,1342221000,36842000,-569017000,-98857000,16.82,4.44
2025-12-28,GOGO,-0.05,817729000.0,None,0.896,0.799,,92459000,214229000,214229000,,,,,,,,,8000,81205000,None,46819000,46819000,35995000,None,None,106938000,None,None,21898000,,,,,12.76,0.0341,-112199000,-90301000,0.09,2020-03-31,6.23,600000,389240000.0,-9977000,-142266000,30067000,74463000,74463000,None,30067000,None,123179000,None,None,1124713000,None,None,-142266000,None,None,None,0.129,,100859000,-110836000,22143000,197472000,None,136768000,None,,,,,-0.43,5.77,0.755,,,,,,,,-0.0065,,505584000,2025-10-30,quarterly,0.1241,USD,pre-market,22859000,-1464585000,0.0855,-0.0663,1.224,6.19,28340000,1217172000,9484000,None,9.99,7.14,37.8889,1191470000,466489000,271423000,1678076000,724981000,1406653000,36842000,-486606000,-98857000,16.82,4.44
2025-12-28,GOGO,-0.05,817729000.0,None,0.896,0.799,,90049000,170016000,170016000,,,,,,,,,9000,80997000,None,46819000,46819000,5495000,None,None,42862000,None,None,21898000,,,,,12.76,0.0341,-112199000,-90301000,0.09,2019-12-31,6.23,600000,389240000.0,-9977000,-142266000,30067000,51183000,51183000,None,30067000,None,35205000,None,None,1101248000,None,None,-142266000,None,None,None,0.129,,100859000,-110836000,176742000,232305000,None,124301000,None,,,,,-0.43,5.77,0.755,,,,,,,,-0.0065,,560318000,2025-10-30,quarterly,0.1241,USD,pre-market,22859000,-1376142000,0.0855,-0.0663,1.224,6.19,28340000,1150844000,7580000,170016000,9.99,7.14,37.8889,1214700000,424825000,252642000,1613590000,789875000,1360948000,36842000,-398890000,None,16.82,4.44
2025-12-28,GOGO,-0.05,817729000.0,None,0.896,0.799,,108125000,217662000,217662000,,,,,,,,,9000,80908000,None,46819000,46819000,25521000,None,None,114226000,None,None,21898000,,,,,12.76,0.0341,-112199000,-90301000,0.09,2019-09-30,6.23,620000,389240000.0,-9977000,-142266000,30067000,79761000,79761000,None,30067000,None,133413000,None,None,1096166000,None,None,-142266000,None,None,None,0.129,,100859000,-110836000,13500000,213790000,None,149982000,None,,,,,-0.43,5.77,0.755,,,,,,,,-0.0065,,553040000,2025-10-30,quarterly,0.1241,USD,pre-market,22859000,-1355420000,0.0855,-0.0663,1.224,6.19,28340000,1204291000,12212000,217662000,9.99,7.14,37.8889,1280374000,478801000,283727000,1663203000,801573000,1379476000,36842000,-382829000,None,16.82,4.44
2025-12-28,GOGO,-0.05,817729000.0,None,0.896,0.799,,109184000,181867000,181867000,,,,,,,,,9000,80702000,None,46819000,46819000,29617000,None,None,127031000,None,None,21898000,,,,,12.76,0.0341,-112199000,-90301000,0.09,2019-06-30,6.23,620000,389240000.0,-9977000,-142266000,30067000,80541000,80541000,None,30067000,None,151533000,None,None,1092321000,None,None,-142266000,None,None,None,0.129,,100859000,-110836000,17402000,198365000,None,146105000,None,,,,,-0.43,5.77,0.755,,,,,,,,-0.0065,,549908000,2025-10-30,quarterly,0.1241,USD,pre-market,22859000,-1332529000,0.0855,-0.0663,1.224,6.19,28340000,1201505000,12032000,181867000,9.99,7.14,37.8889,1282148000,477833000,270098000,1645755000,804315000,1375657000,36842000,-363607000,None,16.82,4.44
2025-12-28,GOGO,-0.05,817729000.0,None,0.896,0.799,,111455000,188690000,188690000,,,,,,,,,9000,80446000,None,46819000,46819000,27861000,None,11585000,134643000,None,None,21898000,,,,,12.76,0.0341,-112199000,-90301000,0.09,2019-03-31,6.23,620000,389240000.0,-9977000,-142266000,30067000,82268000,82268000,None,30067000,None,147354000,None,None,1030359000,None,None,-142266000,None,None,None,0.129,,100859000,-110836000,21288000,194208000,None,147426000,None,,,,,-0.43,5.77,0.755,,,,,,,,-0.0065,,565485000,2025-10-30,quarterly,0.1241,USD,pre-market,22859000,-1248566000,0.0855,-0.0663,1.224,6.19,28340000,1141814000,12169000,188690000,9.99,7.14,37.8889,1296810000,491975000,271256000,1580784000,804835000,1309528000,36842000,-283974000,None,16.82,4.44
2025-12-28,GOGO,-0.05,817729000.0,None,0.896,0.799,,None,184155000,184155000,,,,,,,,,9000,80303000,None,46819000,46819000,23860000,None,None,144731000,None,None,21898000,,,,,12.76,0.0341,-112199000,-90301000,0.09,2018-12-31,6.23,620000,389240000.0,-9977000,-142266000,30067000,82871000,82871000,None,30067000,None,193045000,None,None,1024893000,None,None,-142266000,None,None,None,0.129,,100859000,-110836000,24272000,237256000,None,80191000,None,,,,,-0.43,5.77,0.755,,,,,,,,-0.0065,,511867000,2025-10-30,quarterly,0.1241,USD,pre-market,22859000,-1228674000,0.0855,-0.0663,1.224,6.19,28340000,1025545000,652000,39323000,9.99,7.14,37.8889,1265096000,585526000,299687000,1533857000,679570000,1234170000,36842000,-268761000,None,16.82,4.44
2025-12-28,GOGO,-0.05,817729000.0,None,0.896,0.799,,None,102664000,102664000,,,,,,,,,9000,80196000,None,46819000,46819000,31911000,None,None,156091000,None,None,21898000,,,,,12.76,0.0341,-112199000,-90301000,0.09,2018-09-30,6.23,620000,389240000.0,-9977000,-142266000,30067000,83510000,83510000,None,30067000,None,209734000,None,None,1018011000,None,None,-142266000,None,None,None,0.129,,100859000,-110836000,22571000,210789000,None,83119000,None,,,,,-0.43,5.77,0.755,,,,,,,,-0.0065,,506703000,2025-10-30,quarterly,0.1241,USD,pre-market,22859000,-1169863000,0.0855,-0.0663,1.224,6.19,28340000,1019244000,1233000,88575000,9.99,7.14,37.8889,1248462000,579635000,278748000,1509743000,668827000,1230995000,36842000,-261281000,0,16.82,4.44
2025-12-28,GOGO,-0.05,817729000.0,None,0.896,0.799,,None,140420000,140420000,,,,,,,,,9000,79783000,None,46819000,46819000,37257000,None,1014161000,150371000,None,None,21898000,,,,,12.76,0.0341,-112199000,-90301000,0.09,2018-06-30,6.23,620000,389240000.0,-9977000,-142266000,30067000,82458000,82458000,None,30067000,None,178506000,None,None,1012155000,None,None,-142266000,None,None,None,0.129,,100859000,-110836000,25855000,232225000,None,83887000,None,,,,,-0.43,5.77,0.755,,,,,,,,-0.0065,,532148000,2025-10-30,quarterly,0.1241,USD,pre-market,22859000,-1132146000,0.0855,-0.0663,1.224,6.19,28340000,1013597000,1442000,123191000,9.99,7.14,37.8889,1304308000,618343000,308199000,1532520000,685965000,1224321000,36842000,-228212000,0,16.82,4.44
2025-12-28,GOGO,-0.05,817729000.0,None,0.896,0.799,,None,117039000,117039000,,,,,,,,,9000,79696000,None,46819000,46819000,42149000,None,1008738000,131738000,None,None,21898000,,,,,12.76,0.0341,-112199000,-90301000,0.09,2018-03-31,6.23,620000,389240000.0,-9977000,-142266000,30067000,83878000,83878000,None,30067000,None,168782000,None,None,1006442000,None,None,-142266000,None,None,None,0.129,,100859000,-110836000,51078000,192993000,None,87546000,None,,,,,-0.43,5.77,0.755,,,,,,,,-0.0065,,530687000,2025-10-30,quarterly,0.1241,USD,pre-market,22859000,-1092623000,0.0855,-0.0663,1.224,6.19,28340000,1007910000,1468000,182633000,9.99,7.14,37.8889,1300142000,628830000,272837000,1491478000,671312000,1218641000,36842000,-191336000,0,16.82,4.44
2025-12-28,GOGO,-0.05,817729000.0,None,0.896,0.799,,None,196356000,196356000,,,,,,,,,9000,79603000,None,46819000,46819000,27130000,None,1003757000,117896000,None,None,21898000,,,,,12.76,0.0341,-112199000,-90301000,0.09,2017-12-31,6.23,620000,389240000.0,-9977000,-142266000,30067000,86513000,86513000,None,30067000,None,45543000,None,None,1000868000,None,None,-142266000,None,None,None,0.129,,100859000,-110836000,23670000,243911000,None,134655000,None,,,,,-0.43,5.77,0.755,,,,,,,,-0.0065,,656038000,2025-10-30,quarterly,0.1241,USD,pre-market,22859000,-1089369000,0.0855,-0.0663,1.224,6.19,28340000,1002657000,1789000,212792000,9.99,7.14,37.8889,1403175000,592897000,316278000,1594739000,810278000,1278461000,36842000,-191564000,0,16.82,4.44
2025-12-28,GOGO,-0.05,817729000.0,None,0.896,0.799,,None,222378000,222378000,,,,,,,,,9000,79543000,None,46819000,46819000,23845000,None,999195000,112029000,None,None,21898000,,,,,12.76,0.0341,-112199000,-90301000,0.09,2017-09-30,6.23,620000,389240000.0,-9977000,-142266000,30067000,90661000,90661000,None,30067000,None,48621000,None,None,995546000,None,None,-142266000,None,None,None,0.129,,100859000,-110836000,40828000,204049000,None,123198000,None,,,,,-0.43,5.77,0.755,,,,,,,,-0.0065,,614311000,2025-10-30,quarterly,0.1241,USD,pre-market,22859000,-1048231000,0.0855,-0.0663,1.224,6.19,28340000,997695000,2149000,188496000,9.99,7.14,37.8889,1362911000,591938000,269105000,1518438000,770973000,1249333000,36842000,-155527000,0,16.82,4.44
2025-12-28,GOGO,-0.05,817729000.0,None,0.896,0.799,,None,96416000,96416000,,,,,,,,,9000,79334000,None,46819000,46819000,29471000,None,884784000,87097000,None,None,21898000,,,,,12.76,0.0341,-112199000,-90301000,0.09,2017-06-30,6.23,620000,389240000.0,-9977000,-142266000,30067000,90296000,90296000,None,30067000,None,52041000,None,None,880371000,None,None,-142266000,None,None,None,0.129,,100859000,-110836000,41740000,199415000,None,118833000,None,,,,,-0.43,5.77,0.755,,,,,,,,-0.0065,,583245000,2025-10-30,quarterly,0.1241,USD,pre-market,22859000,-1002950000,0.0855,-0.0663,1.224,6.19,28340000,882984000,2613000,283241000,9.99,7.14,37.8889,1277256000,539665000,268316000,1393770000,737591000,1125454000,36842000,-116514000,0,16.82,4.44
2025-12-28,GOGO,-0.05,817729000.0,None,0.896,0.799,,None,105929000,105929000,,,,,,,,,9000,79139000,None,46819000,46819000,37890000,None,2961000,76665000,None,None,21898000,,,,,12.76,0.0341,-112199000,-90301000,0.09,2017-03-31,6.23,620000,389240000.0,-9977000,-142266000,30067000,87192000,87192000,None,30067000,None,51235000,None,None,875199000,None,None,-142266000,None,None,None,0.129,,100859000,-110836000,34304000,158622000,None,113299000,None,,,,,-0.43,5.77,0.755,,,,,,,,-0.0065,,542438000,2025-10-30,quarterly,0.1241,USD,pre-market,22859000,-958741000,0.0855,-0.0663,1.224,6.19,28340000,878160000,2961000,333275000,9.99,7.14,37.8889,1270070000,584256000,235525000,1346719000,685814000,1111194000,36842000,-76649000,0,16.82,4.44
2025-12-28,GOGO,-0.05,817729000.0,None,0.896,0.799,,None,117302000,117302000,,,,,,,,,9000,79067000,None,46819000,46819000,31689000,None,803514000,73743000,None,None,21898000,,,,,12.76,0.0341,-112199000,-90301000,0.09,2016-12-31,6.23,620000,389240000.0,-9977000,-142266000,30067000,85175000,85175000,None,30067000,None,50266000,None,None,800715000,None,None,-142266000,None,None,None,0.129,,100859000,-110836000,49884000,181054000,None,90668000,None,,,,,-0.43,5.77,0.755,,,,,,,,-0.0065,,519810000,2025-10-30,quarterly,0.1241,USD,pre-market,22859000,-917374000,0.0855,-0.0663,1.224,6.19,28340000,803514000,5598000,338477000,9.99,7.14,37.8889,1246196000,604730000,251063000,1286589000,641466000,1035526000,36842000,-40393000,0,16.82,4.44
2025-12-28,GOGO,-0.05,817729000.0,None,0.896,0.799,,None,146830000,146830000,,,,,,,,,9000,79003000,None,46819000,46819000,30952000,None,2775000,62687000,None,None,21898000,,,,,12.76,0.0341,-112199000,-90301000,0.09,2016-09-30,6.23,620000,389240000.0,-9977000,-142266000,30067000,84170000,84170000,None,30067000,None,35590000,None,None,796201000,None,None,-142266000,None,None,None,0.129,,100859000,-110836000,57746000,148930000,None,87877000,None,,,,,-0.43,5.77,0.755,,,,,,,,-0.0065,,493225000,2025-10-30,quarterly,0.1241,USD,pre-market,22859000,-890442000,0.0855,-0.0663,1.224,6.19,28340000,798976000,5550000,338725000,9.99,7.14,37.8889,1224224000,612755000,214345000,1242197000,611469000,1027852000,36842000,-17973000,0,16.82,4.44
2025-12-28,GOGO,-0.05,817729000.0,None,0.896,0.799,,None,508601000,508601000,,,,,,,,,9000,78849000,None,46819000,46819000,22882000,None,2752000,65107000,None,None,21898000,,,,,12.76,0.0341,-112199000,-90301000,0.09,2016-06-30,6.23,620000,389240000.0,-9977000,-142266000,30067000,82535000,82535000,None,30067000,None,25092000,None,None,790951000,None,None,-142266000,None,None,None,0.129,,100859000,-110836000,23379000,122830000,None,83358000,None,,,,,-0.43,5.77,0.755,,,,,,,,-0.0065,,467105000,2025-10-30,quarterly,0.1241,USD,pre-market,22859000,-857169000,0.0855,-0.0663,1.224,6.19,28340000,793703000,5504000,0,9.99,7.14,37.8889,1205327000,622179000,177737000,1195316000,583148000,1017579000,36842000,10011000,0,16.82,4.44
2025-12-28,GOGO,-0.05,817729000.0,None,0.896,0.799,,None,312671000,312671000,,,,,,,,,9000,78738000,None,46819000,46819000,26108000,None,None,70873000,None,None,21898000,,,,,12.76,0.0341,-112199000,-90301000,0.09,2016-03-31,6.23,620000,389240000.0,-9977000,-142266000,30067000,80787000,80787000,None,30067000,None,21970000,None,None,546274000,None,None,-142266000,None,None,None,0.129,,100859000,-110836000,20773000,119375000,None,73713000,None,,,,,-0.43,5.77,0.755,,,,,,,,-0.0065,,449791000,2025-10-30,quarterly,0.1241,USD,pre-market,22859000,-816975000,0.0855,-0.0663,1.224,6.19,28340000,557648000,9101000,0,9.99,7.14,37.8889,986022000,426287000,179497000,939027000,559735000,759530000,36842000,46995000,0,16.82,4.44
2025-12-28,GOGO,-0.05,817729000.0,None,0.896,0.799,,None,366833000,366833000,,,,,,,,,9000,78678000,None,46819000,46819000,28189000,None,18835000,69317000,None,None,21898000,,,,,12.76,0.0341,-112199000,-90301000,0.09,2015-12-31,6.23,620000,389240000.0,-9977000,-142266000,30067000,78823000,78823000,None,30067000,None,20937000,None,None,542573000,None,None,-142266000,None,None,None,0.129,,100859000,-110836000,10920000,124057000,None,68850000,None,,,,,-0.43,5.77,0.755,,,,,,,,-0.0065,,434490000,2025-10-30,quarterly,0.1241,USD,pre-market,22859000,-792869000,0.0855,-0.0663,1.224,6.19,28340000,563850000,21277000,219491000,9.99,7.14,37.8889,1004353000,468007000,197578000,938158000,536346000,740580000,36842000,66195000,0,16.82,4.44
2025-12-28,GOGO,-0.05,817729000.0,None,0.896,0.799,,None,387955000,387955000,,,,,,,,,9000,78633000,None,46819000,46819000,27154000,None,None,51903000,None,None,21898000,,,,,12.76,0.0341,-112199000,-90301000,0.09,2015-09-30,6.23,620000,389240000.0,-9977000,-142266000,30067000,78200000,78200000,None,30067000,None,21911000,None,None,566749000,None,None,-142266000,None,None,None,0.129,,100859000,-110836000,9589000,106667000,None,59850000,None,,,,,-0.43,5.77,0.755,,,,,,,,-0.0065,,419399000,2025-10-30,quarterly,0.1241,USD,pre-market,22859000,-758990000,0.0855,-0.0663,1.224,6.19,28340000,580819000,9873000,0,9.99,7.14,37.8889,1007842000,471267000,171230000,912657000,536575000,741427000,36842000,95185000,0,16.82,4.44
2025-12-28,GOGO,-0.05,817729000.0,None,0.896,0.799,,None,392117000,392117000,,,,,,,,,9000,78478000,None,46819000,46819000,19888000,None,None,48309000,None,None,21898000,,,,,12.76,0.0341,-112199000,-90301000,0.09,2015-06-30,6.23,620000,389240000.0,-9977000,-142266000,30067000,78775000,78775000,None,30067000,None,22736000,None,None,567499000,None,None,-142266000,None,None,None,0.129,,100859000,-110836000,13450000,97809000,None,45051000,None,,,,,-0.43,5.77,0.755,,,,,,,,-0.0065,,406597000,2025-10-30,quarterly,0.1241,USD,pre-market,22859000,-730120000,0.0855,-0.0663,1.224,6.19,28340000,576421000,8922000,26000,9.99,7.14,37.8889,995775000,474998000,159096000,876259000,520777000,717163000,36842000,119516000,0,16.82,4.44
2025-12-28,GOGO,-0.05,817729000.0,None,0.896,0.799,,None,400056000,400056000,,,,,,,,,9000,83126000,None,46819000,46819000,21856000,None,None,44512000,None,None,21898000,,,,,12.76,0.0341,-112199000,-90301000,0.09,2015-03-31,6.23,620000,389240000.0,-9977000,-142266000,30067000,79222000,79222000,None,30067000,None,24124000,None,None,562715000,None,None,-142266000,None,None,None,0.129,,100859000,-110836000,12615000,86735000,None,40870000,None,,,,,-0.43,5.77,0.755,,,,,,,,-0.0065,,396001000,2025-10-30,quarterly,0.1241,USD,pre-market,22859000,-705348000,0.0855,-0.0663,1.224,6.19,28340000,575910000,9799000,25000,9.99,7.14,37.8889,990158000,479028000,148285000,850395000,511130000,702110000,36842000,139763000,0,16.82,4.44
2025-12-28,GOGO,-0.05,817729000.0,None,0.896,0.799,,None,211236000,211236000,,,,,,,,,9000,85277000,None,46819000,46819000,41026000,None,8330000,48509000,None,None,21898000,,,,,12.76,0.0341,-112199000,-90301000,0.09,2014-12-31,6.23,620000,389240000.0,-9977000,-142266000,30067000,78464000,78464000,None,30067000,None,21913000,None,None,301922000,None,None,-142266000,None,None,None,0.129,,100859000,-110836000,13236000,77919000,None,26082000,None,,,,,-0.43,5.77,0.755,,,,,,,,-0.0065,,363108000,2025-10-30,quarterly,0.1241,USD,pre-market,22859000,-685256000,0.0855,-0.0663,1.224,6.19,28340000,312267000,12360000,45000,9.99,7.14,37.8889,767640000,294894000,151486000,569882000,472746000,418396000,36842000,197758000,0,16.82,4.44
2025-12-28,GOGO,-0.05,817729000.0,None,0.896,0.799,,None,243206000,243206000,,,,,,,,,9000,85226000,None,46819000,46819000,28425000,None,None,36504000,None,None,21898000,,,,,12.76,0.0341,-112199000,-90301000,0.09,2014-09-30,6.23,620000,389240000.0,-9977000,-142266000,30067000,78122000,78122000,None,30067000,None,17246000,None,None,304661000,None,None,-142266000,None,None,None,0.129,,100859000,-110836000,12367000,73011000,None,18126000,None,,,,,-0.43,5.77,0.755,,,,,,,,-0.0065,,327707000,2025-10-30,quarterly,0.1241,USD,pre-market,22859000,-661145000,0.0855,-0.0663,1.224,6.19,28340000,318204000,9399000,20000,9.99,7.14,37.8889,744986000,309323000,129899000,526072000,435663000,396173000,36842000,218914000,0,16.82,4.44
2025-12-28,GOGO,-0.05,817729000.0,None,0.896,0.799,,None,196163000,196163000,,,,,,,,,9000,85085000,None,46819000,46819000,21382000,None,None,31775000,None,None,21898000,,,,,12.76,0.0341,-112199000,-90301000,0.09,2014-06-30,6.23,620000,389240000.0,-9977000,-142266000,30067000,76637000,76637000,None,30067000,None,12606000,None,None,232275000,None,None,-142266000,None,None,None,0.129,,100859000,-110836000,15549000,65802000,None,16153000,None,,,,,-0.43,5.77,0.755,,,,,,,,-0.0065,,304693000,2025-10-30,quarterly,0.1241,USD,pre-market,22859000,-636246000,0.0855,-0.0663,1.224,6.19,28340000,240722000,10190000,19000,9.99,7.14,37.8889,667857000,256093000,111076000,427232000,411764000,316156000,36842000,240625000,0,16.82,4.44
2025-12-28,GOGO,-0.05,817729000.0,None,0.896,0.799,,None,219572000,219572000,,,,,,,,,9000,84995000,None,46819000,46819000,16428000,None,None,29669000,None,None,21898000,,,,,12.76,0.0341,-112199000,-90301000,0.09,2014-03-31,6.23,620000,389240000.0,-9977000,-142266000,30067000,74369000,74369000,None,30067000,None,11693000,None,None,233951000,None,None,-142266000,None,None,None,0.129,,100859000,-110836000,18272000,61979000,None,16253000,None,,,,,-0.43,5.77,0.755,,,,,,,,-0.0065,,283494000,2025-10-30,quarterly,0.1241,USD,pre-market,22859000,-617584000,0.0855,-0.0663,1.224,6.19,28340000,246329000,8315000,1020000,9.99,7.14,37.8889,669431000,279206000,99816000,414119000,390225000,314303000,36842000,255312000,0,16.82,4.44
2025-12-28,GOGO,-0.05,817729000.0,None,0.896,0.799,,None,266342000,266342000,,,,,,,,,8000,84230000,None,46819000,46819000,22251000,None,None,25690000,None,None,21898000,,,,,12.76,0.0341,-112199000,-90301000,0.09,2013-12-31,6.23,620000,389240000.0,-9977000,-142266000,30067000,72848000,72848000,None,30067000,None,13646000,None,None,235627000,None,None,-142266000,None,None,None,0.129,,100859000,-110836000,16287000,68109000,None,14436000,None,,,,,-0.43,5.77,0.755,,,,,,,,-0.0065,,265634000,2025-10-30,quarterly,0.1241,USD,pre-market,22859000,-600718000,0.0855,-0.0663,1.224,6.19,28340000,243514000,7887000,1006000,9.99,7.14,37.8889,689000000,321965000,109965000,418810000,367035000,308845000,36842000,270190000,0,16.82,4.44
2025-12-28,GOGO,-0.05,817729000.0,None,0.896,0.799,,None,284691000,284691000,,,,,,,,,8000,84097000,None,46819000,46819000,15210000,None,None,27380000,None,None,21898000,,,,,12.76,0.0341,-112199000,-90301000,0.09,2013-09-30,6.23,4319000,389240000.0,-9977000,-142266000,30067000,68652000,68652000,None,30067000,None,14888000,None,None,237303000,None,None,-142266000,None,None,None,0.129,,100859000,-110836000,10898000,55200000,None,8586000,None,,,,,-0.43,5.77,0.755,,,,,,,,-0.0065,,251010000,2025-10-30,quarterly,0.1241,USD,pre-market,22859000,-578613000,0.0855,-0.0663,1.224,6.19,28340000,244911000,7608000,145000,9.99,7.14,37.8889,689104000,337857000,93123000,399723000,351247000,306600000,36842000,289381000,0,16.82,4.44
2025-12-28,GOGO,-0.05,817729000.0,None,0.896,0.799,,None,312154000,312154000,,,,,,,,,8000,84507909,None,46819000,46819000,17609000,None,None,25466000,None,None,21898000,,,,,12.76,0.0341,-112199000,-90301000,0.09,2013-06-30,6.23,3669000,389240000.0,-9977000,-142266000,30067000,67080000,67080000,None,30067000,None,16443000,None,None,238979000,None,None,-142266000,None,None,None,0.129,,100859000,-110836000,6709000,58340000,None,5734000,None,,,,,-0.43,5.77,0.755,,,,,,,,-0.0065,,238053000,2025-10-30,quarterly,0.1241,USD,pre-market,22859000,-559895000,0.0855,-0.0663,1.224,6.19,28340000,245905000,6926000,193000,9.99,7.14,37.8889,703416000,360772000,94084000,396585000,342644000,302501000,36842000,306831000,None,16.82,4.44
2025-12-28,GOGO,-0.05,817729000.0,None,0.896,0.799,,None,77960000,77960000,,,,,,,,,7000,84918818,None,46819000,46819000,18923000,None,None,25694000,None,None,21898000,,,,,12.76,0.0341,-112199000,-90301000,0.09,2013-03-31,6.23,620000,389240000.0,-9977000,-142266000,30067000,57896000,57896000,None,30067000,None,13401000,None,None,130680000,None,None,-142266000,None,None,None,0.129,,100859000,-110836000,7045000,42663000,None,None,None,,,,,-0.43,5.77,0.755,,,,,,,,-0.0065,,213567000,2025-10-30,quarterly,0.1241,USD,pre-market,22859000,-523109000,0.0855,-0.0663,1.224,6.19,28340000,134571000,4091000,215000,9.99,7.14,37.8889,419198000,124100000,75128000,264173000,295098000,189045000,36842000,155025000,None,16.82,4.44
2025-12-28,GOGO,-0.05,817729000.0,None,0.896,0.799,,None,112576000,112576000,,,,,,,,,None,84918818,None,46819000,46819000,16691000,None,None,24253000,None,None,21898000,,,,,12.76,0.0341,-112199000,-90301000,0.09,2012-12-31,6.23,620000,389240000.0,-9977000,-142266000,30067000,58147000,58147000,None,30067000,None,12149000,None,None,131650000,None,None,-142266000,None,None,None,0.129,,100859000,-110836000,6367000,48952000,None,None,None,,,,,-0.43,5.77,0.755,,,,,,,,-0.0065,,197674000,2025-10-30,quarterly,0.1241,USD,pre-market,22859000,-454867000,0.0855,-0.0663,1.224,6.19,28340000,135541000,4091000,214000,9.99,7.14,37.8889,432115000,155345000,79314000,263514000,276770000,184200000,36842000,168601000,None,16.82,4.44
2025-12-28,GOGO,-0.05,817729000.0,None,0.896,0.799,,None,None,None,,,,,,,,,None,84918818,None,46819000,46819000,None,None,None,None,None,None,21898000,,,,,12.76,0.0341,-112199000,-90301000,0.09,2012-09-30,6.23,None,389240000.0,-9977000,-142266000,30067000,None,None,None,30067000,None,None,None,None,None,None,None,-142266000,None,None,None,0.129,,100859000,-110836000,None,None,None,None,None,,,,,-0.43,5.77,0.755,,,,,,,,-0.0065,,None,2025-10-30,quarterly,0.1241,USD,pre-market,22859000,None,0.0855,-0.0663,1.224,6.19,28340000,None,None,None,9.99,7.14,37.8889,None,None,None,None,None,None,36842000,None,None,16.82,4.44
2025-12-28,GOGO,-0.05,817729000.0,None,0.896,0.799,,None,153501000,153501000,,,,,,,,,None,84918818,None,46819000,46819000,13399000,None,None,20397000,None,None,21898000,,,,,12.76,0.0341,-112199000,-90301000,0.09,2012-06-30,6.23,620000,389240000.0,-9977000,-142266000,30067000,55119000,55119000,None,30067000,None,7100000,None,None,None,None,None,-142266000,None,None,None,0.129,,100859000,-110836000,4698000,31451000,None,None,None,,,,,-0.43,5.77,0.755,,,,,,,,-0.0065,,None,2025-10-30,quarterly,0.1241,USD,pre-market,22859000,-405155000,0.0855,-0.0663,1.224,6.19,28340000,137427000,4038000,None,9.99,7.14,37.8889,425711000,185696000,55979000,808325000,240015000,752346000,36842000,-382614000,None,16.82,4.44
2025-12-28,GOGO,-0.05,817729000.0,None,0.896,0.799,,None,39902000,39902000,,,,,,,,,None,84918818,None,46819000,46819000,11538000,None,None,17276000,None,None,21898000,,,,,12.76,0.0341,-112199000,-90301000,0.09,2012-03-31,6.23,620000,389240000.0,-9977000,-142266000,30067000,53683000,53683000,None,30067000,None,8134000,None,None,None,None,None,-142266000,None,None,None,0.129,,100859000,-110836000,5031000,23140000,None,None,None,,,,,-0.43,5.77,0.755,,,,,,,,-0.0065,,None,2025-10-30,quarterly,0.1241,USD,pre-market,22859000,-408055000,0.0855,-0.0663,1.224,6.19,28340000,2513000,623000,None,9.99,7.14,37.8889,283879000,70343000,42525000,654272000,213536000,611747000,36842000,-370393000,None,16.82,4.44
2025-12-28,GOGO,-0.05,817729000.0,None,0.896,0.799,,None,42591000,42591000,,,,,,,,,None,84918818,None,46819000,46819000,13713000,None,None,20965000,None,None,21898000,,,,,12.76,0.0341,-112199000,-90301000,0.09,2011-12-31,6.23,620000,389240000.0,-9977000,-142266000,30067000,53557000,53557000,None,30067000,None,9123000,None,None,2016000,None,None,-142266000,None,None,None,0.129,,100859000,-110836000,4887000,25285000,None,None,None,,,,,-0.43,5.77,0.755,,,,,,,,-0.0065,,150944000,2025-10-30,quarterly,0.1241,USD,pre-market,22859000,-404589000,0.0855,-0.0663,1.224,6.19,28340000,2636000,620000,213000,9.99,7.14,37.8889,285636000,77566000,46252000,639298000,208070000,593046000,36842000,-353662000,None,16.82,4.44
2025-12-28,GOGO,-0.05,817729000.0,None,0.896,0.799,,None,53031000,53031000,,,,,,,,,None,84918818,None,46819000,46819000,8916000,None,None,13942000,None,None,21898000,,,,,12.76,0.0341,-112199000,-90301000,0.09,2011-09-30,6.23,620000,389240000.0,-9977000,-142266000,30067000,50628000,50628000,None,30067000,None,7473000,None,None,None,None,None,-142266000,None,None,None,0.129,,100859000,-110836000,4440000,21643000,None,None,None,,,,,-0.43,5.77,0.755,,,,,,,,-0.0065,,None,2025-10-30,quarterly,0.1241,USD,pre-market,22859000,-425834000,0.0855,-0.0663,1.224,6.19,28340000,2589000,447000,None,9.99,7.14,37.8889,277232000,78886000,37576000,639359000,198346000,601783000,36842000,-362127000,None,16.82,4.44
2025-12-28,GOGO,-0.05,817729000.0,None,0.896,0.799,,None,None,None,,,,,,,,,None,84918818,None,46819000,46819000,None,None,None,None,None,None,21898000,,,,,12.76,0.0341,-112199000,-90301000,0.09,2011-06-30,6.23,None,389240000.0,-9977000,-142266000,30067000,None,None,None,30067000,None,None,None,None,None,None,None,-142266000,None,None,None,0.129,,100859000,-110836000,None,None,None,None,None,,,,,-0.43,5.77,0.755,,,,,,,,-0.0065,,None,2025-10-30,quarterly,0.1241,USD,pre-market,22859000,None,0.0855,-0.0663,1.224,6.19,28340000,None,None,None,9.99,7.14,37.8889,None,None,None,None,None,None,36842000,None,None,16.82,4.44
2025-12-28,GOGO,-0.05,817729000.0,None,0.896,0.799,,None,None,None,,,,,,,,,None,84918818,None,46819000,46819000,None,None,None,None,None,None,21898000,,,,,12.76,0.0341,-112199000,-90301000,0.09,2011-03-31,6.23,None,389240000.0,-9977000,-142266000,30067000,None,None,None,30067000,None,None,None,None,None,None,None,-142266000,None,None,None,0.129,,100859000,-110836000,None,None,None,None,None,,,,,-0.43,5.77,0.755,,,,,,,,-0.0065,,None,2025-10-30,quarterly,0.1241,USD,pre-market,22859000,None,0.0855,-0.0663,1.224,6.19,28340000,None,None,None,9.99,7.14,37.8889,None,None,None,None,None,None,36842000,None,None,16.82,4.44
2025-12-28,GOGO,-0.05,817729000.0,None,0.896,0.799,,None,18883000,18883000,,,,,,,,,None,84918818,None,46819000,46819000,9498000,None,None,14707000,None,None,21898000,,,,,12.76,0.0341,-112199000,-90301000,0.09,2010-12-31,6.23,620000,389240000.0,-9977000,-142266000,30067000,53440000,53440000,None,30067000,None,5849000,None,None,2000000,None,None,-142266000,None,None,None,0.129,,100859000,-110836000,4478000,16529000,None,None,None,,,,,-0.43,5.77,0.755,,,,,,,,-0.0065,,137144000,2025-10-30,quarterly,0.1241,USD,pre-market,22859000,-428204000,0.0855,-0.0663,1.224,6.19,28340000,2000000,3109000,1720000,9.99,7.14,37.8889,236940000,43917000,31458000,567313000,193023000,535855000,36842000,-330373000,None,16.82,4.44
2025-12-28,GOGO,-0.05,817729000.0,None,0.896,0.799,,None,68452000,68452000,,,,,,,,,None,None,None,46819000,46819000,13884000,None,None,None,None,None,21898000,,,,,12.76,0.0341,-112199000,-90301000,0.09,2009-12-31,6.23,620000,389240000.0,-9977000,-142266000,30067000,None,None,None,30067000,None,6918000,None,None,None,None,None,-142266000,None,None,None,0.129,,100859000,-110836000,2873000,19297000,None,None,None,,,,,-0.43,5.77,0.755,,,,,,,,-0.0065,,123903000,2025-10-30,quarterly,0.1241,USD,pre-market,22859000,None,0.0855,-0.0663,1.224,6.19,28340000,None,None,1712000,9.99,7.14,37.8889,274849000,None,33226000,None,None,None,36842000,None,None,16.82,4.44
2025-12-28,GOGO,-0.05,817729000.0,None,0.896,0.799,,80854000,41765000,41765000,,,,,,,,,14000,131455000,None,46819000,46819000,67231000,None,2500000,143417000,None,None,21898000,,,,,12.76,0.0341,-112199000,-90301000,0.09,2024-12-31,6.23,184831000,389240000.0,-9977000,-142266000,30067000,275331000,275331000,None,30067000,None,97934000,None,None,831581000,None,4207000,-142266000,None,None,None,0.129,,100859000,-110836000,39977000,60247000,None,78120000,None,,,,,-0.43,5.77,0.755,,,,,,,,-0.0065,,None,2025-10-30,annual,0.1241,USD,pre-market,22859000,-1200145000,0.0855,-0.0663,1.224,6.19,28340000,914935000,15176000,None,9.99,7.14,37.8889,1229231000,323093000,182028000,1159907000,906138000,977879000,36842000,69324000,None,16.82,4.44
2025-12-28,GOGO,-0.05,817729000.0,None,0.896,0.799,,83331000,139036000,139036000,,,,,,,,,14000,133282999,None,46819000,46819000,16094000,None,7250000,73446000,None,None,21898000,,,,,12.76,0.0341,-112199000,-90301000,0.09,2023-12-31,6.23,620000,389240000.0,-9977000,-142266000,30067000,55027000,55027000,None,30067000,None,63187000,None,None,587501000,None,0,-142266000,None,None,None,0.129,,100859000,-110836000,38925000,35191000,None,8270000,None,,,,,-0.43,5.77,0.755,,,,,,,,-0.0065,,None,2025-10-30,annual,0.1241,USD,pre-market,22859000,-1213891000,0.0855,-0.0663,1.224,6.19,28340000,678088000,17538000,23227000,9.99,7.14,37.8889,781539000,314594000,71996000,740814000,466945000,668818000,36842000,40725000,None,16.82,4.44
2025-12-28,GOGO,-0.05,817729000.0,None,0.896,0.799,,79241000,150550000,150550000,,,,,,,,,14000,133923000,None,46819000,46819000,13646000,None,7250000,89200000,None,None,21898000,,,,,12.76,0.0341,-112199000,-90301000,0.09,2022-12-31,6.23,600000,389240000.0,-9977000,-142266000,30067000,48889000,48889000,None,30067000,None,49493000,None,None,690173000,None,None,-142266000,None,None,None,0.129,,100859000,-110836000,10110000,48680000,None,7611000,None,,,,,-0.43,5.77,0.755,,,,,,,,-0.0065,,179856000,2025-10-30,annual,0.1241,USD,pre-market,22859000,-1359569000,0.0855,-0.0663,1.224,6.19,28340000,785758000,16344000,24796000,9.99,7.14,37.8889,759526000,324149000,84370000,861395000,435377000,777025000,36842000,-101869000,None,16.82,4.44
2025-12-28,GOGO,-0.05,817729000.0,None,0.896,0.799,,84773000,145913000,145913000,,,,,,,,,11000,127205000,None,46819000,46819000,17203000,None,109620000,62424000,None,None,21898000,,,,,12.76,0.0341,-112199000,-90301000,0.09,2021-12-31,6.23,600000,389240000.0,-9977000,-142266000,30067000,48934000,48934000,None,30067000,None,33976000,None,None,694760000,None,None,-142266000,None,None,None,0.129,,100859000,-110836000,7601000,50427000,None,84565000,None,,,,,-0.43,5.77,0.755,,,,,,,,-0.0065,,63672000,2025-10-30,annual,0.1241,USD,pre-market,22859000,-1451628000,0.0855,-0.0663,1.224,6.19,28340000,889153000,117064000,925000,9.99,7.14,37.8889,647687000,249914000,188516000,967841000,397773000,779325000,36842000,-320154000,-128803000,16.82,4.44
2025-12-28,GOGO,-0.05,817729000.0,None,0.896,0.799,,46107000,435345000,435345000,,,,,,,,,9000,82266000,None,46819000,46819000,11013000,None,341000000,42250000,None,None,21898000,,,,,12.76,0.0341,-112199000,-90301000,0.09,2020-12-31,6.23,600000,389240000.0,-9977000,-142266000,30067000,52073000,52073000,None,30067000,None,28114000,None,None,827968000,None,None,-142266000,None,None,None,0.129,,100859000,-110836000,6517000,63498000,None,48599000,None,,,,,-0.43,5.77,0.755,,,,,,,,-0.0065,,63493000,2025-10-30,annual,0.1241,USD,pre-market,22859000,-1629843000,0.0855,-0.0663,1.224,6.19,28340000,1215075000,349089000,None,9.99,7.14,37.8889,673588000,512226000,438135000,1314702000,161362000,876567000,36842000,-641114000,-98857000,16.82,4.44
2025-12-28,GOGO,-0.05,817729000.0,None,0.896,0.799,,90049000,170016000,170016000,,,,,,,,,9000,80766000,None,46819000,46819000,5495000,None,None,42862000,None,None,21898000,,,,,12.76,0.0341,-112199000,-90301000,0.09,2019-12-31,6.23,600000,389240000.0,-9977000,-142266000,30067000,51183000,51183000,None,30067000,None,35205000,None,None,1101248000,None,17453000,-142266000,None,None,None,0.129,,100859000,-110836000,176742000,232305000,None,124301000,None,,,,,-0.43,5.77,0.755,,,,,,,,-0.0065,,560318000,2025-10-30,annual,0.1241,USD,pre-market,22859000,-1376142000,0.0855,-0.0663,1.224,6.19,28340000,1150844000,7580000,170016000,9.99,7.14,37.8889,1214700000,424825000,252642000,1613590000,789875000,1360948000,36842000,-398890000,None,16.82,4.44
2025-12-28,GOGO,-0.05,817729000.0,None,0.896,0.799,,652000,184155000,184155000,,,,,,,,,9000,80038000,None,46819000,46819000,23860000,None,None,144731000,None,None,21898000,,,,,12.76,0.0341,-112199000,-90301000,0.09,2018-12-31,6.23,620000,389240000.0,-9977000,-142266000,30067000,82871000,82871000,None,30067000,None,193045000,None,None,1024893000,None,None,-142266000,None,None,None,0.129,,100859000,-110836000,24272000,237256000,None,80191000,None,,,,,-0.43,5.77,0.755,,,,,,,,-0.0065,,511867000,2025-10-30,annual,0.1241,USD,pre-market,22859000,-1228674000,0.0855,-0.0663,1.224,6.19,28340000,1025545000,652000,39323000,9.99,7.14,37.8889,1265096000,585526000,299687000,1533857000,679570000,1234170000,36842000,-268761000,None,16.82,4.44
2025-12-28,GOGO,-0.05,817729000.0,None,0.896,0.799,,1789000,196356000,196356000,,,,,,,,,9000,79407000,None,46819000,46819000,27130000,None,1003757000,117896000,None,None,21898000,,,,,12.76,0.0341,-112199000,-90301000,0.09,2017-12-31,6.23,620000,389240000.0,-9977000,-142266000,30067000,86513000,86513000,None,30067000,None,45543000,None,None,1000868000,None,None,-142266000,None,None,None,0.129,,100859000,-110836000,23670000,243911000,None,134655000,None,,,,,-0.43,5.77,0.755,,,,,,,,-0.0065,,656038000,2025-10-30,annual,0.1241,USD,pre-market,22859000,-1089369000,0.0855,-0.0663,1.224,6.19,28340000,1002657000,1789000,212792000,9.99,7.14,37.8889,1403175000,592897000,316278000,1594739000,810278000,1278461000,36842000,-191564000,0,16.82,4.44
2025-12-28,GOGO,-0.05,817729000.0,None,0.896,0.799,,None,117302000,117302000,,,,,,,,,9000,78915000,None,46819000,46819000,31689000,None,2799000,73743000,None,None,21898000,,,,,12.76,0.0341,-112199000,-90301000,0.09,2016-12-31,6.23,620000,389240000.0,-9977000,-142266000,30067000,85175000,85175000,None,30067000,None,50266000,None,None,800715000,None,None,-142266000,None,None,None,0.129,,100859000,-110836000,49884000,181054000,None,90668000,None,,,,,-0.43,5.77,0.755,,,,,,,,-0.0065,,519810000,2025-10-30,annual,0.1241,USD,pre-market,22859000,-917374000,0.0855,-0.0663,1.224,6.19,28340000,803514000,5598000,338477000,9.99,7.14,37.8889,1246196000,604730000,251063000,1286589000,641466000,1035526000,36842000,-40393000,0,16.82,4.44
2025-12-28,GOGO,-0.05,817729000.0,None,0.896,0.799,,None,366833000,366833000,,,,,,,,,9000,79701000,None,46819000,46819000,28189000,None,18835000,69317000,None,None,21898000,,,,,12.76,0.0341,-112199000,-90301000,0.09,2015-12-31,6.23,620000,389240000.0,-9977000,-142266000,30067000,78823000,78823000,None,30067000,None,20937000,None,None,542573000,None,None,-142266000,None,None,None,0.129,,100859000,-110836000,21740000,124057000,None,68850000,None,,,,,-0.43,5.77,0.755,,,,,,,,-0.0065,,434490000,2025-10-30,annual,0.1241,USD,pre-market,22859000,-792869000,0.0855,-0.0663,1.224,6.19,28340000,563850000,21277000,219491000,9.99,7.14,37.8889,1004353000,468007000,197578000,938158000,536346000,740580000,36842000,66195000,0,16.82,4.44
2025-12-28,GOGO,-0.05,817729000.0,None,0.896,0.799,,None,211236000,211236000,,,,,,,,,9000,85147000,None,46819000,46819000,41026000,None,8330000,48509000,None,None,21898000,,,,,12.76,0.0341,-112199000,-90301000,0.09,2014-12-31,6.23,620000,389240000.0,-9977000,-142266000,30067000,78464000,78464000,None,30067000,None,21913000,None,None,301922000,None,None,-142266000,None,None,None,0.129,,100859000,-110836000,13236000,79934000,None,26082000,None,,,,,-0.43,5.77,0.755,,,,,,,,-0.0065,,363108000,2025-10-30,annual,0.1241,USD,pre-market,22859000,-685256000,0.0855,-0.0663,1.224,6.19,28340000,312267000,10345000,45000,9.99,7.14,37.8889,767640000,294894000,151486000,569882000,472746000,418396000,36842000,197758000,0,16.82,4.44
2025-12-28,GOGO,-0.05,817729000.0,None,0.896,0.799,,None,266342000,266342000,,,,,,,,,8000,84612500,None,46819000,46819000,22251000,None,None,25690000,None,None,21898000,,,,,12.76,0.0341,-112199000,-90301000,0.09,2013-12-31,6.23,620000,389240000.0,-9977000,-142266000,30067000,72848000,72848000,None,30067000,None,13646000,None,None,235627000,None,None,-142266000,None,None,None,0.129,,100859000,-110836000,16287000,68109000,None,14436000,None,,,,,-0.43,5.77,0.755,,,,,,,,-0.0065,,265634000,2025-10-30,annual,0.1241,USD,pre-market,22859000,-600718000,0.0855,-0.0663,1.224,6.19,28340000,243514000,7887000,1006000,9.99,7.14,37.8889,689000000,321965000,109965000,418810000,367035000,308845000,36842000,270190000,0,16.82,4.44
2025-12-28,GOGO,-0.05,817729000.0,None,0.896,0.799,,None,112576000,112576000,,,,,,,,,None,84918818,None,46819000,46819000,16691000,None,None,24253000,None,None,21898000,,,,,12.76,0.0341,-112199000,-90301000,0.09,2012-12-31,6.23,620000,389240000.0,-9977000,-142266000,30067000,58147000,58147000,None,30067000,None,12149000,None,None,131650000,None,None,-142266000,None,None,None,0.129,,100859000,-110836000,6367000,43035000,None,None,None,,,,,-0.43,5.77,0.755,,,,,,,,-0.0065,,197674000,2025-10-30,annual,0.1241,USD,pre-market,22859000,-454867000,0.0855,-0.0663,1.224,6.19,28340000,135541000,4091000,214000,9.99,7.14,37.8889,432115000,155345000,79314000,263514000,276770000,184200000,36842000,168601000,None,16.82,4.44
2025-12-28,GOGO,-0.05,817729000.0,None,0.896,0.799,,None,42591000,42591000,,,,,,,,,None,84918818,None,46819000,46819000,13713000,None,None,20965000,None,None,21898000,,,,,12.76,0.0341,-112199000,-90301000,0.09,2011-12-31,6.23,620000,389240000.0,-9977000,-142266000,30067000,53557000,53557000,None,30067000,None,9123000,None,None,2016000,None,None,-142266000,None,None,None,0.129,,100859000,-110836000,4887000,27787000,None,None,None,,,,,-0.43,5.77,0.755,,,,,,,,-0.0065,,150944000,2025-10-30,annual,0.1241,USD,pre-market,22859000,-404589000,0.0855,-0.0663,1.224,6.19,28340000,2636000,620000,213000,9.99,7.14,37.8889,285636000,77566000,46252000,639298000,208070000,593046000,36842000,-353662000,None,16.82,4.44
2025-12-28,GOGO,-0.05,817729000.0,None,0.896,0.799,,None,18883000,18883000,,,,,,,,,None,84918818,None,46819000,46819000,9498000,None,None,14707000,None,None,21898000,,,,,12.76,0.0341,-112199000,-90301000,0.09,2010-12-31,6.23,620000,389240000.0,-9977000,-142266000,30067000,53440000,53440000,None,30067000,None,5849000,None,None,None,None,None,-142266000,None,None,None,0.129,,100859000,-110836000,4478000,16529000,None,None,None,,,,,-0.43,5.77,0.755,,,,,,,,-0.0065,,None,2025-10-30,annual,0.1241,USD,pre-market,22859000,-428204000,0.0855,-0.0663,1.224,6.19,28340000,2000000,3109000,None,9.99,7.14,37.8889,236940000,43917000,31458000,567313000,193023000,535855000,36842000,-330373000,None,16.82,4.44
2025-12-28,GOGO,-0.05,817729000.0,None,0.896,0.799,,None,68452000,68452000,,,,,,,,,None,84918818,None,46819000,46819000,13884000,None,None,5433000,None,None,21898000,,,,,12.76,0.0341,-112199000,-90301000,0.09,2009-12-31,6.23,620000,389240000.0,-9977000,-142266000,30067000,61878000,61878000,None,30067000,None,6918000,None,None,None,None,None,-142266000,None,None,None,0.129,,100859000,-110836000,2873000,16259000,None,None,None,,,,,-0.43,5.77,0.755,,,,,,,,-0.0065,,None,2025-10-30,annual,0.1241,USD,pre-market,22859000,-314825000,0.0855,-0.0663,1.224,6.19,28340000,45000,45000,None,9.99,7.14,37.8889,274849000,85388000,33226000,466693000,189461000,433467000,36842000,-191844000,None,16.82,4.44
2025-12-28,GOGO,-0.05,817729000.0,None,0.896,0.799,22626000,None,68452000,68452000,1161000,-16252000,None,None,6075000,None,None,None,None,84918818,None,46819000,46819000,13884000,None,None,5433000,None,None,21898000,15214000,None,None,None,12.76,0.0341,-112199000,-90301000,0.09,2025-09-30,6.23,620000,389240000.0,-9977000,-142266000,30067000,61878000,61878000,None,30067000,None,6918000,None,None,None,None,None,-1930000,None,None,None,0.129,46804000,100859000,-110836000,2873000,16259000,None,None,None,None,None,None,None,-0.43,5.77,0.755,None,None,None,None,None,0,None,-0.0065,None,None,2025-10-30,quarterly,0.1241,USD,pre-market,22859000,-314825000,0.0855,-0.0663,1.224,6.19,28340000,45000,45000,None,9.99,7.14,37.8889,274849000,85388000,33226000,466693000,189461000,433467000,36842000,-191844000,None,16.82,4.44
2025-12-28,GOGO,-0.05,817729000.0,None,0.896,0.799,3178000,None,68452000,68452000,-695000,-4786000,None,None,5835000,None,None,None,None,84918818,None,46819000,46819000,13884000,None,None,5433000,None,None,21898000,15117000,None,None,None,12.76,0.0341,-112199000,-90301000,0.09,2025-06-30,6.23,620000,389240000.0,-9977000,-142266000,30067000,61878000,61878000,None,30067000,None,6918000,None,None,None,None,None,12807000,None,None,None,0.129,36711000,100859000,-110836000,2873000,16259000,None,None,None,None,None,None,None,-0.43,5.77,0.755,None,None,None,None,None,0,None,-0.0065,None,None,2025-10-30,quarterly,0.1241,USD,pre-market,22859000,-314825000,0.0855,-0.0663,1.224,6.19,28340000,45000,45000,None,9.99,7.14,37.8889,274849000,85388000,33226000,466693000,189461000,433467000,36842000,-191844000,None,16.82,4.44
2025-12-28,GOGO,-0.05,817729000.0,None,0.896,0.799,6169000,None,68452000,68452000,-1574000,-2435000,None,None,4148000,None,None,None,None,84918818,None,46819000,46819000,13884000,None,None,5433000,None,None,21898000,14143000,None,None,None,12.76,0.0341,-112199000,-90301000,0.09,2025-03-31,6.23,620000,389240000.0,-9977000,-142266000,30067000,61878000,61878000,None,30067000,None,6918000,None,None,None,None,None,12042000,None,None,None,0.129,32472000,100859000,-110836000,2873000,16259000,None,None,None,None,None,None,None,-0.43,5.77,0.755,None,None,None,None,None,0,None,-0.0065,None,None,2025-10-30,quarterly,0.1241,USD,pre-market,22859000,-314825000,0.0855,-0.0663,1.224,6.19,28340000,45000,45000,None,9.99,7.14,37.8889,274849000,85388000,33226000,466693000,189461000,433467000,36842000,-191844000,None,16.82,4.44
2025-12-28,GOGO,-0.05,817729000.0,None,0.896,0.799,8161000,None,68452000,68452000,237593000,-333978000,None,None,-4563000,None,None,None,None,84918818,None,46819000,46819000,13884000,None,None,5433000,None,None,21898000,7229000,None,None,None,12.76,0.0341,-112199000,-90301000,0.09,2024-12-31,6.23,620000,389240000.0,-9977000,-142266000,30067000,61878000,61878000,None,30067000,None,6918000,None,None,None,None,None,-28213000,None,None,None,0.129,-38319000,100859000,-110836000,2873000,16259000,None,None,None,None,None,None,None,-0.43,5.77,0.755,None,None,None,None,None,-2422000,None,-0.0065,None,None,2025-10-30,quarterly,0.1241,USD,pre-market,22859000,-314825000,0.0855,-0.0663,1.224,6.19,28340000,45000,45000,None,9.99,7.14,37.8889,274849000,85388000,33226000,466693000,189461000,433467000,36842000,-191844000,None,16.82,4.44
2025-12-28,GOGO,-0.05,817729000.0,None,0.896,0.799,4417000,None,68452000,68452000,-9449000,-540000,None,None,-5790000,None,None,None,None,84918818,None,46819000,46819000,13884000,None,None,5433000,None,None,21898000,4015000,None,None,None,12.76,0.0341,-112199000,-90301000,0.09,2024-09-30,6.23,620000,389240000.0,-9977000,-142266000,30067000,61878000,61878000,None,30067000,None,6918000,None,None,None,None,None,10630000,None,None,None,0.129,25134000,100859000,-110836000,2873000,16259000,None,None,None,None,None,None,None,-0.43,5.77,0.755,None,None,None,None,None,-7606000,None,-0.0065,None,None,2025-10-30,quarterly,0.1241,USD,pre-market,22859000,-314825000,0.0855,-0.0663,1.224,6.19,28340000,45000,45000,None,9.99,7.14,37.8889,274849000,85388000,33226000,466693000,189461000,433467000,36842000,-191844000,None,16.82,4.44
2025-12-28,GOGO,-0.05,817729000.0,None,0.896,0.799,6527000,None,68452000,68452000,-16157000,-81000,None,None,240000,None,None,None,None,84918818,None,46819000,46819000,13884000,None,None,5433000,None,None,21898000,3887000,None,None,None,12.76,0.0341,-112199000,-90301000,0.09,2024-06-30,6.23,620000,389240000.0,-9977000,-142266000,30067000,61878000,61878000,None,30067000,None,6918000,None,None,None,None,None,839000,None,None,None,0.129,24949000,100859000,-110836000,2873000,16259000,None,None,None,None,None,None,None,-0.43,5.77,0.755,None,None,None,None,None,-13020000,None,-0.0065,None,None,2025-10-30,quarterly,0.1241,USD,pre-market,22859000,-314825000,0.0855,-0.0663,1.224,6.19,28340000,45000,45000,None,9.99,7.14,37.8889,274849000,85388000,33226000,466693000,189461000,433467000,36842000,-191844000,None,16.82,4.44
2025-12-28,GOGO,-0.05,817729000.0,None,0.896,0.799,4171000,None,68452000,68452000,-13296000,-2604000,None,None,-6111000,None,None,None,None,84918818,None,46819000,46819000,13884000,None,None,5433000,None,None,21898000,3841000,None,None,None,12.76,0.0341,-112199000,-90301000,0.09,2024-03-31,6.23,620000,389240000.0,-9977000,-142266000,30067000,61878000,61878000,None,30067000,None,6918000,None,None,None,None,None,30490000,None,None,None,0.129,29657000,100859000,-110836000,2873000,16259000,None,None,None,None,None,None,None,-0.43,5.77,0.755,None,None,None,None,None,-10137000,None,-0.0065,None,None,2025-10-30,quarterly,0.1241,USD,pre-market,22859000,-314825000,0.0855,-0.0663,1.224,6.19,28340000,45000,45000,None,9.99,7.14,37.8889,274849000,85388000,33226000,466693000,189461000,433467000,36842000,-191844000,None,16.82,4.44
2025-12-28,GOGO,-0.05,817729000.0,None,0.896,0.799,5371000,None,68452000,68452000,-6553000,33264000,None,None,-395000,None,None,None,None,84918818,None,46819000,46819000,13884000,None,None,5433000,None,None,21898000,4679000,None,None,None,12.76,0.0341,-112199000,-90301000,0.09,2023-12-31,6.23,620000,389240000.0,-9977000,-142266000,30067000,61878000,61878000,None,30067000,None,6918000,None,None,None,None,None,14467000,None,None,None,0.129,26152000,100859000,-110836000,2873000,16259000,None,None,None,None,None,None,None,-0.43,5.77,0.755,None,None,None,None,None,-4822000,None,-0.0065,None,None,2025-10-30,quarterly,0.1241,USD,pre-market,22859000,-314825000,0.0855,-0.0663,1.224,6.19,28340000,45000,45000,None,9.99,7.14,37.8889,274849000,85388000,33226000,466693000,189461000,433467000,36842000,-191844000,None,16.82,4.44
2025-12-28,GOGO,-0.05,817729000.0,None,0.896,0.799,5355000,None,68452000,68452000,-2412000,-27331000,None,None,-2542000,None,None,None,None,84918818,None,46819000,46819000,13884000,None,None,5433000,None,None,21898000,4692000,None,None,None,12.76,0.0341,-112199000,-90301000,0.09,2023-09-30,6.23,620000,389240000.0,-9977000,-142266000,30067000,61878000,61878000,None,30067000,None,6918000,None,None,None,None,None,20913000,None,None,None,0.129,18677000,100859000,-110836000,2873000,16259000,None,None,None,None,None,None,None,-0.43,5.77,0.755,None,None,None,None,None,0,None,-0.0065,None,None,2025-10-30,quarterly,0.1241,USD,pre-market,22859000,-314825000,0.0855,-0.0663,1.224,6.19,28340000,45000,45000,None,9.99,7.14,37.8889,274849000,85388000,33226000,466693000,189461000,433467000,36842000,-191844000,None,16.82,4.44
2025-12-28,GOGO,-0.05,817729000.0,None,0.896,0.799,8766000,None,68452000,68452000,-104024000,22364000,-66033000,None,-5754000,None,None,-4335000,None,84918818,None,46819000,46819000,13884000,None,None,5433000,None,None,21898000,4539000,None,None,None,12.76,0.0341,-112199000,-90301000,0.09,2023-06-30,6.23,620000,389240000.0,-9977000,-142266000,30067000,61878000,61878000,None,30067000,None,6918000,None,None,None,None,None,89849000,None,None,None,0.129,15627000,100859000,-110836000,2873000,16259000,None,None,None,None,None,None,None,-0.43,5.77,0.755,None,None,None,None,None,0,None,-0.0065,None,None,2025-10-30,quarterly,0.1241,USD,pre-market,22859000,-314825000,0.0855,-0.0663,1.224,6.19,28340000,45000,45000,None,9.99,7.14,37.8889,274849000,85388000,33226000,466693000,189461000,433467000,36842000,-191844000,None,16.82,4.44
2025-12-28,GOGO,-0.05,817729000.0,None,0.896,0.799,4596000,None,68452000,68452000,-7445000,1559000,12628000,None,-5003000,None,None,7405000,None,84918818,None,46819000,46819000,13884000,None,None,5433000,None,None,21898000,2791000,None,None,None,12.76,0.0341,-112199000,-90301000,0.09,2023-03-31,6.23,620000,389240000.0,-9977000,-142266000,30067000,61878000,61878000,None,30067000,None,6918000,None,None,None,None,None,20449000,None,None,None,0.129,18514000,100859000,-110836000,2873000,16259000,None,None,None,None,None,None,None,-0.43,5.77,0.755,None,None,None,None,None,0,None,-0.0065,None,None,2025-10-30,quarterly,0.1241,USD,pre-market,22859000,-314825000,0.0855,-0.0663,1.224,6.19,28340000,45000,45000,None,9.99,7.14,37.8889,274849000,85388000,33226000,466693000,189461000,433467000,36842000,-191844000,None,16.82,4.44
2025-12-28,GOGO,-0.05,817729000.0,None,0.896,0.799,9982000,None,68452000,68452000,-1736000,-31289000,None,None,-2895000,None,None,None,None,84918818,None,46819000,46819000,13884000,None,None,5433000,None,None,21898000,2574000,None,None,None,12.76,0.0341,-112199000,-90301000,0.09,2022-12-31,6.23,620000,389240000.0,-9977000,-142266000,30067000,61878000,61878000,None,30067000,None,6918000,None,None,None,None,None,27670000,None,None,None,0.129,31466000,100859000,-110836000,2873000,16259000,None,None,None,None,None,None,None,-0.43,5.77,0.755,None,None,None,None,None,-18375000,None,-0.0065,None,None,2025-10-30,quarterly,0.1241,USD,pre-market,22859000,-314825000,0.0855,-0.0663,1.224,6.19,28340000,45000,45000,None,9.99,7.14,37.8889,274849000,85388000,33226000,466693000,189461000,433467000,36842000,-191844000,None,16.82,4.44
2025-12-28,GOGO,-0.05,817729000.0,None,0.896,0.799,19982000,None,68452000,68452000,-20409000,-19179000,-11889000,None,-4055000,None,None,-5019000,None,84918818,None,46819000,46819000,13884000,None,None,5433000,None,None,21898000,2716000,None,None,None,12.76,0.0341,-112199000,-90301000,0.09,2022-09-30,6.23,620000,389240000.0,-9977000,-142266000,30067000,61878000,61878000,None,30067000,None,6918000,None,None,None,None,None,20176000,None,None,None,0.129,27699000,100859000,-110836000,2873000,16259000,None,None,None,None,None,None,None,-0.43,5.77,0.755,None,None,None,None,None,-18375000,None,-0.0065,None,None,2025-10-30,quarterly,0.1241,USD,pre-market,22859000,-314825000,0.0855,-0.0663,1.224,6.19,28340000,45000,45000,None,9.99,7.14,37.8889,274849000,85388000,33226000,466693000,189461000,433467000,36842000,-191844000,None,16.82,4.44
2025-12-28,GOGO,-0.05,817729000.0,None,0.896,0.799,10895000,None,68452000,68452000,-4364000,-10895000,11115000,None,-6076000,None,None,-2699000,None,84918818,None,46819000,46819000,13884000,None,None,5433000,None,None,21898000,3499000,None,None,None,12.76,0.0341,-112199000,-90301000,0.09,2022-06-30,6.23,620000,389240000.0,-9977000,-142266000,30067000,61878000,61878000,None,30067000,None,6918000,None,None,None,None,None,22017000,None,None,None,0.129,26374000,100859000,-110836000,2873000,16259000,None,None,None,None,None,None,None,-0.43,5.77,0.755,None,None,None,None,None,None,None,-0.0065,None,None,2025-10-30,quarterly,0.1241,USD,pre-market,22859000,-314825000,0.0855,-0.0663,1.224,6.19,28340000,45000,45000,None,9.99,7.14,37.8889,274849000,85388000,33226000,466693000,189461000,433467000,36842000,-191844000,None,16.82,4.44
2025-12-28,GOGO,-0.05,817729000.0,None,0.896,0.799,9055000,None,68452000,68452000,-1879000,-9055000,6932000,None,-2491000,None,None,-4571000,None,84918818,None,46819000,46819000,13884000,None,None,5433000,None,None,21898000,3791000,None,None,None,12.76,0.0341,-112199000,-90301000,0.09,2022-03-31,6.23,620000,389240000.0,-9977000,-142266000,30067000,61878000,61878000,None,30067000,None,6918000,None,None,None,None,None,22196000,None,None,None,0.129,17866000,100859000,-110836000,2873000,16259000,None,None,None,None,None,None,None,-0.43,5.77,0.755,None,None,None,None,None,None,None,-0.0065,None,None,2025-10-30,quarterly,0.1241,USD,pre-market,22859000,-314825000,0.0855,-0.0663,1.224,6.19,28340000,45000,45000,None,9.99,7.14,37.8889,274849000,85388000,33226000,466693000,189461000,433467000,36842000,-191844000,None,16.82,4.44
2025-12-28,GOGO,-0.05,817729000.0,None,0.896,0.799,4656000,None,68452000,68452000,-4814000,-12458000,20872000,None,-4012000,None,None,2445000,None,84918818,None,46819000,46819000,13884000,None,None,5433000,None,None,21898000,3658000,None,None,None,12.76,0.0341,-112199000,-90301000,0.09,2021-12-31,6.23,620000,389240000.0,-9977000,-142266000,30067000,61878000,61878000,None,30067000,None,6918000,None,None,None,None,None,209137000,None,None,None,0.129,29940000,100859000,-110836000,2873000,16259000,None,None,None,None,None,None,None,-0.43,5.77,0.755,None,None,None,None,None,None,None,-0.0065,None,None,2025-10-30,quarterly,0.1241,USD,pre-market,22859000,-314825000,0.0855,-0.0663,1.224,6.19,28340000,45000,45000,None,9.99,7.14,37.8889,274849000,85388000,33226000,466693000,189461000,433467000,36842000,-191844000,None,16.82,4.44
2025-12-28,GOGO,-0.05,817729000.0,None,0.896,0.799,2178000,None,68452000,68452000,-1295000,-1178000,24281000,None,-2542000,None,None,-1391000,None,84918818,None,46819000,46819000,13884000,None,None,5433000,None,None,21898000,4160000,None,None,None,12.76,0.0341,-112199000,-90301000,0.09,2021-09-30,6.23,620000,389240000.0,-9977000,-142266000,30067000,61878000,61878000,None,30067000,None,6918000,None,None,None,None,None,19730000,None,None,None,0.129,26745000,100859000,-110836000,2873000,16259000,None,None,None,None,None,None,None,-0.43,5.77,0.755,None,None,None,None,None,None,None,-0.0065,None,None,2025-10-30,quarterly,0.1241,USD,pre-market,22859000,-314825000,0.0855,-0.0663,1.224,6.19,28340000,45000,45000,None,9.99,7.14,37.8889,274849000,85388000,33226000,466693000,189461000,433467000,36842000,-191844000,None,16.82,4.44
2025-12-28,GOGO,-0.05,817729000.0,None,0.896,0.799,1124000,None,68452000,68452000,-321608000,-9753000,-346334000,None,1138000,None,None,-2715000,None,84918818,None,46819000,46819000,13884000,None,None,5433000,None,None,21898000,3547000,None,None,None,12.76,0.0341,-112199000,-90301000,0.09,2021-06-30,6.23,620000,389240000.0,-9977000,-142266000,30067000,61878000,61878000,None,30067000,None,6918000,None,None,None,None,None,-66394000,None,None,None,0.129,-15025000,100859000,-110836000,2873000,16259000,None,None,None,None,None,None,None,-0.43,5.77,0.755,None,None,None,None,None,None,None,-0.0065,None,None,2025-10-30,quarterly,0.1241,USD,pre-market,22859000,-314825000,0.0855,-0.0663,1.224,6.19,28340000,45000,45000,None,9.99,7.14,37.8889,274849000,85388000,33226000,466693000,189461000,433467000,36842000,-191844000,None,16.82,4.44
2025-12-28,GOGO,-0.05,817729000.0,None,0.896,0.799,702000,None,68452000,68452000,-3320000,-702000,20552000,None,-446000,None,None,3586000,None,84918818,None,46819000,46819000,13884000,None,None,5433000,None,None,21898000,4117000,None,None,None,12.76,0.0341,-112199000,-90301000,0.09,2021-03-31,6.23,620000,389240000.0,-9977000,-142266000,30067000,61878000,61878000,None,30067000,None,6918000,None,None,None,None,None,-5884000,None,None,None,0.129,23826000,100859000,-110836000,2873000,16259000,None,None,None,None,None,None,None,-0.43,5.77,0.755,None,None,None,None,None,None,None,-0.0065,None,None,2025-10-30,quarterly,0.1241,USD,pre-market,22859000,-314825000,0.0855,-0.0663,1.224,6.19,28340000,45000,45000,None,9.99,7.14,37.8889,274849000,85388000,33226000,466693000,189461000,433467000,36842000,-191844000,None,16.82,4.44
2025-12-28,GOGO,-0.05,817729000.0,None,0.896,0.799,2627000,None,68452000,68452000,28728000,382918000,10009000,None,6993000,None,None,-7304000,None,84918818,None,46819000,46819000,13884000,None,None,5433000,None,None,21898000,4049000,None,None,None,12.76,0.0341,-112199000,-90301000,0.09,2020-12-31,6.23,620000,389240000.0,-9977000,-142266000,30067000,61878000,61878000,None,30067000,None,6918000,None,None,None,None,None,-16080000,None,None,None,0.129,-96993000,100859000,-110836000,2873000,16259000,None,None,None,None,None,None,None,-0.43,5.77,0.755,None,None,None,None,None,None,None,-0.0065,None,None,2025-10-30,quarterly,0.1241,USD,pre-market,22859000,-314825000,0.0855,-0.0663,1.224,6.19,28340000,45000,45000,None,9.99,7.14,37.8889,274849000,85388000,33226000,466693000,189461000,433467000,36842000,-191844000,None,16.82,4.44
2025-12-28,GOGO,-0.05,817729000.0,None,0.896,0.799,1293000,None,68452000,68452000,1767000,-13503000,45631000,None,2385000,None,None,-16342000,None,84918818,None,46819000,46819000,13884000,None,None,5433000,None,None,21898000,3320000,None,None,None,12.76,0.0341,-112199000,-90301000,0.09,2020-09-30,6.23,620000,389240000.0,-9977000,-142266000,30067000,61878000,61878000,None,30067000,None,6918000,None,None,None,None,None,-8890000,None,None,None,0.129,-27138000,100859000,-110836000,2873000,16259000,None,None,None,None,None,None,None,-0.43,5.77,0.755,None,None,None,None,None,None,None,-0.0065,None,None,2025-10-30,quarterly,0.1241,USD,pre-market,22859000,-314825000,0.0855,-0.0663,1.224,6.19,28340000,45000,45000,None,9.99,7.14,37.8889,274849000,85388000,33226000,466693000,189461000,433467000,36842000,-191844000,None,16.82,4.44
2025-12-28,GOGO,-0.05,817729000.0,None,0.896,0.799,4194000,None,68452000,68452000,-4928000,-5791000,-57302000,None,-91000,None,None,19876000,None,84918818,None,46819000,46819000,13884000,None,None,5433000,None,None,21898000,3218000,None,None,None,12.76,0.0341,-112199000,-90301000,0.09,2020-06-30,6.23,620000,389240000.0,-9977000,-142266000,30067000,61878000,61878000,None,30067000,None,6918000,None,None,None,None,None,-14201000,None,None,None,0.129,-46583000,100859000,-110836000,2873000,16259000,None,None,None,None,None,None,None,-0.43,5.77,0.755,None,None,None,None,None,None,None,-0.0065,None,None,2025-10-30,quarterly,0.1241,USD,pre-market,22859000,-314825000,0.0855,-0.0663,1.224,6.19,28340000,45000,45000,None,9.99,7.14,37.8889,274849000,85388000,33226000,466693000,189461000,433467000,36842000,-191844000,None,16.82,4.44
2025-12-28,GOGO,-0.05,817729000.0,None,0.896,0.799,876000,None,68452000,68452000,18858000,-15221000,41664000,None,-2196000,None,None,5085000,None,84918818,None,46819000,46819000,13884000,None,None,5433000,None,None,21898000,3579000,None,None,None,12.76,0.0341,-112199000,-90301000,0.09,2020-03-31,6.23,620000,389240000.0,-9977000,-142266000,30067000,61878000,61878000,None,30067000,None,6918000,None,None,None,None,None,-9388000,None,None,None,0.129,38027000,100859000,-110836000,2873000,16259000,None,None,None,None,None,None,None,-0.43,5.77,0.755,None,None,None,None,None,-397000,None,-0.0065,None,None,2025-10-30,quarterly,0.1241,USD,pre-market,22859000,-314825000,0.0855,-0.0663,1.224,6.19,28340000,45000,45000,None,9.99,7.14,37.8889,274849000,85388000,33226000,466693000,189461000,433467000,36842000,-191844000,None,16.82,4.44
2025-12-28,GOGO,-0.05,817729000.0,None,0.896,0.799,37250000,None,68452000,68452000,533000,-37308000,-48053000,None,16269000,None,None,1402000,None,84918818,None,46819000,46819000,13884000,None,None,5433000,None,None,21898000,28809000,None,None,None,12.76,0.0341,-112199000,-90301000,0.09,2019-12-31,6.23,620000,389240000.0,-9977000,-142266000,30067000,61878000,61878000,None,30067000,None,6918000,None,None,None,None,None,-22351000,None,None,None,0.129,-11278000,100859000,-110836000,2873000,16259000,None,None,None,None,None,None,None,-0.43,5.77,0.755,None,None,None,None,None,325000,None,-0.0065,None,None,2025-10-30,quarterly,0.1241,USD,pre-market,22859000,-314825000,0.0855,-0.0663,1.224,6.19,28340000,45000,45000,None,9.99,7.14,37.8889,274849000,85388000,33226000,466693000,189461000,433467000,36842000,-191844000,None,16.82,4.44
2025-12-28,GOGO,-0.05,817729000.0,None,0.896,0.799,35983000,None,68452000,68452000,-1239000,-33839000,34726000,None,18120000,None,None,7766000,None,84918818,None,46819000,46819000,13884000,None,None,5433000,None,None,21898000,29292000,None,None,None,12.76,0.0341,-112199000,-90301000,0.09,2019-09-30,6.23,620000,389240000.0,-9977000,-142266000,30067000,61878000,61878000,None,30067000,None,6918000,None,None,None,None,None,-22891000,None,None,None,0.129,69804000,100859000,-110836000,2873000,16259000,None,None,None,None,None,None,None,-0.43,5.77,0.755,None,None,None,None,None,88000,None,-0.0065,None,None,2025-10-30,quarterly,0.1241,USD,pre-market,22859000,-314825000,0.0855,-0.0663,1.224,6.19,28340000,45000,45000,None,9.99,7.14,37.8889,274849000,85388000,33226000,466693000,189461000,433467000,36842000,-191844000,None,16.82,4.44
2025-12-28,GOGO,-0.05,817729000.0,None,0.896,0.799,14534000,None,68452000,68452000,-2097000,-14269000,-4675000,None,-4179000,None,None,10095000,None,84918818,None,46819000,46819000,13884000,None,None,5433000,None,None,21898000,29967000,None,None,None,12.76,0.0341,-112199000,-90301000,0.09,2019-06-30,6.23,620000,389240000.0,-9977000,-142266000,30067000,61878000,61878000,None,30067000,None,6918000,None,None,None,None,None,-83963000,None,None,None,0.129,11691000,100859000,-110836000,2873000,16259000,None,None,None,None,None,None,None,-0.43,5.77,0.755,None,None,None,None,None,-178000,None,-0.0065,None,None,2025-10-30,quarterly,0.1241,USD,pre-market,22859000,-314825000,0.0855,-0.0663,1.224,6.19,28340000,45000,45000,None,9.99,7.14,37.8889,274849000,85388000,33226000,466693000,189461000,433467000,36842000,-191844000,None,16.82,4.44
2025-12-28,GOGO,-0.05,817729000.0,None,0.896,0.799,27711000,None,68452000,68452000,-740000,11707000,4811000,None,-1118000,None,None,10635000,None,84918818,None,46819000,46819000,13884000,None,None,5433000,None,None,21898000,30749000,None,None,None,12.76,0.0341,-112199000,-90301000,0.09,2019-03-31,6.23,620000,389240000.0,-9977000,-142266000,30067000,61878000,61878000,None,30067000,None,6918000,None,None,None,None,None,-16799000,None,None,None,0.129,-6156000,100859000,-110836000,2873000,16259000,None,None,None,None,None,None,None,-0.43,5.77,0.755,None,None,None,None,None,-58000,None,-0.0065,None,None,2025-10-30,quarterly,0.1241,USD,pre-market,22859000,-314825000,0.0855,-0.0663,1.224,6.19,28340000,45000,45000,None,9.99,7.14,37.8889,274849000,85388000,33226000,466693000,189461000,433467000,36842000,-191844000,None,16.82,4.44
2025-12-28,GOGO,-0.05,817729000.0,None,0.896,0.799,7251000,None,68452000,68452000,28859000,42001000,80445000,None,-13311000,None,None,11437000,None,84918818,None,46819000,46819000,13884000,None,None,5433000,None,None,21898000,33170000,None,None,None,12.76,0.0341,-112199000,-90301000,0.09,2018-12-31,6.23,620000,389240000.0,-9977000,-142266000,30067000,61878000,61878000,None,30067000,None,6918000,None,None,None,None,None,-59688000,None,None,None,0.129,9585000,100859000,-110836000,2873000,16259000,None,None,None,None,None,None,None,-0.43,5.77,0.755,None,None,None,None,None,396000,None,-0.0065,None,None,2025-10-30,quarterly,0.1241,USD,pre-market,22859000,-314825000,0.0855,-0.0663,1.224,6.19,28340000,45000,45000,None,9.99,7.14,37.8889,274849000,85388000,33226000,466693000,189461000,433467000,36842000,-191844000,None,16.82,4.44
2025-12-28,GOGO,-0.05,817729000.0,None,0.896,0.799,9246000,None,68452000,68452000,-101000,25370000,-37598000,None,-31228000,None,None,-4979000,None,84918818,None,46819000,46819000,13884000,None,None,5433000,None,None,21898000,32590000,0,0,None,12.76,0.0341,-112199000,-90301000,0.09,2018-09-30,6.23,620000,389240000.0,-9977000,-142266000,30067000,61878000,61878000,None,30067000,None,6918000,None,None,None,None,None,-37717000,None,None,None,0.129,-62867000,100859000,-110836000,2873000,16259000,None,None,None,None,None,None,None,-0.43,5.77,0.755,None,None,None,None,None,0,None,-0.0065,None,None,2025-10-30,quarterly,0.1241,USD,pre-market,22859000,-314825000,0.0855,-0.0663,1.224,6.19,28340000,45000,45000,None,9.99,7.14,37.8889,274849000,85388000,33226000,466693000,189461000,433467000,36842000,-191844000,None,16.82,4.44
2025-12-28,GOGO,-0.05,817729000.0,None,0.896,0.799,52508000,None,68452000,68452000,-756000,6934000,23354000,None,6081000,None,None,-9476000,None,84918818,None,46819000,46819000,13884000,None,None,5433000,None,None,21898000,31938000,0,0,None,12.76,0.0341,-112199000,-90301000,0.09,2018-06-30,6.23,620000,389240000.0,-9977000,-142266000,30067000,61878000,61878000,None,30067000,None,6918000,None,None,None,None,None,-37207000,None,None,None,0.129,17176000,100859000,-110836000,2873000,16259000,None,None,None,None,None,None,None,-0.43,5.77,0.755,None,None,None,None,None,0,None,-0.0065,None,None,2025-10-30,quarterly,0.1241,USD,pre-market,22859000,-314825000,0.0855,-0.0663,1.224,6.19,28340000,45000,45000,None,9.99,7.14,37.8889,274849000,85388000,33226000,466693000,189461000,433467000,36842000,-191844000,None,16.82,4.44
2025-12-28,GOGO,-0.05,817729000.0,None,0.896,0.799,62658000,None,68452000,68452000,-688000,-32499000,-79392000,None,-12304000,None,None,-14046000,None,84918818,None,46819000,46819000,13884000,None,None,5433000,None,None,21898000,35919000,0,0,None,12.76,0.0341,-112199000,-90301000,0.09,2018-03-31,6.23,620000,389240000.0,-9977000,-142266000,30067000,61878000,61878000,None,30067000,None,6918000,None,None,None,None,None,-27419000,None,None,None,0.129,-46205000,100859000,-110836000,2873000,16259000,None,None,None,None,None,None,None,-0.43,5.77,0.755,None,None,None,None,None,0,None,-0.0065,None,None,2025-10-30,quarterly,0.1241,USD,pre-market,22859000,-314825000,0.0855,-0.0663,1.224,6.19,28340000,45000,45000,None,9.99,7.14,37.8889,274849000,85388000,33226000,466693000,189461000,433467000,36842000,-191844000,None,16.82,4.44
2025-12-28,GOGO,-0.05,817729000.0,None,0.896,0.799,65992000,None,68452000,68452000,-536000,-90138000,-26022000,187000,3078000,None,None,-5668000,None,84918818,None,46819000,46819000,13884000,None,None,5433000,None,None,21898000,48669000,0,0,None,12.76,0.0341,-112199000,-90301000,0.09,2017-12-31,6.23,620000,389240000.0,-9977000,-142266000,30067000,61878000,61878000,None,30067000,None,6918000,None,None,None,None,None,-41138000,None,None,None,0.129,64465000,100859000,-110836000,2873000,16259000,None,None,None,None,None,None,None,-0.43,5.77,0.755,None,None,None,None,None,0,None,-0.0065,None,None,2025-10-30,quarterly,0.1241,USD,pre-market,22859000,-314825000,0.0855,-0.0663,1.224,6.19,28340000,45000,45000,None,9.99,7.14,37.8889,274849000,85388000,33226000,466693000,189461000,433467000,36842000,-191844000,None,16.82,4.44
2025-12-28,GOGO,-0.05,817729000.0,None,0.896,0.799,68495000,None,68452000,68452000,109056000,23264000,125962000,239000,3420000,None,None,-24814000,None,84918818,None,46819000,46819000,13884000,None,None,5433000,None,None,21898000,35824000,0,0,None,12.76,0.0341,-112199000,-90301000,0.09,2017-09-30,6.23,620000,389240000.0,-9977000,-142266000,30067000,61878000,61878000,None,30067000,None,6918000,None,None,None,None,None,-45281000,None,None,None,0.129,-6597000,100859000,-110836000,2873000,16259000,None,None,None,None,None,None,None,-0.43,5.77,0.755,None,None,None,None,None,0,None,-0.0065,None,None,2025-10-30,quarterly,0.1241,USD,pre-market,22859000,-314825000,0.0855,-0.0663,1.224,6.19,28340000,45000,45000,None,9.99,7.14,37.8889,274849000,85388000,33226000,466693000,189461000,433467000,36842000,-191844000,None,16.82,4.44
2025-12-28,GOGO,-0.05,817729000.0,None,0.896,0.799,74135000,None,68452000,68452000,-2522000,-23601000,-9513000,175000,-806000,None,None,-10444000,None,84918818,None,46819000,46819000,13884000,None,None,5433000,None,None,21898000,30562000,0,0,None,12.76,0.0341,-112199000,-90301000,0.09,2017-06-30,6.23,620000,389240000.0,-9977000,-142266000,30067000,61878000,61878000,None,30067000,None,6918000,None,None,None,None,None,-44209000,None,None,None,0.129,16435000,100859000,-110836000,2873000,16259000,None,None,None,None,None,None,None,-0.43,5.77,0.755,None,None,None,None,None,-555000,None,-0.0065,None,None,2025-10-30,quarterly,0.1241,USD,pre-market,22859000,-314825000,0.0855,-0.0663,1.224,6.19,28340000,45000,45000,None,9.99,7.14,37.8889,274849000,85388000,33226000,466693000,189461000,433467000,36842000,-191844000,None,16.82,4.44
2025-12-28,GOGO,-0.05,817729000.0,None,0.896,0.799,71608000,None,68452000,68452000,68938000,-66406000,-11373000,142000,-969000,None,None,-2872000,None,84918818,None,46819000,46819000,13884000,None,None,5433000,None,None,21898000,30435000,0,0,None,12.76,0.0341,-112199000,-90301000,0.09,2017-03-31,6.23,620000,389240000.0,-9977000,-142266000,30067000,61878000,61878000,None,30067000,None,6918000,None,None,None,None,None,-41367000,None,None,None,0.129,-14047000,100859000,-110836000,2873000,16259000,None,None,None,None,None,None,None,-0.43,5.77,0.755,None,None,None,None,None,0,None,-0.0065,None,None,2025-10-30,quarterly,0.1241,USD,pre-market,22859000,-314825000,0.0855,-0.0663,1.224,6.19,28340000,45000,45000,None,9.99,7.14,37.8889,274849000,85388000,33226000,466693000,189461000,433467000,36842000,-191844000,None,16.82,4.44
2025-12-28,GOGO,-0.05,817729000.0,None,0.896,0.799,48187000,None,68452000,68452000,-1373000,-47851000,-29528000,-144000,-14676000,None,None,-11139000,None,84918818,None,46819000,46819000,13884000,None,None,5433000,None,None,21898000,29600000,0,0,None,12.76,0.0341,-112199000,-90301000,0.09,2016-12-31,6.23,620000,389240000.0,-9977000,-142266000,30067000,61878000,61878000,None,30067000,None,6918000,None,None,None,None,None,-26932000,None,None,None,0.129,19840000,100859000,-110836000,2873000,16259000,None,None,None,None,None,None,None,-0.43,5.77,0.755,None,None,None,None,None,0,None,-0.0065,None,None,2025-10-30,quarterly,0.1241,USD,pre-market,22859000,-314825000,0.0855,-0.0663,1.224,6.19,28340000,45000,45000,None,9.99,7.14,37.8889,274849000,85388000,33226000,466693000,189461000,433467000,36842000,-191844000,None,16.82,4.44
2025-12-28,GOGO,-0.05,817729000.0,None,0.896,0.799,43653000,None,68452000,68452000,-268000,-162654000,-142280000,-145000,-10498000,None,None,2465000,None,84918818,None,46819000,46819000,13884000,None,None,5433000,None,None,21898000,26779000,0,0,None,12.76,0.0341,-112199000,-90301000,0.09,2016-09-30,6.23,620000,389240000.0,-9977000,-142266000,30067000,61878000,61878000,None,30067000,None,6918000,None,None,None,None,None,-33273000,None,None,None,0.129,20787000,100859000,-110836000,2873000,16259000,None,None,None,None,None,None,None,-0.43,5.77,0.755,None,None,None,None,None,0,None,-0.0065,None,None,2025-10-30,quarterly,0.1241,USD,pre-market,22859000,-314825000,0.0855,-0.0663,1.224,6.19,28340000,45000,45000,None,9.99,7.14,37.8889,274849000,85388000,33226000,466693000,189461000,433467000,36842000,-191844000,None,16.82,4.44
2025-12-28,GOGO,-0.05,817729000.0,None,0.896,0.799,47615000,None,68452000,68452000,216829000,-47615000,195930000,-53000,-3122000,None,None,5900000,None,84918818,None,46819000,46819000,13884000,None,None,5433000,None,None,21898000,24906000,0,0,None,12.76,0.0341,-112199000,-90301000,0.09,2016-06-30,6.23,620000,389240000.0,-9977000,-142266000,30067000,61878000,61878000,None,30067000,None,6918000,None,None,None,None,None,-40194000,None,None,None,0.129,26769000,100859000,-110836000,2873000,16259000,None,None,None,None,None,None,None,-0.43,5.77,0.755,None,None,None,None,None,-296000,None,-0.0065,None,None,2025-10-30,quarterly,0.1241,USD,pre-market,22859000,-314825000,0.0855,-0.0663,1.224,6.19,28340000,45000,45000,None,9.99,7.14,37.8889,274849000,85388000,33226000,466693000,189461000,433467000,36842000,-191844000,None,16.82,4.44
2025-12-28,GOGO,-0.05,817729000.0,None,0.896,0.799,37426000,None,68452000,68452000,-14135000,-37439000,-54162000,-180000,-1033000,None,None,-1491000,None,84918818,None,46819000,46819000,13884000,None,None,5433000,None,None,21898000,24357000,0,0,None,12.76,0.0341,-112199000,-90301000,0.09,2016-03-31,6.23,620000,389240000.0,-9977000,-142266000,30067000,61878000,61878000,None,30067000,None,6918000,None,None,None,None,None,-24106000,None,None,None,0.129,-2408000,100859000,-110836000,2873000,16259000,None,None,None,None,None,None,None,-0.43,5.77,0.755,None,None,None,None,None,296000,None,-0.0065,None,None,2025-10-30,quarterly,0.1241,USD,pre-market,22859000,-314825000,0.0855,-0.0663,1.224,6.19,28340000,45000,45000,None,9.99,7.14,37.8889,274849000,85388000,33226000,466693000,189461000,433467000,36842000,-191844000,None,16.82,4.44
2025-12-28,GOGO,-0.05,817729000.0,None,0.896,0.799,35365000,None,68452000,68452000,-3279000,-35577000,-21122000,215000,974000,None,None,-17878000,None,84918818,None,46819000,46819000,13884000,None,None,5433000,None,None,21898000,25222000,0,0,None,12.76,0.0341,-112199000,-90301000,0.09,2015-12-31,6.23,620000,389240000.0,-9977000,-142266000,30067000,61878000,61878000,None,30067000,None,6918000,None,None,None,None,None,-33879000,None,None,None,0.129,17519000,100859000,-110836000,2873000,16259000,None,None,None,None,None,None,None,-0.43,5.77,0.755,None,None,None,None,None,520000,None,-0.0065,None,None,2025-10-30,quarterly,0.1241,USD,pre-market,22859000,-314825000,0.0855,-0.0663,1.224,6.19,28340000,45000,45000,None,9.99,7.14,37.8889,274849000,85388000,33226000,466693000,189461000,433467000,36842000,-191844000,None,16.82,4.44
2025-12-28,GOGO,-0.05,817729000.0,None,0.896,0.799,23538000,None,68452000,68452000,-2540000,-23462000,-4162000,453000,825000,None,None,-5265000,None,84918818,None,46819000,46819000,13884000,None,None,5433000,None,None,21898000,22224000,0,0,None,12.76,0.0341,-112199000,-90301000,0.09,2015-09-30,6.23,620000,389240000.0,-9977000,-142266000,30067000,61878000,61878000,None,30067000,None,6918000,None,None,None,None,None,-28870000,None,None,None,0.129,21387000,100859000,-110836000,2873000,16259000,None,None,None,None,None,None,None,-0.43,5.77,0.755,None,None,None,None,None,407000,None,-0.0065,None,None,2025-10-30,quarterly,0.1241,USD,pre-market,22859000,-314825000,0.0855,-0.0663,1.224,6.19,28340000,45000,45000,None,9.99,7.14,37.8889,274849000,85388000,33226000,466693000,189461000,433467000,36842000,-191844000,None,16.82,4.44
2025-12-28,GOGO,-0.05,817729000.0,None,0.896,0.799,37382000,None,68452000,68452000,-2829000,-37382000,-7939000,-72000,1388000,None,None,-4422000,None,84918818,None,46819000,46819000,13884000,None,None,5433000,None,None,21898000,20813000,0,0,None,12.76,0.0341,-112199000,-90301000,0.09,2015-06-30,6.23,620000,389240000.0,-9977000,-142266000,30067000,61878000,61878000,None,30067000,None,6918000,None,None,None,None,None,-24772000,None,None,None,0.129,32344000,100859000,-110836000,2873000,16259000,None,None,None,None,None,None,None,-0.43,5.77,0.755,None,None,None,None,None,1152000,None,-0.0065,None,None,2025-10-30,quarterly,0.1241,USD,pre-market,22859000,-314825000,0.0855,-0.0663,1.224,6.19,28340000,45000,45000,None,9.99,7.14,37.8889,274849000,85388000,33226000,466693000,189461000,433467000,36842000,-191844000,None,16.82,4.44
2025-12-28,GOGO,-0.05,817729000.0,None,0.896,0.799,56863000,None,68452000,68452000,211869000,-56844000,188820000,189000,-2211000,None,None,6002000,None,84918818,None,46819000,46819000,13884000,None,None,5433000,None,None,21898000,18777000,0,0,None,12.76,0.0341,-112199000,-90301000,0.09,2015-03-31,6.23,620000,389240000.0,-9977000,-142266000,30067000,61878000,61878000,None,30067000,None,6918000,None,None,None,None,None,-20092000,None,None,None,0.129,33606000,100859000,-110836000,2873000,16259000,None,None,None,None,None,None,None,-0.43,5.77,0.755,None,None,None,None,None,2554000,None,-0.0065,None,None,2025-10-30,quarterly,0.1241,USD,pre-market,22859000,-314825000,0.0855,-0.0663,1.224,6.19,28340000,45000,45000,None,9.99,7.14,37.8889,274849000,85388000,33226000,466693000,189461000,433467000,36842000,-191844000,None,16.82,4.44
2025-12-28,GOGO,-0.05,817729000.0,None,0.896,0.799,40050000,None,68452000,68452000,-2014000,-40050000,-31970000,-18000,-4667000,None,None,-12097000,None,84918818,None,46819000,46819000,13884000,None,None,5433000,None,None,21898000,16866000,0,0,None,12.76,0.0341,-112199000,-90301000,0.09,2014-12-31,6.23,620000,389240000.0,-9977000,-142266000,30067000,61878000,61878000,None,30067000,None,6918000,None,None,None,None,None,-24111000,None,None,None,0.129,10112000,100859000,-110836000,2873000,16259000,None,None,None,None,None,None,None,-0.43,5.77,0.755,None,None,None,None,None,293000,None,-0.0065,None,None,2025-10-30,quarterly,0.1241,USD,pre-market,22859000,-314825000,0.0855,-0.0663,1.224,6.19,28340000,45000,45000,None,9.99,7.14,37.8889,274849000,85388000,33226000,466693000,189461000,433467000,36842000,-191844000,None,16.82,4.44
2025-12-28,GOGO,-0.05,817729000.0,None,0.896,0.799,40527000,None,68452000,68452000,72036000,-40527000,47043000,-88000,-4640000,None,None,-4735000,None,84918818,None,46819000,46819000,13884000,None,None,5433000,None,None,21898000,17016000,0,0,None,12.76,0.0341,-112199000,-90301000,0.09,2014-09-30,6.23,620000,389240000.0,-9977000,-142266000,30067000,61878000,61878000,None,30067000,None,6918000,None,None,None,None,None,-24899000,None,None,None,0.129,15622000,100859000,-110836000,2873000,16259000,None,None,None,None,None,None,None,-0.43,5.77,0.755,None,None,None,None,None,747000,None,-0.0065,None,None,2025-10-30,quarterly,0.1241,USD,pre-market,22859000,-314825000,0.0855,-0.0663,1.224,6.19,28340000,45000,45000,None,9.99,7.14,37.8889,274849000,85388000,33226000,466693000,189461000,433467000,36842000,-191844000,None,16.82,4.44
2025-12-28,GOGO,-0.05,817729000.0,None,0.896,0.799,32891000,None,68452000,68452000,-650000,-32860000,-23409000,54000,-913000,None,None,-2106000,None,84918818,None,46819000,46819000,13884000,None,None,5433000,None,None,21898000,14882000,0,0,None,12.76,0.0341,-112199000,-90301000,0.09,2014-06-30,6.23,620000,389240000.0,-9977000,-142266000,30067000,61878000,61878000,None,30067000,None,6918000,None,None,None,None,None,-18662000,None,None,None,0.129,10047000,100859000,-110836000,2873000,16259000,None,None,None,None,None,None,None,-0.43,5.77,0.755,None,None,None,None,None,1399000,None,-0.0065,None,None,2025-10-30,quarterly,0.1241,USD,pre-market,22859000,-314825000,0.0855,-0.0663,1.224,6.19,28340000,45000,45000,None,9.99,7.14,37.8889,274849000,85388000,33226000,466693000,189461000,433467000,36842000,-191844000,None,16.82,4.44
2025-12-28,GOGO,-0.05,817729000.0,None,0.896,0.799,36095000,None,68452000,68452000,-1377000,-38594000,-46770000,10000,1953000,None,None,-3979000,None,84918818,None,46819000,46819000,13884000,None,None,5433000,None,None,21898000,15687000,0,0,None,12.76,0.0341,-112199000,-90301000,0.09,2014-03-31,6.23,620000,389240000.0,-9977000,-142266000,30067000,61878000,61878000,None,30067000,None,6918000,None,None,None,None,None,-16866000,None,None,None,0.129,-6809000,100859000,-110836000,2873000,16259000,None,None,None,None,None,None,None,-0.43,5.77,0.755,None,None,None,None,None,626000,None,-0.0065,None,None,2025-10-30,quarterly,0.1241,USD,pre-market,22859000,-314825000,0.0855,-0.0663,1.224,6.19,28340000,45000,45000,None,9.99,7.14,37.8889,274849000,85388000,33226000,466693000,189461000,433467000,36842000,-191844000,None,16.82,4.44
2025-12-28,GOGO,-0.05,817729000.0,None,0.896,0.799,27354000,None,68452000,68452000,-1320000,-32236000,None,None,1242000,None,None,None,None,84918818,None,46819000,46819000,13884000,None,None,5433000,None,None,21898000,14291000,0,0,None,12.76,0.0341,-112199000,-90301000,0.09,2013-12-31,6.23,620000,389240000.0,-9977000,-142266000,30067000,61878000,61878000,None,30067000,None,6918000,None,None,None,None,None,-22105000,None,None,None,0.129,15218000,100859000,-110836000,2873000,16259000,None,None,None,None,None,None,None,-0.43,5.77,0.755,None,None,None,None,None,0,None,-0.0065,None,None,2025-10-30,quarterly,0.1241,USD,pre-market,22859000,-314825000,0.0855,-0.0663,1.224,6.19,28340000,45000,45000,None,9.99,7.14,37.8889,274849000,85388000,33226000,466693000,189461000,433467000,36842000,-191844000,None,16.82,4.44
2025-12-28,GOGO,-0.05,817729000.0,None,0.896,0.799,27906000,None,68452000,68452000,-4866000,-27856000,None,None,1555000,None,None,None,None,84918818,None,46819000,46819000,13884000,None,None,5433000,None,None,21898000,13664000,0,0,None,12.76,0.0341,-112199000,-90301000,0.09,2013-09-30,6.23,620000,389240000.0,-9977000,-142266000,30067000,61878000,61878000,None,30067000,None,6918000,None,None,None,None,None,-18718000,None,None,None,0.129,5251000,100859000,-110836000,2873000,16259000,None,None,None,None,None,None,None,-0.43,5.77,0.755,None,None,None,None,None,0,None,-0.0065,None,None,2025-10-30,quarterly,0.1241,USD,pre-market,22859000,-314825000,0.0855,-0.0663,1.224,6.19,28340000,45000,45000,None,9.99,7.14,37.8889,274849000,85388000,33226000,466693000,189461000,433467000,36842000,-191844000,None,16.82,4.44
2025-12-28,GOGO,-0.05,817729000.0,None,0.896,0.799,32611000,None,68452000,68452000,278151000,-41547000,None,None,-3042000,None,None,None,None,84918818,None,46819000,46819000,13884000,None,None,5433000,None,None,21898000,13709000,None,None,None,12.76,0.0341,-112199000,-90301000,0.09,2013-06-30,6.23,620000,389240000.0,-9977000,-142266000,30067000,61878000,61878000,None,30067000,None,6918000,None,None,None,None,None,-55989000,None,None,None,0.129,-2395000,100859000,-110836000,2873000,16259000,None,None,None,None,None,None,None,-0.43,5.77,0.755,None,None,None,None,None,None,None,-0.0065,None,None,2025-10-30,quarterly,0.1241,USD,pre-market,22859000,-314825000,0.0855,-0.0663,1.224,6.19,28340000,45000,45000,None,9.99,7.14,37.8889,274849000,85388000,33226000,466693000,189461000,433467000,36842000,-191844000,None,16.82,4.44
2025-12-28,GOGO,-0.05,817729000.0,None,0.896,0.799,33498000,None,68452000,68452000,-909000,-33413000,None,None,-1252000,None,None,None,None,84918818,None,46819000,46819000,13884000,None,None,5433000,None,None,21898000,13845000,None,None,None,12.76,0.0341,-112199000,-90301000,0.09,2013-03-31,6.23,620000,389240000.0,-9977000,-142266000,30067000,61878000,61878000,None,30067000,None,6918000,None,None,None,None,None,-14477000,None,None,None,0.129,-284000,100859000,-110836000,2873000,16259000,None,None,None,None,None,None,None,-0.43,5.77,0.755,None,None,None,None,None,None,None,-0.0065,None,None,2025-10-30,quarterly,0.1241,USD,pre-market,22859000,-314825000,0.0855,-0.0663,1.224,6.19,28340000,45000,45000,None,9.99,7.14,37.8889,274849000,85388000,33226000,466693000,189461000,433467000,36842000,-191844000,None,16.82,4.44
2025-12-28,GOGO,-0.05,817729000.0,None,0.896,0.799,24987000,None,68452000,68452000,-2032000,-24843000,None,None,-3498000,None,None,None,None,84918818,None,46819000,46819000,13884000,None,None,5433000,None,None,21898000,10214000,None,None,None,12.76,0.0341,-112199000,-90301000,0.09,2012-12-31,6.23,620000,389240000.0,-9977000,-142266000,30067000,61878000,61878000,None,30067000,None,6918000,None,None,None,None,None,-19104000,None,None,None,0.129,6407000,100859000,-110836000,2873000,16259000,None,None,None,None,None,None,None,-0.43,5.77,0.755,None,None,None,None,None,None,None,-0.0065,None,None,2025-10-30,quarterly,0.1241,USD,pre-market,22859000,-314825000,0.0855,-0.0663,1.224,6.19,28340000,45000,45000,None,9.99,7.14,37.8889,274849000,85388000,33226000,466693000,189461000,433467000,36842000,-191844000,None,16.82,4.44
2025-12-28,GOGO,-0.05,817729000.0,None,0.896,0.799,23247000,None,68452000,68452000,-1601000,-22558000,None,None,-1551000,None,None,None,None,84918818,None,46819000,46819000,13884000,None,None,5433000,None,None,21898000,9266000,None,None,None,12.76,0.0341,-112199000,-90301000,0.09,2012-09-30,6.23,620000,389240000.0,-9977000,-142266000,30067000,61878000,61878000,None,30067000,None,6918000,None,None,None,None,None,-13044000,None,None,None,0.129,3692000,100859000,-110836000,2873000,16259000,None,None,None,None,None,None,None,-0.43,5.77,0.755,None,None,None,None,None,None,None,-0.0065,None,None,2025-10-30,quarterly,0.1241,USD,pre-market,22859000,-314825000,0.0855,-0.0663,1.224,6.19,28340000,45000,45000,None,9.99,7.14,37.8889,274849000,85388000,33226000,466693000,189461000,433467000,36842000,-191844000,None,16.82,4.44
2025-12-28,GOGO,-0.05,817729000.0,None,0.896,0.799,17483000,None,68452000,68452000,123252000,-17713000,None,None,1034000,None,None,None,None,84918818,None,46819000,46819000,13884000,None,None,5433000,None,None,21898000,9162000,None,None,None,12.76,0.0341,-112199000,-90301000,0.09,2012-06-30,6.23,620000,389240000.0,-9977000,-142266000,30067000,61878000,61878000,None,30067000,None,6918000,None,None,None,None,None,2900000,None,None,None,0.129,8060000,100859000,-110836000,2873000,16259000,None,None,None,None,None,None,None,-0.43,5.77,0.755,None,None,None,None,None,None,None,-0.0065,None,None,2025-10-30,quarterly,0.1241,USD,pre-market,22859000,-314825000,0.0855,-0.0663,1.224,6.19,28340000,45000,45000,None,9.99,7.14,37.8889,274849000,85388000,33226000,466693000,189461000,433467000,36842000,-191844000,None,16.82,4.44
2025-12-28,GOGO,-0.05,817729000.0,None,0.896,0.799,13739000,None,68452000,68452000,-843000,-13739000,None,None,989000,None,None,None,None,84918818,None,46819000,46819000,13884000,None,None,5433000,None,None,21898000,8265000,None,None,None,12.76,0.0341,-112199000,-90301000,0.09,2012-03-31,6.23,620000,389240000.0,-9977000,-142266000,30067000,61878000,61878000,None,30067000,None,6918000,None,None,None,None,None,-3466000,None,None,None,0.129,11893000,100859000,-110836000,2873000,16259000,None,None,None,None,None,None,None,-0.43,5.77,0.755,None,None,None,None,None,None,None,-0.0065,None,None,2025-10-30,quarterly,0.1241,USD,pre-market,22859000,-314825000,0.0855,-0.0663,1.224,6.19,28340000,45000,45000,None,9.99,7.14,37.8889,274849000,85388000,33226000,466693000,189461000,433467000,36842000,-191844000,None,16.82,4.44
2025-12-28,GOGO,-0.05,817729000.0,None,0.896,0.799,14885000,None,68452000,68452000,-788000,-14773000,None,None,-1650000,None,None,None,None,84918818,None,46819000,46819000,13884000,None,None,5433000,None,None,21898000,8243000,None,None,None,12.76,0.0341,-112199000,-90301000,0.09,2011-12-31,6.23,620000,389240000.0,-9977000,-142266000,30067000,61878000,61878000,None,30067000,None,6918000,None,None,None,None,None,21245000,None,None,None,0.129,5121000,100859000,-110836000,2873000,16259000,None,None,None,None,None,None,None,-0.43,5.77,0.755,None,None,None,None,None,None,None,-0.0065,None,None,2025-10-30,quarterly,0.1241,USD,pre-market,22859000,-314825000,0.0855,-0.0663,1.224,6.19,28340000,45000,45000,None,9.99,7.14,37.8889,274849000,85388000,33226000,466693000,189461000,433467000,36842000,-191844000,None,16.82,4.44
2025-12-28,GOGO,-0.05,817729000.0,None,0.896,0.799,11551000,None,68452000,68452000,-13000,-9961000,None,None,-246000,None,None,None,None,84918818,None,46819000,46819000,13884000,None,None,5433000,None,None,21898000,8051000,None,None,None,12.76,0.0341,-112199000,-90301000,0.09,2011-09-30,6.23,620000,389240000.0,-9977000,-142266000,30067000,61878000,61878000,None,30067000,None,6918000,None,None,None,None,None,-13493000,None,None,None,0.129,2180000,100859000,-110836000,2873000,16259000,None,None,None,None,None,None,None,-0.43,5.77,0.755,None,None,None,None,None,None,None,-0.0065,None,None,2025-10-30,quarterly,0.1241,USD,pre-market,22859000,-314825000,0.0855,-0.0663,1.224,6.19,28340000,45000,45000,None,9.99,7.14,37.8889,274849000,85388000,33226000,466693000,189461000,433467000,36842000,-191844000,None,16.82,4.44
2025-12-28,GOGO,-0.05,817729000.0,None,0.896,0.799,11576000,None,68452000,68452000,19839000,-11576000,None,None,-446000,None,None,None,None,84918818,None,46819000,46819000,13884000,None,None,5433000,None,None,21898000,8263000,None,None,None,12.76,0.0341,-112199000,-90301000,0.09,2011-06-30,6.23,620000,389240000.0,-9977000,-142266000,30067000,61878000,61878000,None,30067000,None,6918000,None,None,None,None,None,26537000,None,None,None,0.129,1299000,100859000,-110836000,2873000,16259000,None,None,None,None,None,None,None,-0.43,5.77,0.755,None,None,None,None,None,None,None,-0.0065,None,None,2025-10-30,quarterly,0.1241,USD,pre-market,22859000,-314825000,0.0855,-0.0663,1.224,6.19,28340000,45000,45000,None,9.99,7.14,37.8889,274849000,85388000,33226000,466693000,189461000,433467000,36842000,-191844000,None,16.82,4.44
2025-12-28,GOGO,-0.05,817729000.0,None,0.896,0.799,5066000,None,68452000,68452000,36115000,-5066000,None,None,-932000,None,None,None,None,84918818,None,46819000,46819000,13884000,None,None,5433000,None,None,21898000,8116000,None,None,None,12.76,0.0341,-112199000,-90301000,0.09,2011-03-31,6.23,620000,389240000.0,-9977000,-142266000,30067000,61878000,61878000,None,30067000,None,6918000,None,None,None,None,None,-10674000,None,None,None,0.129,1331000,100859000,-110836000,2873000,16259000,None,None,None,None,None,None,None,-0.43,5.77,0.755,None,None,None,None,None,None,None,-0.0065,None,None,2025-10-30,quarterly,0.1241,USD,pre-market,22859000,-314825000,0.0855,-0.0663,1.224,6.19,28340000,45000,45000,None,9.99,7.14,37.8889,274849000,85388000,33226000,466693000,189461000,433467000,36842000,-191844000,None,16.82,4.44
2025-12-28,GOGO,-0.05,817729000.0,None,0.896,0.799,6134000,None,68452000,68452000,1943000,-5556000,None,None,830000,None,None,None,None,84918818,None,46819000,46819000,13884000,None,None,5433000,None,None,21898000,8317000,None,None,None,12.76,0.0341,-112199000,-90301000,0.09,2010-12-31,6.23,620000,389240000.0,-9977000,-142266000,30067000,61878000,61878000,None,30067000,None,6918000,None,None,None,None,None,3996000,None,None,None,0.129,590000,100859000,-110836000,2873000,16259000,None,None,None,None,None,None,None,-0.43,5.77,0.755,None,None,None,None,None,None,None,-0.0065,None,None,2025-10-30,quarterly,0.1241,USD,pre-market,22859000,-314825000,0.0855,-0.0663,1.224,6.19,28340000,45000,45000,None,9.99,7.14,37.8889,274849000,85388000,33226000,466693000,189461000,433467000,36842000,-191844000,None,16.82,4.44
2025-12-28,GOGO,-0.05,817729000.0,None,0.896,0.799,68832000,None,68452000,68452000,207623000,None,None,None,None,None,None,None,None,84918818,None,46819000,46819000,13884000,None,None,5433000,None,None,21898000,None,None,None,None,12.76,0.0341,-112199000,-90301000,0.09,2009-12-31,6.23,620000,389240000.0,-9977000,-142266000,30067000,61878000,61878000,None,30067000,None,6918000,None,None,None,None,None,None,None,None,None,0.129,None,100859000,-110836000,2873000,16259000,None,None,None,None,None,None,None,-0.43,5.77,0.755,None,None,None,None,None,None,None,-0.0065,None,None,2025-10-30,quarterly,0.1241,USD,pre-market,22859000,-314825000,0.0855,-0.0663,1.224,6.19,28340000,45000,45000,None,9.99,7.14,37.8889,274849000,85388000,33226000,466693000,189461000,433467000,36842000,-191844000,None,16.82,4.44
2025-12-28,GOGO,-0.05,817729000.0,None,0.896,0.799,13504000,None,68452000,68452000,198691000,-337203000,None,None,-16224000,None,None,None,None,84918818,None,46819000,46819000,13884000,None,None,5433000,None,None,21898000,18972000,None,None,None,12.76,0.0341,-112199000,-90301000,0.09,2024-12-31,6.23,620000,389240000.0,-9977000,-142266000,30067000,61878000,61878000,None,30067000,None,6918000,None,None,None,None,None,13746000,None,None,None,0.129,41421000,100859000,-110836000,2873000,16259000,None,None,None,None,None,None,None,-0.43,5.77,0.755,None,None,None,None,None,-33185000,None,-0.0065,None,None,2025-10-30,annual,0.1241,USD,pre-market,22859000,-314825000,0.0855,-0.0663,1.224,6.19,28340000,45000,45000,None,9.99,7.14,37.8889,274849000,85388000,33226000,466693000,189461000,433467000,36842000,-191844000,None,16.82,4.44
2025-12-28,GOGO,-0.05,817729000.0,None,0.896,0.799,24088000,None,68452000,68452000,-120434000,29856000,None,None,-13694000,None,None,None,None,84918818,None,46819000,46819000,13884000,None,None,5433000,None,None,21898000,16701000,None,None,None,12.76,0.0341,-112199000,-90301000,0.09,2023-12-31,6.23,620000,389240000.0,-9977000,-142266000,30067000,61878000,61878000,None,30067000,None,6918000,None,None,None,None,None,145678000,None,None,None,0.129,78970000,100859000,-110836000,2873000,16259000,None,None,None,None,None,None,None,-0.43,5.77,0.755,None,None,None,None,None,-4822000,None,-0.0065,None,None,2025-10-30,annual,0.1241,USD,pre-market,22859000,-314825000,0.0855,-0.0663,1.224,6.19,28340000,45000,45000,None,9.99,7.14,37.8889,274849000,85388000,33226000,466693000,189461000,433467000,36842000,-191844000,None,16.82,4.44
2025-12-28,GOGO,-0.05,817729000.0,None,0.896,0.799,49914000,None,68452000,68452000,-28388000,-70418000,None,None,-15517000,None,None,None,None,84918818,None,46819000,46819000,13884000,None,None,5433000,None,None,21898000,12580000,None,None,None,12.76,0.0341,-112199000,-90301000,0.09,2022-12-31,6.23,620000,389240000.0,-9977000,-142266000,30067000,61878000,61878000,None,30067000,None,6918000,None,None,None,None,None,92059000,None,None,None,0.129,103405000,100859000,-110836000,2873000,16259000,None,None,None,None,None,None,None,-0.43,5.77,0.755,None,None,None,None,None,-18375000,None,-0.0065,None,None,2025-10-30,annual,0.1241,USD,pre-market,22859000,-314825000,0.0855,-0.0663,1.224,6.19,28340000,45000,45000,None,9.99,7.14,37.8889,274849000,85388000,33226000,466693000,189461000,433467000,36842000,-191844000,None,16.82,4.44
2025-12-28,GOGO,-0.05,817729000.0,None,0.896,0.799,8660000,None,68452000,68452000,-331037000,-24091000,-280629000,None,-5862000,None,None,1925000,None,84918818,None,46819000,46819000,13884000,None,None,5433000,None,None,21898000,15482000,None,None,None,12.76,0.0341,-112199000,-90301000,0.09,2021-12-31,6.23,620000,389240000.0,-9977000,-142266000,30067000,61878000,61878000,None,30067000,None,6918000,None,None,None,None,None,156589000,None,None,None,0.129,65486000,100859000,-110836000,2873000,16259000,None,None,None,None,None,None,None,-0.43,5.77,0.755,None,None,None,None,None,0,None,-0.0065,None,None,2025-10-30,annual,0.1241,USD,pre-market,22859000,-314825000,0.0855,-0.0663,1.224,6.19,28340000,45000,45000,None,9.99,7.14,37.8889,274849000,85388000,33226000,466693000,189461000,433467000,36842000,-191844000,None,16.82,4.44
2025-12-28,GOGO,-0.05,817729000.0,None,0.896,0.799,8990000,None,68452000,68452000,44425000,348403000,40002000,None,7091000,None,None,1315000,None,84918818,None,46819000,46819000,13884000,None,None,5433000,None,None,21898000,14166000,None,None,None,12.76,0.0341,-112199000,-90301000,0.09,2020-12-31,6.23,620000,389240000.0,-9977000,-142266000,30067000,61878000,61878000,None,30067000,None,6918000,None,None,None,None,None,-48559000,None,None,None,0.129,-132687000,100859000,-110836000,2873000,16259000,None,None,None,None,None,None,None,-0.43,5.77,0.755,None,None,None,None,None,0,None,-0.0065,None,None,2025-10-30,annual,0.1241,USD,pre-market,22859000,-314825000,0.0855,-0.0663,1.224,6.19,28340000,45000,45000,None,9.99,7.14,37.8889,274849000,85388000,33226000,466693000,189461000,433467000,36842000,-191844000,None,16.82,4.44
2025-12-28,GOGO,-0.05,817729000.0,None,0.896,0.799,115478000,None,68452000,68452000,-3543000,-73709000,-13191000,None,29092000,None,None,29898000,None,84918818,None,46819000,46819000,13884000,None,None,5433000,None,None,21898000,118817000,None,None,None,12.76,0.0341,-112199000,-90301000,0.09,2019-12-31,6.23,620000,389240000.0,-9977000,-142266000,30067000,61878000,61878000,None,30067000,None,6918000,None,None,None,None,None,-146004000,None,None,None,0.129,64061000,100859000,-110836000,2873000,16259000,None,None,None,None,None,None,None,-0.43,5.77,0.755,None,None,None,None,None,325000,None,-0.0065,None,None,2025-10-30,annual,0.1241,USD,pre-market,22859000,-314825000,0.0855,-0.0663,1.224,6.19,28340000,45000,45000,None,9.99,7.14,37.8889,274849000,85388000,33226000,466693000,189461000,433467000,36842000,-191844000,None,16.82,4.44
2025-12-28,GOGO,-0.05,817729000.0,None,0.896,0.799,131663000,None,68452000,68452000,27314000,41806000,-13191000,None,-50762000,None,None,-17064000,None,84918818,None,46819000,46819000,13884000,None,None,5433000,None,None,21898000,133617000,None,None,None,12.76,0.0341,-112199000,-90301000,0.09,2018-12-31,6.23,620000,389240000.0,-9977000,-142266000,30067000,61878000,61878000,None,30067000,None,6918000,None,None,None,None,None,-162031000,None,None,None,0.129,-82311000,100859000,-110836000,2873000,16259000,None,None,None,None,None,None,None,-0.43,5.77,0.755,None,None,None,None,None,396000,None,-0.0065,None,None,2025-10-30,annual,0.1241,USD,pre-market,22859000,-314825000,0.0855,-0.0663,1.224,6.19,28340000,45000,45000,None,9.99,7.14,37.8889,274849000,85388000,33226000,466693000,189461000,433467000,36842000,-191844000,None,16.82,4.44
2025-12-28,GOGO,-0.05,817729000.0,None,0.896,0.799,280230000,None,68452000,68452000,174936000,-156881000,79054000,743000,4723000,None,None,-43798000,None,84918818,None,46819000,46819000,13884000,None,None,5433000,None,None,21898000,145490000,0,0,None,12.76,0.0341,-112199000,-90301000,0.09,2017-12-31,6.23,620000,389240000.0,-9977000,-142266000,30067000,61878000,61878000,None,30067000,None,6918000,None,None,None,None,None,-171995000,None,None,None,0.129,60256000,100859000,-110836000,2873000,16259000,None,None,None,None,None,None,None,-0.43,5.77,0.755,None,None,None,None,None,-227000,None,-0.0065,None,None,2025-10-30,annual,0.1241,USD,pre-market,22859000,-314825000,0.0855,-0.0663,1.224,6.19,28340000,45000,45000,None,9.99,7.14,37.8889,274849000,85388000,33226000,466693000,189461000,433467000,36842000,-191844000,None,16.82,4.44
2025-12-28,GOGO,-0.05,817729000.0,None,0.896,0.799,176881000,None,68452000,68452000,201053000,-295559000,-30040000,-522000,-29329000,None,None,-4265000,None,84918818,None,46819000,46819000,13884000,None,None,5433000,None,None,21898000,105642000,0,0,None,12.76,0.0341,-112199000,-90301000,0.09,2016-12-31,6.23,620000,389240000.0,-9977000,-142266000,30067000,61878000,61878000,None,30067000,None,6918000,None,None,None,None,None,-124505000,None,None,None,0.129,64988000,100859000,-110836000,2873000,16259000,None,None,None,None,None,None,None,-0.43,5.77,0.755,None,None,None,None,None,271000,None,-0.0065,None,None,2025-10-30,annual,0.1241,USD,pre-market,22859000,-314825000,0.0855,-0.0663,1.224,6.19,28340000,45000,45000,None,9.99,7.14,37.8889,274849000,85388000,33226000,466693000,189461000,433467000,36842000,-191844000,None,16.82,4.44
2025-12-28,GOGO,-0.05,817729000.0,None,0.896,0.799,153148000,None,68452000,68452000,203221000,-153265000,155597000,785000,976000,None,None,-21563000,None,84918818,None,46819000,46819000,13884000,None,None,5433000,None,None,21898000,87036000,0,0,None,12.76,0.0341,-112199000,-90301000,0.09,2015-12-31,6.23,620000,389240000.0,-9977000,-142266000,30067000,61878000,61878000,None,30067000,None,6918000,None,None,None,None,None,-107613000,None,None,None,0.129,104856000,100859000,-110836000,2873000,16259000,None,None,None,None,None,None,None,-0.43,5.77,0.755,None,None,None,None,None,4633000,None,-0.0065,None,None,2025-10-30,annual,0.1241,USD,pre-market,22859000,-314825000,0.0855,-0.0663,1.224,6.19,28340000,45000,45000,None,9.99,7.14,37.8889,274849000,85388000,33226000,466693000,189461000,433467000,36842000,-191844000,None,16.82,4.44
2025-12-28,GOGO,-0.05,817729000.0,None,0.896,0.799,149563000,None,68452000,68452000,67995000,-152031000,-55106000,-42000,-8267000,None,None,-22917000,None,84918818,None,46819000,46819000,13884000,None,None,5433000,None,None,21898000,64451000,0,0,None,12.76,0.0341,-112199000,-90301000,0.09,2014-12-31,6.23,620000,389240000.0,-9977000,-142266000,30067000,61878000,61878000,None,30067000,None,6918000,None,None,None,None,None,-84538000,None,None,None,0.129,28972000,100859000,-110836000,2873000,16259000,None,None,None,None,None,None,None,-0.43,5.77,0.755,None,None,None,None,None,3065000,None,-0.0065,None,None,2025-10-30,annual,0.1241,USD,pre-market,22859000,-314825000,0.0855,-0.0663,1.224,6.19,28340000,45000,45000,None,9.99,7.14,37.8889,274849000,85388000,33226000,466693000,189461000,433467000,36842000,-191844000,None,16.82,4.44
2025-12-28,GOGO,-0.05,817729000.0,None,0.896,0.799,121369000,None,68452000,68452000,271056000,-135052000,153766000,-28000,-1497000,None,None,-889000,None,84918818,None,46819000,46819000,13884000,None,None,5433000,None,None,21898000,55509000,0,0,None,12.76,0.0341,-112199000,-90301000,0.09,2013-12-31,6.23,620000,389240000.0,-9977000,-142266000,30067000,61878000,61878000,None,30067000,None,6918000,None,None,None,None,None,-111289000,None,None,None,0.129,17790000,100859000,-110836000,2873000,16259000,None,None,None,None,None,None,None,-0.43,5.77,0.755,None,None,None,None,None,175215000,None,-0.0065,None,None,2025-10-30,annual,0.1241,USD,pre-market,22859000,-314825000,0.0855,-0.0663,1.224,6.19,28340000,45000,45000,None,9.99,7.14,37.8889,274849000,85388000,33226000,466693000,189461000,433467000,36842000,-191844000,None,16.82,4.44
2025-12-28,GOGO,-0.05,817729000.0,None,0.896,0.799,79456000,None,68452000,68452000,118776000,-78853000,None,None,-3026000,None,None,None,None,84918818,None,46819000,46819000,13884000,None,None,5433000,None,None,21898000,36907000,None,None,None,12.76,0.0341,-112199000,-90301000,0.09,2012-12-31,6.23,620000,389240000.0,-9977000,-142266000,30067000,61878000,61878000,None,30067000,None,6918000,None,None,None,None,None,-32714000,None,None,None,0.129,30052000,100859000,-110836000,2873000,16259000,None,None,None,None,None,None,None,-0.43,5.77,0.755,None,None,None,None,None,None,None,-0.0065,None,None,2025-10-30,annual,0.1241,USD,pre-market,22859000,-314825000,0.0855,-0.0663,1.224,6.19,28340000,45000,45000,None,9.99,7.14,37.8889,274849000,85388000,33226000,466693000,189461000,433467000,36842000,-191844000,None,16.82,4.44
2025-12-28,GOGO,-0.05,817729000.0,None,0.896,0.799,43078000,None,68452000,68452000,55153000,-41376000,None,None,-3274000,None,None,None,None,84918818,None,46819000,46819000,13884000,None,None,5433000,None,None,21898000,32673000,None,None,None,12.76,0.0341,-112199000,-90301000,0.09,2011-12-31,6.23,620000,389240000.0,-9977000,-142266000,30067000,61878000,61878000,None,30067000,None,6918000,None,None,None,None,None,23615000,None,None,None,0.129,9931000,100859000,-110836000,2873000,16259000,None,None,None,None,None,None,None,-0.43,5.77,0.755,None,None,None,None,None,None,None,-0.0065,None,None,2025-10-30,annual,0.1241,USD,pre-market,22859000,-314825000,0.0855,-0.0663,1.224,6.19,28340000,45000,45000,None,9.99,7.14,37.8889,274849000,85388000,33226000,466693000,189461000,433467000,36842000,-191844000,None,16.82,4.44
2025-12-28,GOGO,-0.05,817729000.0,None,0.896,0.799,39823000,None,68452000,68452000,30398000,-37674000,None,None,1069000,None,None,None,None,84918818,None,46819000,46819000,13884000,None,None,5433000,None,None,21898000,30991000,None,None,None,12.76,0.0341,-112199000,-90301000,0.09,2010-12-31,6.23,620000,389240000.0,-9977000,-142266000,30067000,61878000,61878000,None,30067000,None,6918000,None,None,None,None,None,-113379000,None,None,None,0.129,-42293000,100859000,-110836000,2873000,16259000,None,None,None,None,None,None,None,-0.43,5.77,0.755,None,None,None,None,None,None,None,-0.0065,None,None,2025-10-30,annual,0.1241,USD,pre-market,22859000,-314825000,0.0855,-0.0663,1.224,6.19,28340000,45000,45000,None,9.99,7.14,37.8889,274849000,85388000,33226000,466693000,189461000,433467000,36842000,-191844000,None,16.82,4.44
2025-12-28,GOGO,-0.05,817729000.0,None,0.896,0.799,77296000,None,68452000,68452000,207623000,-74687000,None,None,-1821000,None,None,None,None,84918818,None,46819000,46819000,13884000,None,None,5433000,None,None,21898000,21898000,None,None,None,12.76,0.0341,-112199000,-90301000,0.09,2009-12-31,6.23,620000,389240000.0,-9977000,-142266000,30067000,61878000,61878000,None,30067000,None,6918000,None,None,None,None,None,-142266000,None,None,None,0.129,-88556000,100859000,-110836000,2873000,16259000,None,None,None,None,None,None,None,-0.43,5.77,0.755,None,None,None,None,None,None,None,-0.0065,None,None,2025-10-30,annual,0.1241,USD,pre-market,22859000,-314825000,0.0855,-0.0663,1.224,6.19,28340000,45000,45000,None,9.99,7.14,37.8889,274849000,85388000,33226000,466693000,189461000,433467000,36842000,-191844000,None,16.82,4.44
