date,symbol,eps,revenue_ttm,pe_ratio,accumulateddepreciationamortizationppe,beta,book_value,capitalexpenditures,capitalleaseobligations,cashandcashequivalentsatcarryingvalue,cashandshortterminvestments,cashflowfromfinancing,cashflowfrominvestment,changeincashandcashequivalents,changeinexchangerate,changeininventory,changeinoperatingassets,changeinoperatingliabilities,changeinreceivables,commonstock,commonstocksharesoutstanding,comprehensiveincomenetoftax,costofgoodsandservicessold,costofrevenue,currentaccountspayable,currentdebt,currentlongtermdebt,currentnetreceivables,deferredrevenue,depreciation,depreciationandamortization,depreciationdepletionandamortization,dividend_per_share,dividend_yield,dividendpayout,dividendpayoutcommonstock,dividendpayoutpreferredstock,earnings_growth_yoy,earnings_surprise,ebit,ebitda,estimated_eps,fiscaldateending,forward_pe,goodwill,gross_profit_ttm,grossprofit,incomebeforetax,incometaxexpense,intangibleassets,intangibleassetsexcludinggoodwill,interestanddebtexpense,interestexpense,interestincome,inventory,investmentincomenet,investments,longtermdebt,longtermdebtnoncurrent,longterminvestments,netincome,netincomefromcontinuingoperations,netinterestincome,noninterestincome,operating_margin_ttm,operatingcashflow,operatingexpenses,operatingincome,othercurrentassets,othercurrentliabilities,othernoncurrentassets,othernoncurrentliabilities,othernonoperatingincome,paymentsforoperatingactivities,paymentsforrepurchaseofcommonstock,paymentsforrepurchaseofequity,paymentsforrepurchaseofpreferredstock,peg_ratio,price_to_book,price_to_sales_ttm,proceedsfromissuanceofcommonstock,proceedsfromissuanceoflongtermdebtandcapitalsecuritiesnet,proceedsfromissuanceofpreferredstock,proceedsfromoperatingactivities,proceedsfromrepaymentsofshorttermdebt,proceedsfromrepurchaseofequity,proceedsfromsaleoftreasurystock,profit_margin,profitloss,propertyplantequipment,report_date,report_type,reported_eps,reportedcurrency,reporttime,researchanddevelopment,retainedearnings,return_on_assets_ttm,return_on_equity_ttm,revenue_growth_yoy,revenue_per_share_ttm,sellinggeneralandadministrative,shortlongtermdebttotal,shorttermdebt,shortterminvestments,sma_200,sma_50,surprise_pct,totalassets,totalcurrentassets,totalcurrentliabilities,totalliabilities,totalnoncurrentassets,totalnoncurrentliabilities,totalrevenue,totalshareholderequity,trailing_pe,treasurystock,week_52_high,week_52_low
2014-03-31,GOOG,,,,,,,,,,,,,,,,,,,,,,,,,,,,,,,,,,,,,,-0.08,,,6.35,,,,,,,,,,,,,,,,,,,,,,,,,,,,,,,,,,,,,,,,,,,,,,,,,2014-04-16,,6.27,,pre-market,,,,,,,,,,,,,-1.2598,,,,,,,,,,,,
2014-06-30,GOOG,,,,,,,,,,,,,,,,,,,,,,,,,,,,,,,,,,,,,,-0.49,,,6.57,,,,,,,,,,,,,,,,,,,,,,,,,,,,,,,,,,,,,,,,,,,,,,,,,2014-07-17,,6.08,,pre-market,,,,,,,,,,,,,-7.4581,,,,,,,,,,,,
2014-09-30,GOOG,,,,,,,,,,,,,,,,,,,,,,,,,,,,,,,,,,,,,,-6.0125,,,6.33,,,,,,,,,,,,,,,,,,,,,,,,,,,,,,,,,,,,,,,,,,,,,,,,,2014-10-16,,0.3175,,post-market,,,,,,,,,,,,,-94.9842,,,,,,,,,,,,
2014-12-31,GOOG,,,,,,,,,,,,,,,,,,,,,,,,,,,,,,,,,,,,,,-6.586,,,6.93,,,,,,,,,,,,,,,,,,,,,,,,,,,,,,,,,,,,,,,,,,,,,,,,,2015-01-29,,0.344,,post-market,,,,,,,,,,,,,-95.0361,,,,,,,,,,,,
2015-03-31,GOOG,,,,,,,,,,,,,,,,,,,,,,,,,,,,,,,,,,,,,,-6.3815,,,6.71,,,,,,,,,,,,,,,,,,,,,,,,,,,,,,,,,,,,,,,,,,,,,,,,,2015-04-23,,0.3285,,post-market,,,,,,,,,,,,,-95.1043,,,,,,,,,,,,
2015-06-30,GOOG,,,,,,,,,,,,,,,,,,,,,,,,,,,,,,,,,,,,,,0.0125,,,0.337,,,,,,,,,,,,,,,,,,,,,,,,,,,,,,,,,,,,,,,,,,,,,,,,,2015-07-16,,0.3495,,post-market,,,,,,,,,,,,,3.7092,,,,,,,,,,,,
2015-09-30,GOOG,,,,,,,,,,,,,,,,,,,,,,,,,,,,,,,,,,,,,,0.007,,,0.3605,,,,,,,,,,,,,,,,,,,,,,,,,,,,,,,,,,,,,,,,,,,,,,,,,2015-10-22,,0.3675,,post-market,,,,,,,,,,,,,1.9417,,,,,,,,,,,,
2015-12-31,GOOG,,,,,,,,,,,,,,,,,,,,,,,,,,,,,,,,,,,,,,0.0285,,,0.405,,,,,,,,,,,,,,,,,,,,,,,,,,,,,,,,,,,,,,,,,,,,,,,,,2016-02-01,,0.4335,,post-market,,,,,,,,,,,,,7.037,,,,,,,,,,,,
2016-03-31,GOOG,,,,,,,,,,,,,,,,,,,,,,,,,,,,,,,,,,,,,,-0.023,,,0.398,,,,,,,,,,,,,,,,,,,,,,,,,,,,,,,,,,,,,,,,,,,,,,,,,2016-04-21,,0.375,,post-market,,,,,,,,,,,,,-5.7789,,,,,,,,,,,,
2016-06-30,GOOG,,,,,,,,,,,,,,,,,,,,,,,,,,,,,,,,,,,,,,0.0195,,,0.4015,,,,,,,,,,,,,,,,,,,,,,,,,,,,,,,,,,,,,,,,,,,,,,,,,2016-07-28,,0.421,,post-market,,,,,,,,,,,,,4.8568,,,,,,,,,,,,
2016-09-30,GOOG,,,,,,,,,,,,,,,,,,,,,,,,,,,,,,,,,,,,,,0.021,,,0.432,,,,,,,,,,,,,,,,,,,,,,,,,,,,,,,,,,,,,,,,,,,,,,,,,2016-10-27,,0.453,,post-market,,,,,,,,,,,,,4.8611,,,,,,,,,,,,
2016-12-31,GOOG,,,,,,,,,,,,,,,,,,,,,,,,,,,,,,,,,,,,,,-0.0155,,,0.4835,,,,,,,,,,,,,,,,,,,,,,,,,,,,,,,,,,,,,,,,,,,,,,,,,2017-01-26,,0.468,,post-market,,,,,,,,,,,,,-3.2058,,,,,,,,,,,,
2017-03-31,GOOG,,,,,,,,,,,,,,,,,,,,,,,,,,,,,,,,,,,,,,0.017,,,0.3695,,,,,,,,,,,,,,,,,,,,,,,,,,,,,,,,,,,,,,,,,,,,,,,,,2017-04-27,,0.3865,,post-market,,,,,,,,,,,,,4.6008,,,,,,,,,,,,
2017-06-30,GOOG,,,,,,,,,,,,,,,,,,,,,,,,,,,,,,,,,,,,,,0.027,,,0.2235,,,,,,,,,,,,,,,,,,,,,,,,,,,,,,,,,,,,,,,,,,,,,,,,,2017-07-24,,0.2505,,post-market,,,,,,,,,,,,,12.0805,,,,,,,,,,,,
2017-09-30,GOOG,,,,,,,,,,,,,,,,,,,,,,,,,,,,,,,,,,,,,,0.062,,,0.4165,,,,,,,,,,,,,,,,,,,,,,,,,,,,,,,,,,,,,,,,,,,,,,,,,2017-10-26,,0.4785,,post-market,,,,,,,,,,,,,14.886,,,,,,,,,,,,
2017-12-31,GOOG,,,,,,,,,,,,,,,,,,,,,,,,,,,,,,,,,,,,,,-0.013,,,0.498,,,,,,,,,,,,,,,,,,,,,,,,,,,,,,,,,,,,,,,,,,,,,,,,,2018-02-01,,0.485,,post-market,,,,,,,,,,,,,-2.6104,,,,,,,,,,,,
2018-03-31,GOOG,,,,,,,,,,,,,,,,,,,,,,,,,,,,,,,,,,,,,,0.2005,,,0.466,,,,,,,,,,,,,,,,,,,,,,,,,,,,,,,,,,,,,,,,,,,,,,,,,2018-04-23,,0.6665,,post-market,,,,,,,,,,,,,43.0258,,,,,,,,,,,,
2018-06-30,GOOG,,,,,,,,,,,,,,,,,,,,,,,,,,,,,,,,,,,,,,-0.25,,,0.477,,,,,,,,,,,,,,,,,,,,,,,,,,,,,,,,,,,,,,,,,,,,,,,,,2018-07-23,,0.227,,post-market,,,,,,,,,,,,,-52.4109,,,,,,,,,,,,
2018-09-30,GOOG,,,,,,,,,,,,,,,,,,,,,,,,,,,,,,,,,,,,,,0.133,,,0.52,,,,,,,,,,,,,,,,,,,,,,,,,,,,,,,,,,,,,,,,,,,,,,,,,2018-10-25,,0.653,,post-market,,,,,,,,,,,,,25.5769,,,,,,,,,,,,
2018-12-31,GOOG,,,,,,,,,,,,,,,,,,,,,,,,,,,,,,,,,,,,,,0.0975,,,0.541,,,,,,,,,,,,,,,,,,,,,,,,,,,,,,,,,,,,,,,,,,,,,,,,,2019-02-04,,0.6385,,post-market,,,,,,,,,,,,,18.0222,,,,,,,,,,,,
2019-03-31,GOOG,,,,,,,,,,,,,,,,,,,,,,,,,,,,,,,,,,,,,,-0.0565,,,0.5315,,,,,,,,,,,,,,,,,,,,,,,,,,,,,,,,,,,,,,,,,,,,,,,,,2019-04-29,,0.475,,post-market,,,,,,,,,,,,,-10.6303,,,,,,,,,,,,
2019-06-30,GOOG,,,,,,,,,,,,,,,,,,,,,,,,,,,,,,,,,,,,,,0.144,,,0.5665,,,,,,,,,,,,,,,,,,,,,,,,,,,,,,,,,,,,,,,,,,,,,,,,,2019-07-25,,0.7105,,post-market,,,,,,,,,,,,,25.4192,,,,,,,,,,,,
2019-09-30,GOOG,,,,,,,,,,,,,,,,,,,,,,,,,,,,,,,,,,,,,,-0.117,,,0.623,,,,,,,,,,,,,,,,,,,,,,,,,,,,,,,,,,,,,,,,,,,,,,,,,2019-10-28,,0.506,,post-market,,,,,,,,,,,,,-18.7801,,,,,,,,,,,,
2019-12-31,GOOG,,,,,,,,,,,,,,,,,,,,,,,,,,,,,,,,,,,,,,0.138,,,0.6295,,,,,,,,,,,,,,,,,,,,,,,,,,,,,,,,,,,,,,,,,,,,,,,,,2020-02-03,,0.7675,,post-market,,,,,,,,,,,,,21.9222,,,,,,,,,,,,
2020-03-31,GOOG,,,,,,,,,,,,,,,,,,,,,,,,,,,,,,,,,,,,,,-0.0255,,,0.519,,,,,,,,,,,,,,,,,,,,,,,,,,,,,,,,,,,,,,,,,,,,,,,,,2020-04-28,,0.4935,,post-market,,,,,,,,,,,,,-4.9133,,,,,,,,,,,,
2020-06-30,GOOG,,,,,,,,,,,,,,,,,,,,,,,,,,,,,,,,,,,,,,0.09,,,0.42,,,,,,,,,,,,,,,,,,,,,,,,,,,,,,,,,,,,,,,,,,,,,,,,,2020-07-29,,0.51,,post-market,,,,,,,,,,,,,21.4286,,,,,,,,,,,,
2020-09-30,GOOG,,,,,,,,,,,,,,,,,,,,,,,,,,,,,,,,,,,,,,0.26,,,0.56,,,,,,,,,,,,,,,,,,,,,,,,,,,,,,,,,,,,,,,,,,,,,,,,,2020-10-28,,0.82,,post-market,,,,,,,,,,,,,46.4286,,,,,,,,,,,,
2020-12-31,GOOG,,,,,,,,,,,,,,,,,,,,,,,,,,,,,,,,,,,,,,0.32,,,0.8,,,,,,,,,,,,,,,,,,,,,,,,,,,,,,,,,,,,,,,,,,,,,,,,,2021-02-01,,1.12,,post-market,,,,,,,,,,,,,40.0,,,,,,,,,,,,
2021-03-31,GOOG,,,,,,,,,,,,,,,,,,,,,,,,,,,,,,,,,,,,,,0.52,,,0.79,,,,,,,,,,,,,,,,,,,,,,,,,,,,,,,,,,,,,,,,,,,,,,,,,2021-04-26,,1.31,,post-market,,,,,,,,,,,,,65.8228,,,,,,,,,,,,
2021-06-30,GOOG,,,,,,,,,,,,,,,,,,,,,,,,,,,,,,,,,,,,,,0.4,,,0.96,,,,,,,,,,,,,,,,,,,,,,,,,,,,,,,,,,,,,,,,,,,,,,,,,2021-07-26,,1.36,,post-market,,,,,,,,,,,,,41.6667,,,,,,,,,,,,
2021-09-30,GOOG,,,,,,,,,,,,,,,,,,,,,,,,,,,,,,,,,,,,,,0.23,,,1.17,,,,,,,,,,,,,,,,,,,,,,,,,,,,,,,,,,,,,,,,,,,,,,,,,2021-10-25,,1.4,,post-market,,,,,,,,,,,,,19.6581,,,,,,,,,,,,
2021-12-31,GOOG,,,,,,,,,,,,,,,,,,,,,,,,,,,,,,,,,,,,,,0.15,,,1.38,,,,,,,,,,,,,,,,,,,,,,,,,,,,,,,,,,,,,,,,,,,,,,,,,2022-01-31,,1.53,,post-market,,,,,,,,,,,,,10.8696,,,,,,,,,,,,
2022-03-31,GOOG,,,,,,,,,,,,,,,,,,,,,,,,,,,,,,,,,,,,,,-0.06,,,1.29,,,,,,,,,,,,,,,,,,,,,,,,,,,,,,,,,,,,,,,,,,,,,,,,,2022-04-25,,1.23,,post-market,,,,,,,,,,,,,-4.6512,,,,,,,,,,,,
2022-06-30,GOOG,,,,,,,,,,,,,,,,,,,,,,,,,,,,,,,,,,,,,,-0.09,,,1.3,,,,,,,,,,,,,,,,,,,,,,,,,,,,,,,,,,,,,,,,,,,,,,,,,2022-07-25,,1.21,,post-market,,,,,,,,,,,,,-6.9231,,,,,,,,,,,,
2022-09-30,GOOG,,,,,,,,,,,,,,,,,,,,,,,,,,,,,,,,,,,,,,-0.19,,,1.25,,,,,,,,,,,,,,,,,,,,,,,,,,,,,,,,,,,,,,,,,,,,,,,,,2022-10-24,,1.06,,post-market,,,,,,,,,,,,,-15.2,,,,,,,,,,,,
2022-12-31,GOOG,,,,,,,,,,,,,,,,,,,,,,,,,,,,,,,,,,,,,,-0.14,,,1.19,,,,,,,,,,,,,,,,,,,,,,,,,,,,,,,,,,,,,,,,,,,,,,,,,2023-02-01,,1.05,,post-market,,,,,,,,,,,,,-11.7647,,,,,,,,,,,,
2023-03-31,GOOG,,,,,,,,,,,,,,,,,,,,,,,,,,,,,,,,,,,,,,0.11,,,1.06,,,,,,,,,,,,,,,,,,,,,,,,,,,,,,,,,,,,,,,,,,,,,,,,,2023-04-24,,1.17,,post-market,,,,,,,,,,,,,10.3774,,,,,,,,,,,,
2023-06-30,GOOG,,,,,,,,,,,,,,,,,,,,,,,,,,,,,,,,,,,,,,0.1,,,1.34,,,,,,,,,,,,,,,,,,,,,,,,,,,,,,,,,,,,,,,,,,,,,,,,,2023-07-24,,1.44,,post-market,,,,,,,,,,,,,7.4627,,,,,,,,,,,,
2023-09-30,GOOG,,,,,,,,,,,,,,,,,,,,,,,,,,,,,,,,,,,,,,0.1,,,1.45,,,,,,,,,,,,,,,,,,,,,,,,,,,,,,,,,,,,,,,,,,,,,,,,,2023-10-23,,1.55,,pre-market,,,,,,,,,,,,,6.8966,,,,,,,,,,,,
2023-12-31,GOOG,,,,,,,,,,,,,,,,,,,,,,,,,,,,,,,,,,,,,,0.05,,,1.59,,,,,,,,,,,,,,,,,,,,,,,,,,,,,,,,,,,,,,,,,,,,,,,,,2024-01-29,,1.64,,post-market,,,,,,,,,,,,,3.1447,,,,,,,,,,,,
2024-03-31,GOOG,,,,,,,,,,,,,,,,,,,,,,,,,,,,,,,,,,,,,,0.38,,,1.51,,,,,,,,,,,,,,,,,,,,,,,,,,,,,,,,,,,,,,,,,,,,,,,,,2024-04-24,,1.89,,post-market,,,,,,,,,,,,,25.1656,,,,,,,,,,,,
2024-06-30,GOOG,,,,,,,,,,,,,,,,,,,,,,,,,,,,,,,,,,,,,,0.05,,,1.84,,,,,,,,,,,,,,,,,,,,,,,,,,,,,,,,,,,,,,,,,,,,,,,,,2024-07-22,,1.89,,post-market,,,,,,,,,,,,,2.7174,,,,,,,,,,,,
2024-09-30,GOOG,,,,,,,,,,,,,,,,,,,,,,,,,,,,,,,,,,,,,,0.27,,,1.85,,,,,,,,,,,,,,,,,,,,,,,,,,,,,,,,,,,,,,,,,,,,,,,,,2024-10-28,,2.12,,post-market,,,,,,,,,,,,,14.5946,,,,,,,,,,,,
2024-12-31,GOOG,,,,,,,,,,,,,,,,,,,,,,,,,,,,,,,,,,,,,,0.04,,,2.11,,,,,,,,,,,,,,,,,,,,,,,,,,,,,,,,,,,,,,,,,,,,,,,,,2025-02-04,,2.15,,post-market,,,,,,,,,,,,,1.8957,,,,,,,,,,,,
2025-03-31,GOOG,,,,,,,,,,,,,,,,,,,,,,,,,,,,,,,,,,,,,,0.8,,,2.01,,,,,,,,,,,,,,,,,,,,,,,,,,,,,,,,,,,,,,,,,,,,,,,,,2025-04-24,,2.81,,post-market,,,,,,,,,,,,,39.801,,,,,,,,,,,,
2025-06-30,GOOG,,,,,,,,,,,,,,,,,,,,,,,,,,,,,,,,,,,,,,0.11,,,2.2,,,,,,,,,,,,,,,,,,,,,,,,,,,,,,,,,,,,,,,,,,,,,,,,,2025-07-23,,2.31,,post-market,,,,,,,,,,,,,5.0,,,,,,,,,,,,
2025-09-30,GOOG,,,,,,,,,,,,,,,,,,,,,,,,,,,,,,,,,,,,,,0.7617,,,2.33,,,,,,,,,,,,,,,,,,,,,,,,,,,,,,,,,,,,,,,,,,,,,,,,,2025-10-28,,3.0917,,post-market,,,,,,,,,,,,,32.691,,,,,,,,,,,,
2025-12-28,GOOG,10.14,385476002000.0,31.06,,1.07,32.03,,,,,,,,,,,,,,,,,,,,,,,,,,1.02,0.0032,,,,0.353,0.7617,,,2.33,,28.25,,228095001000.0,,,,,,,,,,,,,,,,,,,0.305,,,,,,,,,,,,,1.668,9.82,9.86,,,,,,,,0.322,,,2025-10-28,,3.0917,,post-market,,,0.163,0.354,0.159,31.71,,,,,215.44,292.46,32.691,,,,,,,,,31.06,,328.46,142.27
2025-12-28,GOOG,10.14,385476002000.0,31.06,,1.07,32.03,,,,,,,,,,,,,,,None,41369000000,41369000000,,,,,,None,5611000000,,1.02,0.0032,,,,0.353,0.7617,44130000000,49741000000,2.33,2025-09-30,28.25,,228095001000.0,60977000000,43987000000,9008000000,,,None,143000000,1076000000,,None,,,,,34979000000,34979000000,933000000,None,0.305,,29749000000,31228000000,,,,,None,,,,,1.668,9.82,9.86,,,,,,,,0.322,,,2025-10-28,quarterly,3.0917,USD,post-market,15151000000,,0.163,0.354,0.159,31.71,7393000000,,,,215.44,292.46,32.691,,,,,,,102346000000,,31.06,,328.46,142.27
2025-12-28,GOOG,10.14,385476002000.0,31.06,,1.07,32.03,,,,,,,,,,,,,,,None,39039000000,39039000000,,,,,,None,4998000000,,1.02,0.0032,,,,0.353,0.7617,34194000000,39192000000,2.33,2025-06-30,28.25,,228095001000.0,57389000000,33933000000,5737000000,,,None,261000000,1050000000,,None,,,,,28196000000,28196000000,789000000,None,0.305,,26118000000,31271000000,,,,,None,,,,,1.668,9.82,9.86,,,,,,,,0.322,,,2025-10-28,quarterly,3.0917,USD,post-market,13808000000,,0.163,0.354,0.159,31.71,5209000000,,,,215.44,292.46,32.691,,,,,,,96428000000,,31.06,,328.46,142.27
2025-12-28,GOOG,10.14,385476002000.0,31.06,,1.07,32.03,,,,,,,,,,,,,,,None,36361000000,36361000000,,,,,,None,4487000000,,1.02,0.0032,,,,0.353,0.7617,41823000000,46310000000,2.33,2025-03-31,28.25,,228095001000.0,53873000000,41789000000,7249000000,,,None,34000000,1001000000,,None,,,,,34540000000,34540000000,967000000,None,0.305,,23267000000,30606000000,,,,,None,,,,,1.668,9.82,9.86,,,,,,,,0.322,,,2025-10-28,quarterly,3.0917,USD,post-market,13556000000,,0.163,0.354,0.159,31.71,3539000000,,,,215.44,292.46,32.691,,,,,,,90234000000,,31.06,,328.46,142.27
2025-12-28,GOOG,10.14,385476002000.0,31.06,,1.07,32.03,,,,,,,,,,,,,,,None,40613000000,40613000000,,,,,,None,4205000000,,1.02,0.0032,,,,0.353,0.7617,32296000000,36501000000,2.33,2024-12-31,28.25,,228095001000.0,55856000000,32243000000,5707000000,,,None,53000000,1088000000,,None,,,,,26536000000,26536000000,1035000000,None,0.305,,24884000000,30972000000,,,,,None,,,,,1.668,9.82,9.86,,,,,,,,0.322,,,2025-10-28,quarterly,3.0917,USD,post-market,13116000000,,0.163,0.354,0.159,31.71,4405000000,,,,215.44,292.46,32.691,,,,,,,96469000000,,31.06,,328.46,142.27
2025-12-28,GOOG,10.14,385476002000.0,31.06,,1.07,32.03,,,,,,,,,,,,,,,None,36474000000,36474000000,,,,,,None,3985000000,,1.02,0.0032,,,,0.353,0.7617,31760000000,35745000000,2.33,2024-09-30,28.25,,228095001000.0,51794000000,31706000000,5405000000,,,None,54000000,1243000000,,None,,,,,26301000000,26301000000,1189000000,None,0.305,,23273000000,28521000000,,,,,None,,,,,1.668,9.82,9.86,,,,,,,,0.322,,,2025-10-28,quarterly,3.0917,USD,post-market,12447000000,,0.163,0.354,0.159,31.71,3599000000,,,,215.44,292.46,32.691,,,,,,,88268000000,,31.06,,328.46,142.27
2025-12-28,GOOG,10.14,385476002000.0,31.06,,1.07,32.03,,,,,,,,,,,,,,,None,35507000000,35507000000,,,,,,None,3708000000,,1.02,0.0032,,,,0.353,0.7617,27618000000,31326000000,2.33,2024-06-30,28.25,,228095001000.0,49235000000,27551000000,3932000000,,,None,67000000,1090000000,,None,,,,,23619000000,23619000000,1023000000,None,0.305,,21810000000,27425000000,,,,,None,,,,,1.668,9.82,9.86,,,,,,,,0.322,,,2025-10-28,quarterly,3.0917,USD,post-market,11860000000,,0.163,0.354,0.159,31.71,3158000000,,,,215.44,292.46,32.691,,,,,,,84742000000,,31.06,,328.46,142.27
2025-12-28,GOOG,10.14,385476002000.0,31.06,,1.07,32.03,,,,,,,,,,,,,,,None,33712000000,33712000000,,,,,,None,3413000000,,1.02,0.0032,,,,0.353,0.7617,25472000000,28885000000,2.33,2024-03-31,28.25,,228095001000.0,47063000000,28315000000,4653000000,,,None,94000000,1061000000,,None,,,,,23662000000,23662000000,967000000,None,0.305,,21355000000,25472000000,,,,,None,,,,,1.668,9.82,9.86,,,,,,,,0.322,,,2025-10-28,quarterly,3.0917,USD,post-market,11315000000,,0.163,0.354,0.159,31.71,3026000000,,,,215.44,292.46,32.691,,,,,,,80539000000,,31.06,,328.46,142.27
2025-12-28,GOOG,10.14,385476002000.0,31.06,,1.07,32.03,,,,,,,,,,,,,,,None,37575000000,37575000000,,,,,,None,1563000000,,1.02,0.0032,,,,0.353,0.7617,23697000000,25260000000,2.33,2023-12-31,28.25,,228095001000.0,48735000000,24412000000,3725000000,,,None,69000000,1110000000,,None,,,,,20687000000,20687000000,1041000000,None,0.305,,25038000000,23697000000,,,,,None,,,,,1.668,9.82,9.86,,,,,,,,0.322,,,2025-10-28,quarterly,3.0917,USD,post-market,12113000000,,0.163,0.354,0.159,31.71,5206000000,,,,215.44,292.46,32.691,,,,,,,86310000000,,31.06,,328.46,142.27
2025-12-28,GOOG,10.14,385476002000.0,31.06,,1.07,32.03,,,,,,,,,,,,,,,None,33229000000,33229000000,,,,,,None,3800000000,,1.02,0.0032,,,,0.353,0.7617,21343000000,25143000000,2.33,2023-09-30,28.25,,228095001000.0,43464000000,21197000000,1508000000,,,None,116000000,1066000000,,None,,,,,19689000000,19689000000,950000000,None,0.305,,22121000000,21343000000,,,,,None,,,,,1.668,9.82,9.86,,,,,,,,0.322,,,2025-10-28,quarterly,3.0917,USD,post-market,11258000000,,0.163,0.354,0.159,31.71,3979000000,,,,215.44,292.46,32.691,,,,,,,76693000000,,31.06,,328.46,142.27
2025-12-28,GOOG,10.14,385476002000.0,31.06,,1.07,32.03,,,,,,,,,,,,,,,None,31916000000,31916000000,,,,,,None,2824000000,,1.02,0.0032,,,,0.353,0.7617,21946000000,24770000000,2.33,2023-06-30,28.25,,228095001000.0,42688000000,21903000000,3535000000,,,None,43000000,892000000,,None,,,,,18368000000,18368000000,849000000,None,0.305,,20850000000,21838000000,,,,,65000000,,,,,1.668,9.82,9.86,,,,,,,,0.322,,,2025-10-28,quarterly,3.0917,USD,post-market,10588000000,,0.163,0.354,0.159,31.71,3481000000,,,,215.44,292.46,32.691,,,,,,,74604000000,,31.06,,328.46,142.27
2025-12-28,GOOG,10.14,385476002000.0,31.06,,1.07,32.03,,,,,,,,,,,,,,,None,30612000000,30612000000,,,,,,None,2635000000,,1.02,0.0032,,,,0.353,0.7617,18285000000,20920000000,2.33,2023-03-31,28.25,,228095001000.0,39175000000,18205000000,3154000000,,,None,80000000,797000000,,None,,,,,15051000000,15051000000,717000000,None,0.305,,21760000000,17415000000,,,,,790000000,,,,,1.668,9.82,9.86,,,,,,,,0.322,,,2025-10-28,quarterly,3.0917,USD,post-market,11468000000,,0.163,0.354,0.159,31.71,3759000000,,,,215.44,292.46,32.691,,,,,,,69787000000,,31.06,,328.46,142.27
2025-12-28,GOOG,10.14,385476002000.0,31.06,,1.07,32.03,,,,,,,,,,,,,,,None,35342000000,35342000000,,,,,,None,4201000000,,1.02,0.0032,,,,0.353,0.7617,17237000000,21438000000,2.33,2022-12-31,28.25,,228095001000.0,40706000000,17147000000,3523000000,,,None,90000000,659000000,,None,,,,,13624000000,13624000000,569000000,None,0.305,,22546000000,18160000000,,,,,-1013000000,,,,,1.668,9.82,9.86,,,,,,,,0.322,,,2025-10-28,quarterly,3.0917,USD,post-market,10267000000,,0.163,0.354,0.159,31.71,5096000000,,,,215.44,292.46,32.691,,,,,,,76048000000,,31.06,,328.46,142.27
2025-12-28,GOOG,10.14,385476002000.0,31.06,,1.07,32.03,,,,,,,,,,,,,,,None,31158000000,31158000000,,,,,,None,4046000000,,1.02,0.0032,,,,0.353,0.7617,16334000000,20380000000,2.33,2022-09-30,28.25,,228095001000.0,37934000000,16233000000,2323000000,,,None,101000000,615000000,,None,,,,,13910000000,13910000000,514000000,None,0.305,,20799000000,17135000000,,,,,-902000000,,,,,1.668,9.82,9.86,,,,,,,,0.322,,,2025-10-28,quarterly,3.0917,USD,post-market,10273000000,,0.163,0.354,0.159,31.71,3597000000,,,,215.44,292.46,32.691,,,,,,,69092000000,,31.06,,328.46,142.27
2025-12-28,GOOG,10.14,385476002000.0,31.06,,1.07,32.03,,,,,,,,,,,,,,,None,30104000000,30104000000,,,,,,None,3899000000,,1.02,0.0032,,,,0.353,0.7617,19097000000,22996000000,2.33,2022-06-30,28.25,,228095001000.0,39581000000,19014000000,3012000000,,,None,83000000,486000000,,None,,,,,16002000000,16002000000,403000000,None,0.305,,20128000000,19453000000,,,,,-439000000,,,,,1.668,9.82,9.86,,,,,,,,0.322,,,2025-10-28,quarterly,3.0917,USD,post-market,9841000000,,0.163,0.354,0.159,31.71,3657000000,,,,215.44,292.46,32.691,,,,,,,69685000000,,31.06,,328.46,142.27
2025-12-28,GOOG,10.14,385476002000.0,31.06,,1.07,32.03,,,,,,,,,,,,,,,None,29599000000,29599000000,,,,,,None,3782000000,,1.02,0.0032,,,,0.353,0.7617,19017000000,22799000000,2.33,2022-03-31,28.25,,228095001000.0,38412000000,18934000000,2498000000,,,None,83000000,414000000,,None,,,,,16436000000,16436000000,331000000,None,0.305,,18318000000,20094000000,,,,,-1160000000,,,,,1.668,9.82,9.86,,,,,,,,0.322,,,2025-10-28,quarterly,3.0917,USD,post-market,9119000000,,0.163,0.354,0.159,31.71,3374000000,,,,215.44,292.46,32.691,,,,,,,68011000000,,31.06,,328.46,142.27
2025-12-28,GOOG,10.14,385476002000.0,31.06,,1.07,32.03,,,,,,,,,,,,,,,None,32988000000,32988000000,,,,,,None,3439000000,,1.02,0.0032,,,,0.353,0.7617,24519000000,27958000000,2.33,2021-12-31,28.25,,228095001000.0,42337000000,24402000000,3760000000,,,None,117000000,378000000,,None,,,,,20642000000,20642000000,261000000,None,0.305,,20452000000,21885000000,,,,,2517000000,,,,,1.668,9.82,9.86,,,,,,,,0.322,,,2025-10-28,quarterly,3.0917,USD,post-market,8708000000,,0.163,0.354,0.159,31.71,4140000000,,,,215.44,292.46,32.691,,,,,,,75325000000,,31.06,,328.46,142.27
2025-12-28,GOOG,10.14,385476002000.0,31.06,,1.07,32.03,,,,,,,,,,,,,,,None,27621000000,27621000000,,,,,,None,3304000000,,1.02,0.0032,,,,0.353,0.7617,23141000000,26445000000,2.33,2021-09-30,28.25,,228095001000.0,37497000000,23064000000,4128000000,,,None,77000000,387000000,,None,,,,,18936000000,18936000000,310000000,None,0.305,,16466000000,21031000000,,,,,2033000000,,,,,1.668,9.82,9.86,,,,,,,,0.322,,,2025-10-28,quarterly,3.0917,USD,post-market,7694000000,,0.163,0.354,0.159,31.71,3256000000,,,,215.44,292.46,32.691,,,,,,,65118000000,,31.06,,328.46,142.27
2025-12-28,GOOG,10.14,385476002000.0,31.06,,1.07,32.03,,,,,,,,,,,,,,,None,26227000000,26227000000,,,,,,None,2945000000,,1.02,0.0032,,,,0.353,0.7617,22061000000,25006000000,2.33,2021-06-30,28.25,,228095001000.0,35653000000,21985000000,3460000000,,,None,76000000,389000000,,None,,,,,18525000000,18525000000,313000000,None,0.305,,16292000000,19361000000,,,,,2624000000,,,,,1.668,9.82,9.86,,,,,,,,0.322,,,2025-10-28,quarterly,3.0917,USD,post-market,7675000000,,0.163,0.354,0.159,31.71,3341000000,,,,215.44,292.46,32.691,,,,,,,61880000000,,31.06,,328.46,142.27
2025-12-28,GOOG,10.14,385476002000.0,31.06,,1.07,32.03,,,,,,,,,,,,,,,None,24103000000,24103000000,,,,,,None,2753000000,,1.02,0.0032,,,,0.353,0.7617,21359000000,24112000000,2.33,2021-03-31,28.25,,228095001000.0,31211000000,21283000000,3353000000,,,None,76000000,345000000,,None,,,,,17930000000,17930000000,269000000,None,0.305,,14774000000,16437000000,,,,,4846000000,,,,,1.668,9.82,9.86,,,,,,,,0.322,,,2025-10-28,quarterly,3.0917,USD,post-market,7485000000,,0.163,0.354,0.159,31.71,2773000000,,,,215.44,292.46,32.691,,,,,,,55314000000,,31.06,,328.46,142.27
2025-12-28,GOOG,10.14,385476002000.0,31.06,,1.07,32.03,,,,,,,,,,,,,,,None,26080000000,26080000000,,,,,,None,3725000000,,1.02,0.0032,,,,0.353,0.7617,18742000000,22467000000,2.33,2020-12-31,28.25,,228095001000.0,30818000000,18689000000,3462000000,,,None,53000000,386000000,,None,,,,,15227000000,15227000000,333000000,None,0.305,,15167000000,15651000000,,,,,3038000000,,,,,1.668,9.82,9.86,,,,,,,,0.322,,,2025-10-28,quarterly,3.0917,USD,post-market,7022000000,,0.163,0.354,0.159,31.71,2831000000,,,,215.44,292.46,32.691,,,,,,,56898000000,,31.06,,328.46,142.27
2025-12-28,GOOG,10.14,385476002000.0,31.06,,1.07,32.03,,,,,,,,,,,,,,,None,21117000000,21117000000,,,,,,None,3478000000,,1.02,0.0032,,,,0.353,0.7617,13407000000,16885000000,2.33,2020-09-30,28.25,,228095001000.0,25056000000,13359000000,2112000000,,,None,48000000,460000000,,None,,,,,11247000000,11247000000,412000000,None,0.305,,13843000000,11213000000,,,,,2146000000,,,,,1.668,9.82,9.86,,,,,,,,0.322,,,2025-10-28,quarterly,3.0917,USD,post-market,6856000000,,0.163,0.354,0.159,31.71,2756000000,,,,215.44,292.46,32.691,,,,,,,46173000000,,31.06,,328.46,142.27
2025-12-28,GOOG,10.14,385476002000.0,31.06,,1.07,32.03,,,,,,,,,,,,,,,None,18553000000,18553000000,,,,,,None,3386000000,,1.02,0.0032,,,,0.353,0.7617,8290000000,11676000000,2.33,2020-06-30,28.25,,228095001000.0,19744000000,8277000000,1318000000,,,None,13000000,433000000,,None,,,,,6959000000,6959000000,420000000,None,0.305,,13361000000,6383000000,,,,,1894000000,,,,,1.668,9.82,9.86,,,,,,,,0.322,,,2025-10-28,quarterly,3.0917,USD,post-market,6875000000,,0.163,0.354,0.159,31.71,2585000000,,,,215.44,292.46,32.691,,,,,,,38297000000,,31.06,,328.46,142.27
2025-12-28,GOOG,10.14,385476002000.0,31.06,,1.07,32.03,,,,,,,,,,,,,,,None,18982000000,18982000000,,,,,,None,3108000000,,1.02,0.0032,,,,0.353,0.7617,7778000000,10886000000,2.33,2020-03-31,28.25,,228095001000.0,22177000000,7757000000,921000000,,,None,21000000,586000000,,None,,,,,6836000000,6836000000,565000000,None,0.305,,14200000000,7977000000,,,,,-220000000,,,,,1.668,9.82,9.86,,,,,,,,0.322,,,2025-10-28,quarterly,3.0917,USD,post-market,6820000000,,0.163,0.354,0.159,31.71,2880000000,,,,215.44,292.46,32.691,,,,,,,41159000000,,31.06,,328.46,142.27
2025-12-28,GOOG,10.14,385476002000.0,31.06,,1.07,32.03,,,,,,,,,,,,,,,None,21020000000,21020000000,,,,,,None,3413000000,,1.02,0.0032,,,,0.353,0.7617,10721000000,14134000000,2.33,2019-12-31,28.25,,228095001000.0,25055000000,10704000000,33000000,,,None,17000000,621000000,,None,,,,,10671000000,10671000000,604000000,None,0.305,,15789000000,9266000000,,,,,1438000000,,,,,1.668,9.82,9.86,,,,,,,,0.322,,,2025-10-28,quarterly,3.0917,USD,post-market,7222000000,,0.163,0.354,0.159,31.71,2829000000,,,,215.44,292.46,32.691,,,,,,,46075000000,,31.06,,328.46,142.27
2025-12-28,GOOG,10.14,385476002000.0,31.06,,1.07,32.03,,,,,,,,,,,,,,,None,17568000000,17568000000,,,,,,None,2920000000,,1.02,0.0032,,,,0.353,0.7617,8651000000,11571000000,2.33,2019-09-30,28.25,,228095001000.0,22931000000,8628000000,1560000000,,,None,23000000,631000000,,None,,,,,7068000000,7068000000,608000000,None,0.305,,13754000000,9177000000,,,,,-549000000,,,,,1.668,9.82,9.86,,,,,,,,0.322,,,2025-10-28,quarterly,3.0917,USD,post-market,6554000000,,0.163,0.354,0.159,31.71,2591000000,,,,215.44,292.46,32.691,,,,,,,40499000000,,31.06,,328.46,142.27
2025-12-28,GOOG,10.14,385476002000.0,31.06,,1.07,32.03,,,,,,,,,,,,,,,None,17296000000,17296000000,,,,,,None,2835000000,,1.02,0.0032,,,,0.353,0.7617,12172000000,15007000000,2.33,2019-06-30,28.25,,228095001000.0,21648000000,12147000000,2200000000,,,None,25000000,653000000,,None,,,,,9947000000,9947000000,628000000,None,0.305,,12468000000,9180000000,,,,,2967000000,,,,,1.668,9.82,9.86,,,,,,,,0.322,,,2025-10-28,quarterly,3.0917,USD,post-market,6213000000,,0.163,0.354,0.159,31.71,2043000000,,,,215.44,292.46,32.691,,,,,,,38944000000,,31.06,,328.46,142.27
2025-12-28,GOOG,10.14,385476002000.0,31.06,,1.07,32.03,,,,,,,,,,,,,,,None,16012000000,16012000000,,,,,,None,2613000000,,1.02,0.0032,,,,0.353,0.7617,8181000000,10794000000,2.33,2019-03-31,28.25,,228095001000.0,20327000000,8146000000,1489000000,,,None,35000000,1417000000,,None,,,,,6657000000,6657000000,487000000,None,0.305,,13719000000,6608000000,,,,,1538000000,,,,,1.668,9.82,9.86,,,,,,,,0.322,,,2025-10-28,quarterly,3.0917,USD,post-market,6029000000,,0.163,0.354,0.159,31.71,2088000000,,,,215.44,292.46,32.691,,,,,,,36339000000,,31.06,,328.46,142.27
2025-12-28,GOOG,10.14,385476002000.0,31.06,,1.07,32.03,,,,,,,,,,,,,,,None,17918000000,17918000000,,,,,,None,2580000000,,1.02,0.0032,,,,0.353,0.7617,10101000000,12681000000,2.33,2018-12-31,28.25,,228095001000.0,21358000000,10072000000,1124000000,,,None,29000000,None,,None,,,,,8948000000,8948000000,None,None,0.305,,13155000000,8203000000,,,,,1869000000,,,,,1.668,9.82,9.86,,,,,,,,0.322,,,2025-10-28,quarterly,3.0917,USD,post-market,6034000000,,0.163,0.354,0.159,31.71,2021000000,,,,215.44,292.46,32.691,,,,,,,39276000000,,31.06,,328.46,142.27
2025-12-28,GOOG,10.14,385476002000.0,31.06,,1.07,32.03,,,,,,,,,,,,,,,None,14281000000,14281000000,,,,,,None,2355000000,,1.02,0.0032,,,,0.353,0.7617,10111000000,12466000000,2.33,2018-09-30,28.25,,228095001000.0,19459000000,10083000000,891000000,,,None,28000000,None,,None,,,,,9192000000,9192000000,None,None,0.305,,10834000000,8625000000,,,,,1773000000,,,,,1.668,9.82,9.86,,,,,,,,0.322,,,2025-10-28,quarterly,3.0917,USD,post-market,5232000000,,0.163,0.354,0.159,31.71,1753000000,,,,215.44,292.46,32.691,,,,,,,33740000000,,31.06,,328.46,142.27
2025-12-28,GOOG,10.14,385476002000.0,31.06,,1.07,32.03,,,,,,,,,,,,,,,None,13883000000,13883000000,,,,,,None,2114000000,,1.02,0.0032,,,,0.353,0.7617,4242000000,6356000000,2.33,2018-06-30,28.25,,228095001000.0,18774000000,4215000000,1020000000,,,None,27000000,None,,None,,,,,3195000000,3195000000,None,None,0.305,,15729000000,3045000000,,,,,1408000000,,,,,1.668,9.82,9.86,,,,,,,,0.322,,,2025-10-28,quarterly,3.0917,USD,post-market,5114000000,,0.163,0.354,0.159,31.71,1764000000,,,,215.44,292.46,32.691,,,,,,,32657000000,,31.06,,328.46,142.27
2025-12-28,GOOG,10.14,385476002000.0,31.06,,1.07,32.03,,,,,,,,,,,,,,,None,13467000000,13467000000,,,,,,None,1986000000,,1.02,0.0032,,,,0.353,0.7617,10573000000,12559000000,2.33,2018-03-31,28.25,,228095001000.0,17679000000,10543000000,1142000000,,,None,30000000,None,,None,,,,,9401000000,9401000000,None,None,0.305,,10046000000,7633000000,,,,,3542000000,,,,,1.668,9.82,9.86,,,,,,,,0.322,,,2025-10-28,quarterly,3.0917,USD,post-market,5039000000,,0.163,0.354,0.159,31.71,1403000000,,,,215.44,292.46,32.691,,,,,,,31146000000,,31.06,,328.46,142.27
2025-12-28,GOOG,10.14,385476002000.0,31.06,,1.07,32.03,,,,,,,,,,,,,,,None,14267000000,14267000000,,,,,,None,2026000000,,1.02,0.0032,,,,0.353,0.7617,8054000000,10080000000,2.33,2017-12-31,28.25,,228095001000.0,18056000000,8018000000,11038000000,,,None,36000000,None,,None,,,,,-3020000000,-3020000000,None,None,0.305,,10392000000,7664000000,,,,,354000000,,,,,1.668,9.82,9.86,,,,,,,,0.322,,,2025-10-28,quarterly,3.0917,USD,post-market,4306000000,,0.163,0.354,0.159,31.71,1776000000,,,,215.44,292.46,32.691,,,,,,,32323000000,,31.06,,328.46,142.27
2025-12-28,GOOG,10.14,385476002000.0,31.06,,1.07,32.03,,,,,,,,,,,,,,,None,11148000000,11148000000,,,,,,None,1761000000,,1.02,0.0032,,,,0.353,0.7617,8006000000,9767000000,2.33,2017-09-30,28.25,,228095001000.0,16624000000,7979000000,1247000000,,,None,27000000,None,,None,,,,,6732000000,6732000000,None,None,0.305,,8842000000,7782000000,,,,,197000000,,,,,1.668,9.82,9.86,,,,,,,,0.322,,,2025-10-28,quarterly,3.0917,USD,post-market,4205000000,,0.163,0.354,0.159,31.71,1595000000,,,,215.44,292.46,32.691,,,,,,,27772000000,,31.06,,328.46,142.27
2025-12-28,GOOG,10.14,385476002000.0,31.06,,1.07,32.03,,,,,,,,,,,,,,,None,10373000000,10373000000,,,,,,None,1625000000,,1.02,0.0032,,,,0.353,0.7617,4398000000,6023000000,2.33,2017-06-30,28.25,,228095001000.0,15637000000,4377000000,853000000,,,None,21000000,None,,None,,,,,3524000000,3524000000,None,None,0.305,,11505000000,4132000000,,,,,245000000,,,,,1.668,9.82,9.86,,,,,,,,0.322,,,2025-10-28,quarterly,3.0917,USD,post-market,4172000000,,0.163,0.354,0.159,31.71,1700000000,,,,215.44,292.46,32.691,,,,,,,26010000000,,31.06,,328.46,142.27
2025-12-28,GOOG,10.14,385476002000.0,31.06,,1.07,32.03,,,,,,,,,,,,,,,None,9795000000,9795000000,,,,,,None,1503000000,,1.02,0.0032,,,,0.353,0.7617,6844000000,8347000000,2.33,2017-03-31,28.25,,228095001000.0,14955000000,6819000000,1393000000,,,None,25000000,None,,None,,,,,5426000000,5426000000,None,None,0.305,,8387000000,6568000000,,,,,251000000,,,,,1.668,9.82,9.86,,,,,,,,0.322,,,2025-10-28,quarterly,3.0917,USD,post-market,3942000000,,0.163,0.354,0.159,31.71,1801000000,,,,215.44,292.46,32.691,,,,,,,24750000000,,31.06,,328.46,142.27
2025-12-28,GOOG,10.14,385476002000.0,31.06,,1.07,32.03,,,,,,,,,,,,,,,None,10661000000,10661000000,,,,,,None,1687000000,,1.02,0.0032,,,,0.353,0.7617,6890000000,8577000000,2.33,2016-12-31,28.25,,228095001000.0,15403000000,6857000000,1524000000,,,None,33000000,None,,None,,,,,5333000000,5333000000,None,None,0.305,,8764000000,6639000000,,,,,218000000,,,,,1.668,9.82,9.86,,,,,,,,0.322,,,2025-10-28,quarterly,3.0917,USD,post-market,3622000000,,0.163,0.354,0.159,31.71,2024000000,,,,215.44,292.46,32.691,,,,,,,26064000000,,31.06,,328.46,142.27
2025-12-28,GOOG,10.14,385476002000.0,31.06,,1.07,32.03,,,,,,,,,,,,,,,None,8699000000,8699000000,,,,,,None,1596000000,,1.02,0.0032,,,,0.353,0.7617,6074000000,7670000000,2.33,2016-09-30,28.25,,228095001000.0,13752000000,6045000000,984000000,,,None,29000000,None,,None,,,,,5061000000,5061000000,None,None,0.305,,7985000000,5767000000,,,,,278000000,,,,,1.668,9.82,9.86,,,,,,,,0.322,,,2025-10-28,quarterly,3.0917,USD,post-market,3596000000,,0.163,0.354,0.159,31.71,1824000000,,,,215.44,292.46,32.691,,,,,,,22451000000,,31.06,,328.46,142.27
2025-12-28,GOOG,10.14,385476002000.0,31.06,,1.07,32.03,,,,,,,,,,,,,,,None,8130000000,8130000000,,,,,,None,1490000000,,1.02,0.0032,,,,0.353,0.7617,6151000000,7641000000,2.33,2016-06-30,28.25,,228095001000.0,13370000000,6119000000,1242000000,,,None,32000000,None,,None,,,,,4877000000,4877000000,None,None,0.305,,7402000000,5968000000,,,,,151000000,,,,,1.668,9.82,9.86,,,,,,,,0.322,,,2025-10-28,quarterly,3.0917,USD,post-market,3363000000,,0.163,0.354,0.159,31.71,1624000000,,,,215.44,292.46,32.691,,,,,,,21500000000,,31.06,,328.46,142.27
2025-12-28,GOOG,10.14,385476002000.0,31.06,,1.07,32.03,,,,,,,,,,,,,,,None,7648000000,7648000000,,,,,,None,1371000000,,1.02,0.0032,,,,0.353,0.7617,5159000000,6530000000,2.33,2016-03-31,28.25,,228095001000.0,12609000000,5129000000,922000000,,,None,30000000,None,,None,,,,,4207000000,4207000000,None,None,0.305,,7267000000,5342000000,,,,,-213000000,,,,,1.668,9.82,9.86,,,,,,,,0.322,,,2025-10-28,quarterly,3.0917,USD,post-market,3367000000,,0.163,0.354,0.159,31.71,1513000000,,,,215.44,292.46,32.691,,,,,,,20257000000,,31.06,,328.46,142.27
2025-12-28,GOOG,10.14,385476002000.0,31.06,,1.07,32.03,,,,,,,,,,,,,,,None,8188000000,8188000000,,,,,,None,1404000000,,1.02,0.0032,,,,0.353,0.7617,5226000000,6630000000,2.33,2015-12-31,28.25,,228095001000.0,13141000000,5200000000,277000000,,,None,26000000,None,,None,,,,,4923000000,None,None,None,0.305,,7761000000,5380000000,,,,,None,,,,,1.668,9.82,9.86,,,,,,,,0.322,,,2025-10-28,quarterly,3.0917,USD,post-market,3510000000,,0.163,0.354,0.159,31.71,1572000000,,,,215.44,292.46,32.691,,,,,,,21329000000,,31.06,,328.46,142.27
2025-12-28,GOOG,10.14,385476002000.0,31.06,,1.07,32.03,,,,,,,,,,,,,,,None,7037000000,7037000000,,,,,,None,1248000000,,1.02,0.0032,,,,0.353,0.7617,4917000000,6165000000,2.33,2015-09-30,28.25,,228095001000.0,11638000000,4891000000,912000000,,,None,26000000,None,,None,,,,,3979000000,3979000000,None,None,0.305,,6930000000,4708000000,,,,,183000000,,,,,1.668,9.82,9.86,,,,,,,,0.322,,,2025-10-28,quarterly,3.0917,USD,post-market,3230000000,,0.163,0.354,0.159,31.71,1477000000,,,,215.44,292.46,32.691,,,,,,,18675000000,,31.06,,328.46,142.27
2025-12-28,GOOG,10.14,385476002000.0,31.06,,1.07,32.03,,,,,,,,,,,,,,,None,6583000000,6583000000,,,,,,None,1234000000,,1.02,0.0032,,,,0.353,0.7617,4982000000,6216000000,2.33,2015-06-30,28.25,,228095001000.0,11144000000,4956000000,1025000000,,,None,26000000,None,,None,,,,,3931000000,None,None,None,0.305,,6319000000,4825000000,,,,,None,,,,,1.668,9.82,9.86,,,,,,,,0.322,,,2025-10-28,quarterly,3.0917,USD,post-market,2789000000,,0.163,0.354,0.159,31.71,1450000000,,,,215.44,292.46,32.691,,,,,,,17727000000,,31.06,,328.46,142.27
2025-12-28,GOOG,10.14,385476002000.0,31.06,,1.07,32.03,,,,,,,,,,,,,,,None,6356000000,6356000000,,,,,,None,1177000000,,1.02,0.0032,,,,0.353,0.7617,4630000000,5807000000,2.33,2015-03-31,28.25,,228095001000.0,10902000000,4604000000,1089000000,,,None,26000000,None,,None,,,,,3515000000,None,None,None,0.305,,6455000000,4447000000,,,,,None,,,,,1.668,9.82,9.86,,,,,,,,0.322,,,2025-10-28,quarterly,3.0917,USD,post-market,2753000000,,0.163,0.354,0.159,31.71,1637000000,,,,215.44,292.46,32.691,,,,,,,17258000000,,31.06,,328.46,142.27
2025-12-28,GOOG,10.14,385476002000.0,31.06,,1.07,32.03,,,,,,,,,,,,,,,None,6921000000,6921000000,,,,,,None,1267000000,,1.02,0.0032,,,,0.353,0.7617,4552000000,5819000000,2.33,2014-12-31,28.25,,228095001000.0,11182000000,4527000000,737000000,,,None,25000000,None,,None,,,,,4757000000,None,None,None,0.305,,6783000000,4399000000,,,,,None,,,,,1.668,9.82,9.86,,,,,,,,0.322,,,2025-10-28,quarterly,3.0917,USD,post-market,2813000000,,0.163,0.354,0.159,31.71,1593000000,,,,215.44,292.46,32.691,,,,,,,18103000000,,31.06,,328.46,142.27
2025-12-28,GOOG,10.14,385476002000.0,31.06,,1.07,32.03,,,,,,,,,,,,,,,None,6695000000,6695000000,,,,,,None,1547000000,,1.02,0.0032,,,,0.353,0.7617,3882000000,5429000000,2.33,2014-09-30,28.25,,228095001000.0,9828000000,3857000000,933000000,,,None,25000000,None,,None,,,,,2739000000,None,None,None,0.305,,6104000000,3724000000,,,,,None,,,,,1.668,9.82,9.86,,,,,,,,0.322,,,2025-10-28,quarterly,3.0917,USD,post-market,2655000000,,0.163,0.354,0.159,31.71,1365000000,,,,215.44,292.46,32.691,,,,,,,16523000000,,31.06,,328.46,142.27
2025-12-28,GOOG,10.14,385476002000.0,31.06,,1.07,32.03,,,,,,,,,,,,,,,None,6114000000,6114000000,,,,,,None,1079000000,,1.02,0.0032,,,,0.353,0.7617,4430000000,5509000000,2.33,2014-06-30,28.25,,228095001000.0,9841000000,4403000000,984000000,,,None,27000000,None,,None,,,,,3351000000,None,None,None,0.305,,5583000000,4258000000,,,,,None,,,,,1.668,9.82,9.86,,,,,,,,0.322,,,2025-10-28,quarterly,3.0917,USD,post-market,2238000000,,0.163,0.354,0.159,31.71,1404000000,,,,215.44,292.46,32.691,,,,,,,15955000000,,31.06,,328.46,142.27
2025-12-28,GOOG,10.14,385476002000.0,31.06,,1.07,32.03,,,,,,,,,,,,,,,None,5961000000,5961000000,,,,,,None,1086000000,,1.02,0.0032,,,,0.353,0.7617,4496000000,5582000000,2.33,2014-03-31,28.25,,228095001000.0,9459000000,4472000000,822000000,,,None,24000000,None,,None,,,,,3452000000,None,None,None,0.305,,5344000000,4115000000,,,,,None,,,,,1.668,9.82,9.86,,,,,,,,0.322,,,2025-10-28,quarterly,3.0917,USD,post-market,2126000000,,0.163,0.354,0.159,31.71,1489000000,,,,215.44,292.46,32.691,,,,,,,15420000000,,31.06,,328.46,142.27
2025-12-28,GOOG,10.14,385476002000.0,31.06,,1.07,32.03,,,,,,,,,,,,,,,None,7438000000,7438000000,,,,,,None,1036000000,,1.02,0.0032,,,,0.353,0.7617,4068000000,5104000000,2.33,2013-12-31,28.25,,228095001000.0,9420000000,4047000000,666000000,,,None,21000000,None,,None,,,,,3376000000,None,None,None,0.305,,5498000000,3922000000,,,,,None,,,,,1.668,9.82,9.86,,,,,,,,0.322,,,2025-10-28,quarterly,3.0917,USD,post-market,2111000000,,0.163,0.354,0.159,31.71,1261000000,,,,215.44,292.46,32.691,,,,,,,16858000000,,31.06,,328.46,142.27
2025-12-28,GOOG,10.14,385476002000.0,31.06,,1.07,32.03,,,,,,,,,,,,,,,None,5409000000,5409000000,,,,,,None,974000000,,1.02,0.0032,,,,0.353,0.7617,3794000000,4768000000,2.33,2013-09-30,28.25,,228095001000.0,8345000000,3775000000,612000000,,,None,19000000,None,,None,,,,,2970000000,None,None,None,0.305,,4584000000,3761000000,,,,,None,,,,,1.668,9.82,9.86,,,,,,,,0.322,,,2025-10-28,quarterly,3.0917,USD,post-market,1821000000,,0.163,0.354,0.159,31.71,1135000000,,,,215.44,292.46,32.691,,,,,,,13754000000,,31.06,,328.46,142.27
2025-12-28,GOOG,10.14,385476002000.0,31.06,,1.07,32.03,,,,,,,,,,,,,,,None,5195000000,5195000000,,,,,,None,1030000000,,1.02,0.0032,,,,0.353,0.7617,3720000000,4750000000,2.33,2013-06-30,28.25,,228095001000.0,7912000000,3701000000,927000000,,,None,19000000,None,,None,,,,,3228000000,None,None,None,0.305,,4447000000,3465000000,,,,,None,,,,,1.668,9.82,9.86,,,,,,,,0.322,,,2025-10-28,quarterly,3.0917,USD,post-market,1766000000,,0.163,0.354,0.159,31.71,1098000000,,,,215.44,292.46,32.691,,,,,,,13107000000,,31.06,,328.46,142.27
2025-12-28,GOOG,10.14,385476002000.0,31.06,,1.07,32.03,,,,,,,,,,,,,,,None,5136000000,5136000000,,,,,,None,899000000,,1.02,0.0032,,,,0.353,0.7617,3903000000,4802000000,2.33,2013-03-31,28.25,,228095001000.0,7815000000,3882000000,354000000,,,None,21000000,None,,None,,,,,3346000000,None,None,None,0.305,,4067000000,3748000000,,,,,None,,,,,1.668,9.82,9.86,,,,,,,,0.322,,,2025-10-28,quarterly,3.0917,USD,post-market,1617000000,,0.163,0.354,0.159,31.71,1015000000,,,,215.44,292.46,32.691,,,,,,,12951000000,,31.06,,328.46,142.27
2025-12-28,GOOG,10.14,385476002000.0,31.06,,1.07,32.03,,,,,,,,,,,,,,,None,5278000000,5278000000,,,,,,None,953000000,,1.02,0.0032,,,,0.353,0.7617,3606000000,4559000000,2.33,2012-12-31,28.25,,228095001000.0,7937000000,3585000000,648000000,,,None,21000000,None,,None,,,,,2886000000,None,None,None,0.305,,4505000000,3432000000,,,,,None,,,,,1.668,9.82,9.86,,,,,,,,0.322,,,2025-10-28,quarterly,3.0917,USD,post-market,1758000000,,0.163,0.354,0.159,31.71,1066000000,,,,215.44,292.46,32.691,,,,,,,13215000000,,31.06,,328.46,142.27
2025-12-28,GOOG,10.14,385476002000.0,31.06,,1.07,32.03,,,,,,,,,,,,,,,None,5955000000,5955000000,,,,,,None,828000000,,1.02,0.0032,,,,0.353,0.7617,2826000000,3654000000,2.33,2012-09-30,28.25,,228095001000.0,7349000000,2805000000,647000000,,,None,21000000,None,,None,,,,,2176000000,None,None,None,0.305,,4609000000,2740000000,,,,,None,,,,,1.668,9.82,9.86,,,,,,,,0.322,,,2025-10-28,quarterly,3.0917,USD,post-market,1879000000,,0.163,0.354,0.159,31.71,1020000000,,,,215.44,292.46,32.691,,,,,,,13304000000,,31.06,,328.46,142.27
2025-12-28,GOOG,10.14,385476002000.0,31.06,,1.07,32.03,,,,,,,,,,,,,,,None,4677000000,4677000000,,,,,,None,670000000,,1.02,0.0032,,,,0.353,0.7617,3512000000,4182000000,2.33,2012-06-30,28.25,,228095001000.0,7130000000,3490000000,657000000,,,None,22000000,None,,None,,,,,2785000000,None,None,None,0.305,,3893000000,3237000000,,,,,None,,,,,1.668,9.82,9.86,,,,,,,,0.322,,,2025-10-28,quarterly,3.0917,USD,post-market,1538000000,,0.163,0.354,0.159,31.71,942000000,,,,215.44,292.46,32.691,,,,,,,11807000000,,31.06,,328.46,142.27
2025-12-28,GOOG,10.14,385476002000.0,31.06,,1.07,32.03,,,,,,,,,,,,,,,None,3789000000,3789000000,,,,,,None,511000000,,1.02,0.0032,,,,0.353,0.7617,3565000000,4076000000,2.33,2012-03-31,28.25,,228095001000.0,6856000000,3545000000,655000000,,,None,20000000,None,,None,,,,,2890000000,None,None,None,0.305,,3467000000,3389000000,,,,,None,,,,,1.668,9.82,9.86,,,,,,,,0.322,,,2025-10-28,quarterly,3.0917,USD,post-market,1441000000,,0.163,0.354,0.159,31.71,757000000,,,,215.44,292.46,32.691,,,,,,,10645000000,,31.06,,328.46,142.27
2025-12-28,GOOG,10.14,385476002000.0,31.06,,1.07,32.03,,,,,,,,,,,,,,,None,3703000000,3703000000,,,,,,None,503000000,,1.02,0.0032,,,,0.353,0.7617,3509000000,4012000000,2.33,2011-12-31,28.25,,228095001000.0,6880000000,3489000000,785000000,,,None,20000000,None,,None,,,,,2704000000,None,None,None,0.305,,3373000000,3507000000,,,,,None,,,,,1.668,9.82,9.86,,,,,,,,0.322,,,2025-10-28,quarterly,3.0917,USD,post-market,1301000000,,0.163,0.354,0.159,31.71,805000000,,,,215.44,292.46,32.691,,,,,,,10583000000,,31.06,,328.46,142.27
2025-12-28,GOOG,10.14,385476002000.0,31.06,,1.07,32.03,,,,,,,,,,,,,,,None,3378000000,3378000000,,,,,,None,492000000,,1.02,0.0032,,,,0.353,0.7617,3381000000,3873000000,2.33,2011-09-30,28.25,,228095001000.0,6342000000,3360000000,631000000,,,None,21000000,None,,None,,,,,2729000000,None,None,None,0.305,,3284000000,3058000000,,,,,None,,,,,1.668,9.82,9.86,,,,,,,,0.322,,,2025-10-28,quarterly,3.0917,USD,post-market,1404000000,,0.163,0.354,0.159,31.71,676000000,,,,215.44,292.46,32.691,,,,,,,9720000000,,31.06,,328.46,142.27
2025-12-28,GOOG,10.14,385476002000.0,31.06,,1.07,32.03,,,,,,,,,,,,,,,None,3172000000,3172000000,,,,,,None,455000000,,1.02,0.0032,,,,0.353,0.7617,3098000000,3553000000,2.33,2011-06-30,28.25,,228095001000.0,5854000000,3085000000,580000000,,,None,13000000,None,,None,,,,,2505000000,None,None,None,0.305,,2973000000,2881000000,,,,,None,,,,,1.668,9.82,9.86,,,,,,,,0.322,,,2025-10-28,quarterly,3.0917,USD,post-market,1234000000,,0.163,0.354,0.159,31.71,648000000,,,,215.44,292.46,32.691,,,,,,,9026000000,,31.06,,328.46,142.27
2025-12-28,GOOG,10.14,385476002000.0,31.06,,1.07,32.03,,,,,,,,,,,,,,,None,2936000000,2936000000,,,,,,None,401000000,,1.02,0.0032,,,,0.353,0.7617,2396000000,2797000000,2.33,2011-03-31,28.25,,228095001000.0,5639000000,2392000000,594000000,,,None,4000000,None,,None,,,,,1798000000,None,None,None,0.305,,3343000000,2296000000,,,,,None,,,,,1.668,9.82,9.86,,,,,,,,0.322,,,2025-10-28,quarterly,3.0917,USD,post-market,1226000000,,0.163,0.354,0.159,31.71,591000000,,,,215.44,292.46,32.691,,,,,,,8575000000,,31.06,,328.46,142.27
2025-12-28,GOOG,10.14,385476002000.0,31.06,,1.07,32.03,,,,,,,,,,,,,,,None,2946000000,2946000000,,,,,,None,381000000,,1.02,0.0032,,,,0.353,0.7617,2982000000,3363000000,2.33,2010-12-31,28.25,,228095001000.0,5494000000,3142000000,599000000,,,None,176000000,None,,None,,,,,2543000000,None,None,None,0.305,,2512000000,2982000000,,,,,None,,,,,1.668,9.82,9.86,,,,,,,,0.322,,,2025-10-28,quarterly,3.0917,USD,post-market,1051000000,,0.163,0.354,0.159,31.71,559000000,,,,215.44,292.46,32.691,,,,,,,8440000000,,31.06,,328.46,142.27
2025-12-28,GOOG,10.14,385476002000.0,31.06,,1.07,32.03,,,,,,,,,,,,,,,None,2552000000,2552000000,,,,,,None,342000000,,1.02,0.0032,,,,0.353,0.7617,2714000000,3056000000,2.33,2010-09-30,28.25,,228095001000.0,4734000000,2714000000,547000000,,,None,172000000,None,,None,,,,,2167000000,None,None,None,0.305,,2187000000,2547000000,,,,,None,,,,,1.668,9.82,9.86,,,,,,,,0.322,,,2025-10-28,quarterly,3.0917,USD,post-market,994000000,,0.163,0.354,0.159,31.71,532000000,,,,215.44,292.46,32.691,,,,,,,7286000000,,31.06,,328.46,142.27
2025-12-28,GOOG,10.14,385476002000.0,31.06,,1.07,32.03,,,,,,,,,,,,,,,None,2467000000,2467000000,,,,,,None,342000000,,1.02,0.0032,,,,0.353,0.7617,2365000000,2707000000,2.33,2010-06-30,28.25,,228095001000.0,4353000000,2434000000,594000000,,,None,136000000,None,,None,,,,,1840000000,None,None,None,0.305,,1988000000,2365000000,,,,,None,,,,,1.668,9.82,9.86,,,,,,,,0.322,,,2025-10-28,quarterly,3.0917,USD,post-market,898000000,,0.163,0.354,0.159,31.71,461000000,,,,215.44,292.46,32.691,,,,,,,6820000000,,31.06,,328.46,142.27
2025-12-28,GOOG,10.14,385476002000.0,31.06,,1.07,32.03,,,,,,,,,,,,,,,None,2452000000,2452000000,,,,,,None,331000000,,1.02,0.0032,,,,0.353,0.7617,2488000000,2819000000,2.33,2010-03-31,28.25,,228095001000.0,4323000000,2506000000,551000000,,,None,95000000,None,,None,,,,,1955000000,None,None,None,0.305,,1835000000,2488000000,,,,,None,,,,,1.668,9.82,9.86,,,,,,,,0.322,,,2025-10-28,quarterly,3.0917,USD,post-market,818000000,,0.163,0.354,0.159,31.71,410000000,,,,215.44,292.46,32.691,,,,,,,6775000000,,31.06,,328.46,142.27
2025-12-28,GOOG,10.14,385476002000.0,31.06,,1.07,32.03,,,,,,,,,,,,,,,None,2408400000,2408400000,,,,,,None,365506000,,1.02,0.0032,,,,0.353,0.7617,2481021000,2846527000,2.33,2009-12-31,28.25,,228095001000.0,4265463000,2568671000,594571000,,,None,66862000,None,,None,,,,,1974100000,None,None,None,0.305,,1784480000,2480983000,,,,,None,,,,,1.668,9.82,9.86,,,,,,,,0.322,,,2025-10-28,quarterly,3.0917,USD,post-market,736234000,,0.163,0.354,0.159,31.71,465059000,,,,215.44,292.46,32.691,,,,,,,6673863000,,31.06,,328.46,142.27
2025-12-28,GOOG,10.14,385476002000.0,31.06,,1.07,32.03,,,,,,,,,,,,,,,None,2226000000,2226000000,,,,,,None,379000000,,1.02,0.0032,,,,0.353,0.7617,2074000000,2453000000,2.33,2009-09-30,28.25,,228095001000.0,3719000000,2067000000,428000000,,,None,46702000,None,,None,,,,,1639000000,None,None,None,0.305,,1645000000,2074000000,,,,,None,,,,,1.668,9.82,9.86,,,,,,,,0.322,,,2025-10-28,quarterly,3.0917,USD,post-market,758000000,,0.163,0.354,0.159,31.71,389000000,,,,215.44,292.46,32.691,,,,,,,5945000000,,31.06,,328.46,142.27
2025-12-28,GOOG,10.14,385476002000.0,31.06,,1.07,32.03,,,,,,,,,,,,,,,None,2108000000,2108000000,,,,,,None,377000000,,1.02,0.0032,,,,0.353,0.7617,1874000000,2251000000,2.33,2009-06-30,28.25,,228095001000.0,3415000000,1856000000,371000000,,,None,50017000,None,,None,,,,,1485000000,None,None,None,0.305,,1541000000,1874000000,,,,,None,,,,,1.668,9.82,9.86,,,,,,,,0.322,,,2025-10-28,quarterly,3.0917,USD,post-market,708000000,,0.163,0.354,0.159,31.71,364000000,,,,215.44,292.46,32.691,,,,,,,5523000000,,31.06,,328.46,142.27
2025-12-28,GOOG,10.14,385476002000.0,31.06,,1.07,32.03,,,,,,,,,,,,,,,None,2102000000,2102000000,,,,,,None,403000000,,1.02,0.0032,,,,0.353,0.7617,1884000000,2287000000,2.33,2009-03-31,28.25,,228095001000.0,3407000000,1890000000,467000000,,,None,66092000,None,,None,,,,,1423000000,None,None,None,0.305,,1523000000,1884000000,,,,,None,,,,,1.668,9.82,9.86,,,,,,,,0.322,,,2025-10-28,quarterly,3.0917,USD,post-market,642000000,,0.163,0.354,0.159,31.71,447000000,,,,215.44,292.46,32.691,,,,,,,5509000000,,31.06,,328.46,142.27
2025-12-28,GOOG,10.14,385476002000.0,31.06,,1.07,32.03,,,,,,,,,,,,,,,None,2190005000,2190005000,,,,,,None,385510000,,1.02,0.0032,,,,0.353,0.7617,1860251000,2245761000,2.33,2008-12-31,28.25,,228095001000.0,3510945000,835347000,452905000,,,None,88447000,None,,None,,,,,382442000,None,None,None,0.305,,1650740000,1860205000,,,,,None,,,,,1.668,9.82,9.86,,,,,,,,0.322,,,2025-10-28,quarterly,3.0917,USD,post-market,733341000,,0.163,0.354,0.159,31.71,411361000,,,,215.44,292.46,32.691,,,,,,,5700950000,,31.06,,328.46,142.27
2025-12-28,GOOG,10.14,385476002000.0,31.06,,1.07,32.03,,,,,,,,,,,,,,,None,2173390000,2173390000,,,,,,None,386246000,,1.02,0.0032,,,,0.353,0.7617,1647574000,2033820000,2.33,2008-09-30,28.25,,228095001000.0,3368010000,1668782000,378844000,,,None,90996000,None,,None,,,,,1289938000,None,None,None,0.305,,1720445000,1647565000,,,,,None,,,,,1.668,9.82,9.86,,,,,,,,0.322,,,2025-10-28,quarterly,3.0917,USD,post-market,704571000,,0.163,0.354,0.159,31.71,507064000,,,,215.44,292.46,32.691,,,,,,,5541400000,,31.06,,328.46,142.27
2025-12-28,GOOG,10.14,385476002000.0,31.06,,1.07,32.03,,,,,,,,,,,,,,,None,2147575000,2147575000,,,,,,None,391607000,,1.02,0.0032,,,,0.353,0.7617,1577953000,1969560000,2.33,2008-06-30,28.25,,228095001000.0,3219625000,1635888000,388497000,,,None,88086000,None,,None,,,,,1247391000,None,None,None,0.305,,1641660000,1577965000,,,,,None,,,,,1.668,9.82,9.86,,,,,,,,0.322,,,2025-10-28,quarterly,3.0917,USD,post-market,682210000,,0.163,0.354,0.159,31.71,474910000,,,,215.44,292.46,32.691,,,,,,,5367200000,,31.06,,328.46,142.27
2025-12-28,GOOG,10.14,385476002000.0,31.06,,1.07,32.03,,,,,,,,,,,,,,,None,2110536000,2110536000,,,,,,None,336524000,,1.02,0.0032,,,,0.353,0.7617,1546192000,1882716000,2.33,2008-03-31,28.25,,228095001000.0,3075464000,1713578000,406492000,,,None,387000,None,,None,,,,,1307086000,None,None,None,0.305,,1529229000,1546235000,,,,,None,,,,,1.668,9.82,9.86,,,,,,,,0.322,,,2025-10-28,quarterly,3.0917,USD,post-market,673069000,,0.163,0.354,0.159,31.71,409305000,,,,215.44,292.46,32.691,,,,,,,5186000000,,31.06,,328.46,142.27
2025-12-28,GOOG,10.14,385476002000.0,31.06,,1.07,32.03,,,,,,,,,,,,,,,None,1955824000,1955824000,,,,,,None,289936000,,1.02,0.0032,,,,0.353,0.7617,1608198000,1898134000,2.33,2007-12-31,28.25,,228095001000.0,2870862000,1608027000,401578000,,,None,171000,None,,None,,,,,1206449000,None,None,None,0.305,,1430128000,1440734000,,,,,None,,,,,1.668,9.82,9.86,,,,,,,,0.322,,,2025-10-28,quarterly,3.0917,USD,post-market,630783000,,0.163,0.354,0.159,31.71,377048000,,,,215.44,292.46,32.691,,,,,,,4826686000,,31.06,,328.46,142.27
2025-12-28,GOOG,10.14,385476002000.0,31.06,,1.07,32.03,,,,,,,,,,,,,,,None,1662579000,1662579000,,,,,,None,249375000,,1.02,0.0032,,,,0.353,0.7617,1317891000,1567266000,2.33,2007-09-30,28.25,,228095001000.0,2568821000,1472270000,402281000,,,None,446000,None,,None,,,,,1069989000,None,None,None,0.305,,1250979000,1317842000,,,,,None,,,,,1.668,9.82,9.86,,,,,,,,0.322,,,2025-10-28,quarterly,3.0917,USD,post-market,548712000,,0.163,0.354,0.159,31.71,321398000,,,,215.44,292.46,32.691,,,,,,,4231400000,,31.06,,328.46,142.27
2025-12-28,GOOG,10.14,385476002000.0,31.06,,1.07,32.03,,,,,,,,,,,,,,,None,1560255000,1560255000,,,,,,None,223355000,,1.02,0.0032,,,,0.353,0.7617,1104630000,1327985000,2.33,2007-06-30,28.25,,228095001000.0,2311745000,1241745000,316625000,,,None,244000,None,,None,,,,,925120000,None,None,None,0.305,,1207130000,1104615000,,,,,None,,,,,1.668,9.82,9.86,,,,,,,,0.322,,,2025-10-28,quarterly,3.0917,USD,post-market,532106000,,0.163,0.354,0.159,31.71,319405000,,,,215.44,292.46,32.691,,,,,,,3872000000,,31.06,,328.46,142.27
2025-12-28,GOOG,10.14,385476002000.0,31.06,,1.07,32.03,,,,,,,,,,,,,,,None,1470426000,1470426000,,,,,,None,204992000,,1.02,0.0032,,,,0.353,0.7617,1352279000,1557271000,2.33,2007-03-31,28.25,,228095001000.0,2193574000,1351937000,349775000,,,None,342000,None,,None,,,,,1002162000,None,None,None,0.305,,972365000,1221209000,,,,,None,,,,,1.668,9.82,9.86,,,,,,,,0.322,,,2025-10-28,quarterly,3.0917,USD,post-market,408384000,,0.163,0.354,0.159,31.71,261400000,,,,215.44,292.46,32.691,,,,,,,3664000000,,31.06,,328.46,142.27
2025-12-28,GOOG,10.14,385476002000.0,31.06,,1.07,32.03,,,,,,,,,,,,,,,None,1283148000,1283148000,,,,,,None,189250000,,1.02,0.0032,,,,0.353,0.7617,723484000,912734000,2.33,2006-12-31,28.25,,228095001000.0,1922350000,1184734000,154017000,,,None,None,None,,None,,,,,1030717000,None,None,None,0.305,,861756000,1060594000,,,,,None,,,,,1.668,9.82,9.86,,,,,,,,0.322,,,2025-10-28,quarterly,3.0917,USD,post-market,386806000,,0.163,0.354,0.159,31.71,474950000,,,,215.44,292.46,32.691,,,,,,,3205498000,,31.06,,328.46,142.27
2025-12-28,GOOG,10.14,385476002000.0,31.06,,1.07,32.03,,,,,,,,,,,,,,,None,1048728000,1048728000,,,,,,None,145310000,,1.02,0.0032,,,,0.353,0.7617,1039532000,1184842000,2.33,2006-09-30,28.25,,228095001000.0,1640972000,1039511000,306150000,,,None,21000,None,,None,,,,,733361000,None,None,None,0.305,,709641000,931331000,,,,,None,,,,,1.668,9.82,9.86,,,,,,,,0.322,,,2025-10-28,quarterly,3.0917,USD,post-market,312632000,,0.163,0.354,0.159,31.71,190010000,,,,215.44,292.46,32.691,,,,,,,2689700000,,31.06,,328.46,142.27
2025-12-28,GOOG,10.14,385476002000.0,31.06,,1.07,32.03,,,,,,,,,,,,,,,None,989032000,989032000,,,,,,None,126221000,,1.02,0.0032,,,,0.353,0.7617,976354000,1102575000,2.33,2006-06-30,28.25,,228095001000.0,1466968000,976177000,255100000,,,None,177000,None,,None,,,,,721077000,None,None,None,0.305,,651596000,815372000,,,,,None,,,,,1.668,9.82,9.86,,,,,,,,0.322,,,2025-10-28,quarterly,3.0917,USD,post-market,282552000,,0.163,0.354,0.159,31.71,172638000,,,,215.44,292.46,32.691,,,,,,,2456000000,,31.06,,328.46,142.27
2025-12-28,GOOG,10.14,385476002000.0,31.06,,1.07,32.03,,,,,,,,,,,,,,,None,904119000,904119000,,,,,,None,111158000,,1.02,0.0032,,,,0.353,0.7617,810626000,921784000,2.33,2006-03-31,28.25,,228095001000.0,1349681000,810618000,218327000,,,None,8000,None,,None,,,,,592291000,None,None,None,0.305,,606982000,742699000,,,,,None,,,,,1.668,9.82,9.86,,,,,,,,0.322,,,2025-10-28,quarterly,3.0917,USD,post-market,246599000,,0.163,0.354,0.159,31.71,169395000,,,,215.44,292.46,32.691,,,,,,,2253800000,,31.06,,328.46,142.27
2025-12-28,GOOG,10.14,385476002000.0,31.06,,1.07,32.03,,,,,,,,,,,,,,,None,775381000,775381000,,,,,,None,94725000,,1.02,0.0032,,,,0.353,0.7617,569639000,664364000,2.33,2005-12-31,28.25,,228095001000.0,1143711000,639833000,267625000,,,None,None,None,,None,,,,,372208000,None,None,None,0.305,,574072000,569639000,,,,,None,,,,,1.668,9.82,9.86,,,,,,,,0.322,,,2025-10-28,quarterly,3.0917,USD,post-market,157072000,,0.163,0.354,0.159,31.71,327000000,,,,215.44,292.46,32.691,,,,,,,1919092000,,31.06,,328.46,142.27
2025-12-28,GOOG,10.14,385476002000.0,31.06,,1.07,32.03,,,,,,,,,,,,,,,None,655154000,655154000,,,,,,None,75965000,,1.02,0.0032,,,,0.353,0.7617,550356000,626321000,2.33,2005-09-30,28.25,,228095001000.0,923302000,549968000,168786000,,,None,388000,None,,None,,,,,381182000,None,None,None,0.305,,394131000,529171000,,,,,None,,,,,1.668,9.82,9.86,,,,,,,,0.322,,,2025-10-28,quarterly,3.0917,USD,post-market,177793000,,0.163,0.354,0.159,31.71,104851000,,,,215.44,292.46,32.691,,,,,,,1578456000,,31.06,,328.46,142.27
2025-12-28,GOOG,10.14,385476002000.0,31.06,,1.07,32.03,,,,,,,,,,,,,,,None,146306000000,146306000000,,,,,,None,15311000000,,1.02,0.0032,,,,0.353,0.7617,120083000000,135394000000,2.33,2024-12-31,28.25,,228095001000.0,203712000000,119815000000,19697000000,,,None,268000000,4482000000,,None,,,,,100118000000,100118000000,4214000000,None,0.305,,91322000000,112390000000,,,,,None,,,,,1.668,9.82,9.86,,,,,,,,0.322,,,2025-10-28,annual,3.0917,USD,post-market,49326000000,,0.163,0.354,0.159,31.71,14188000000,,,,215.44,292.46,32.691,,,,,,,350018000000,,31.06,,328.46,142.27
2025-12-28,GOOG,10.14,385476002000.0,31.06,,1.07,32.03,,,,,,,,,,,,,,,None,133332000000,133332000000,,,,,,None,11946000000,,1.02,0.0032,,,,0.353,0.7617,86025000000,97971000000,2.33,2023-12-31,28.25,,228095001000.0,174062000000,85717000000,11922000000,,,None,308000000,3865000000,,None,,,,,73795000000,73795000000,3557000000,None,0.305,,89769000000,84293000000,,,,,None,,,,,1.668,9.82,9.86,,,,,,,,0.322,,,2025-10-28,annual,3.0917,USD,post-market,45427000000,,0.163,0.354,0.159,31.71,16425000000,,,,215.44,292.46,32.691,,,,,,,307394000000,,31.06,,328.46,142.27
2025-12-28,GOOG,10.14,385476002000.0,31.06,,1.07,32.03,,,,,,,,,,,,,,,None,126203000000,126203000000,,,,,,None,13475000000,,1.02,0.0032,,,,0.353,0.7617,71685000000,85160000000,2.33,2022-12-31,28.25,,228095001000.0,156633000000,71328000000,11356000000,,,None,357000000,2174000000,,None,,,,,59972000000,59972000000,1817000000,None,0.305,,81791000000,74842000000,,,,,-3514000000,,,,,1.668,9.82,9.86,,,,,,,,0.322,,,2025-10-28,annual,3.0917,USD,post-market,39500000000,,0.163,0.354,0.159,31.71,15724000000,,,,215.44,292.46,32.691,,,,,,,282836000000,,31.06,,328.46,142.27
2025-12-28,GOOG,10.14,385476002000.0,31.06,,1.07,32.03,,,,,,,,,,,,,,,None,110939000000,110939000000,,,,,,None,12441000000,,1.02,0.0032,,,,0.353,0.7617,91080000000,103521000000,2.33,2021-12-31,28.25,,228095001000.0,146698000000,90734000000,14701000000,,,None,346000000,1499000000,,None,,,,,76033000000,76033000000,1153000000,None,0.305,,67984000000,78714000000,,,,,12020000000,,,,,1.668,9.82,9.86,,,,,,,,0.322,,,2025-10-28,annual,3.0917,USD,post-market,31562000000,,0.163,0.354,0.159,31.71,13510000000,,,,215.44,292.46,32.691,,,,,,,257637000000,,31.06,,328.46,142.27
2025-12-28,GOOG,10.14,385476002000.0,31.06,,1.07,32.03,,,,,,,,,,,,,,,None,84732000000,84732000000,,,,,,None,13697000000,,1.02,0.0032,,,,0.353,0.7617,48217000000,61914000000,2.33,2020-12-31,28.25,,228095001000.0,97795000000,48082000000,7813000000,,,None,135000000,1865000000,,None,,,,,40269000000,40269000000,1730000000,None,0.305,,56571000000,41224000000,,,,,6858000000,,,,,1.668,9.82,9.86,,,,,,,,0.322,,,2025-10-28,annual,3.0917,USD,post-market,27573000000,,0.163,0.354,0.159,31.71,11052000000,,,,215.44,292.46,32.691,,,,,,,182527000000,,31.06,,328.46,142.27
2025-12-28,GOOG,10.14,385476002000.0,31.06,,1.07,32.03,,,,,,,,,,,,,,,None,71896000000,71896000000,,,,,,None,11781000000,,1.02,0.0032,,,,0.353,0.7617,39725000000,51506000000,2.33,2019-12-31,28.25,,228095001000.0,89961000000,39625000000,5282000000,,,None,100000000,2427000000,,None,,,,,34343000000,34343000000,2327000000,None,0.305,,55730000000,34231000000,,,,,5394000000,,,,,1.668,9.82,9.86,,,,,,,,0.322,,,2025-10-28,annual,3.0917,USD,post-market,26018000000,,0.163,0.354,0.159,31.71,9551000000,,,,215.44,292.46,32.691,,,,,,,161857000000,,31.06,,328.46,142.27
2025-12-28,GOOG,10.14,385476002000.0,31.06,,1.07,32.03,,,,,,,,,,,,,,,None,59549000000,59549000000,,,,,,None,9035000000,,1.02,0.0032,,,,0.353,0.7617,35027000000,44062000000,2.33,2018-12-31,28.25,,228095001000.0,77270000000,34913000000,4177000000,,,None,114000000,1878000000,,None,,,,,30736000000,30736000000,1764000000,None,0.305,,49746000000,27524000000,,,,,8592000000,,,,,1.668,9.82,9.86,,,,,,,,0.322,,,2025-10-28,annual,3.0917,USD,post-market,21419000000,,0.163,0.354,0.159,31.71,6923000000,,,,215.44,292.46,32.691,,,,,,,136819000000,,31.06,,328.46,142.27
2025-12-28,GOOG,10.14,385476002000.0,31.06,,1.07,32.03,,,,,,,,,,,,,,,None,45583000000,45583000000,,,,,,None,6915000000,,1.02,0.0032,,,,0.353,0.7617,27302000000,34217000000,2.33,2017-12-31,28.25,,228095001000.0,65272000000,27193000000,14531000000,,,None,109000000,1312000000,,None,,,,,12662000000,12662000000,1203000000,None,0.305,,39094000000,26178000000,,,,,1047000000,,,,,1.668,9.82,9.86,,,,,,,,0.322,,,2025-10-28,annual,3.0917,USD,post-market,16625000000,,0.163,0.354,0.159,31.71,6840000000,,,,215.44,292.46,32.691,,,,,,,110855000000,,31.06,,328.46,142.27
2025-12-28,GOOG,10.14,385476002000.0,31.06,,1.07,32.03,,,,,,,,,,,,,,,None,35138000000,35138000000,,,,,,None,6144000000,,1.02,0.0032,,,,0.353,0.7617,24274000000,30418000000,2.33,2016-12-31,28.25,,228095001000.0,55134000000,24150000000,4672000000,,,None,124000000,1220000000,,None,,,,,19478000000,19478000000,1096000000,None,0.305,,31418000000,23716000000,,,,,434000000,,,,,1.668,9.82,9.86,,,,,,,,0.322,,,2025-10-28,annual,3.0917,USD,post-market,13948000000,,0.163,0.354,0.159,31.71,6985000000,,,,215.44,292.46,32.691,,,,,,,90272000000,,31.06,,328.46,142.27
2025-12-28,GOOG,10.14,385476002000.0,31.06,,1.07,32.03,,,,,,,,,,,,,,,None,28164000000,28164000000,,,,,,None,5063000000,,1.02,0.0032,,,,0.353,0.7617,19755000000,24818000000,2.33,2015-12-31,28.25,,228095001000.0,46825000000,19651000000,3303000000,,,None,104000000,35000000,,None,,,,,16348000000,16348000000,None,None,0.305,,27465000000,19360000000,,,,,291000000,,,,,1.668,9.82,9.86,,,,,,,,0.322,,,2025-10-28,annual,3.0917,USD,post-market,12282000000,,0.163,0.354,0.159,31.71,6136000000,,,,215.44,292.46,32.691,,,,,,,74989000000,,31.06,,328.46,142.27
2025-12-28,GOOG,10.14,385476002000.0,31.06,,1.07,32.03,,,,,,,,,,,,,,,None,25691000000,25691000000,,,,,,None,4979000000,,1.02,0.0032,,,,0.353,0.7617,17360000000,22339000000,2.33,2014-12-31,28.25,,228095001000.0,40310000000,17259000000,3639000000,,,None,101000000,None,,None,,,,,14136000000,13620000000,None,None,0.305,,23814000000,16496000000,,,,,None,,,,,1.668,9.82,9.86,,,,,,,,0.322,,,2025-10-28,annual,3.0917,USD,post-market,9832000000,,0.163,0.354,0.159,31.71,5851000000,,,,215.44,292.46,32.691,,,,,,,66001000000,,31.06,,328.46,142.27
2025-12-28,GOOG,10.14,385476002000.0,31.06,,1.07,32.03,,,,,,,,,,,,,,,None,21993000000,21993000000,,,,,,None,3939000000,,1.02,0.0032,,,,0.353,0.7617,15980000000,19919000000,2.33,2013-12-31,28.25,,228095001000.0,33526000000,15899000000,2739000000,,,None,81000000,None,,None,,,,,12733000000,None,None,None,0.305,,18123000000,15403000000,,,,,None,,,,,1.668,9.82,9.86,,,,,,,,0.322,,,2025-10-28,annual,3.0917,USD,post-market,7137000000,,0.163,0.354,0.159,31.71,4432000000,,,,215.44,292.46,32.691,,,,,,,55519000000,,31.06,,328.46,142.27
2025-12-28,GOOG,10.14,385476002000.0,31.06,,1.07,32.03,,,,,,,,,,,,,,,None,17176000000,17176000000,,,,,,None,2962000000,,1.02,0.0032,,,,0.353,0.7617,14554000000,17516000000,2.33,2012-12-31,28.25,,228095001000.0,28863000000,14469000000,2916000000,,,None,85000000,None,,None,,,,,10737000000,None,None,None,0.305,,15029000000,13834000000,,,,,None,,,,,1.668,9.82,9.86,,,,,,,,0.322,,,2025-10-28,annual,3.0917,USD,post-market,6083000000,,0.163,0.354,0.159,31.71,3481000000,,,,215.44,292.46,32.691,,,,,,,46039000000,,31.06,,328.46,142.27
2025-12-28,GOOG,10.14,385476002000.0,31.06,,1.07,32.03,,,,,,,,,,,,,,,None,13188000000,13188000000,,,,,,None,1851000000,,1.02,0.0032,,,,0.353,0.7617,12384000000,14235000000,2.33,2011-12-31,28.25,,228095001000.0,24717000000,12326000000,2589000000,,,None,58000000,None,,None,,,,,9737000000,None,None,None,0.305,,12975000000,11742000000,,,,,None,,,,,1.668,9.82,9.86,,,,,,,,0.322,,,2025-10-28,annual,3.0917,USD,post-market,5162000000,,0.163,0.354,0.159,31.71,2724000000,,,,215.44,292.46,32.691,,,,,,,37905000000,,31.06,,328.46,142.27
2025-12-28,GOOG,10.14,385476002000.0,31.06,,1.07,32.03,,,,,,,,,,,,,,,None,10417000000,10417000000,,,,,,None,1396000000,,1.02,0.0032,,,,0.353,0.7617,10801000000,12197000000,2.33,2010-12-31,28.25,,228095001000.0,18904000000,10796000000,2291000000,,,None,5000000,None,,None,,,,,8505000000,None,None,None,0.305,,8523000000,10381000000,,,,,None,,,,,1.668,9.82,9.86,,,,,,,,0.322,,,2025-10-28,annual,3.0917,USD,post-market,3762000000,,0.163,0.354,0.159,31.71,1962000000,,,,215.44,292.46,32.691,,,,,,,29321000000,,31.06,,328.46,142.27
2025-12-28,GOOG,10.14,385476002000.0,31.06,,1.07,32.03,,,,,,,,,,,,,,,None,8844000000,8844000000,,,,,,None,1524000000,,1.02,0.0032,,,,0.353,0.7617,8381000000,9905000000,2.33,2009-12-31,28.25,,228095001000.0,14807000000,8381000000,1861000000,,,None,229673000,None,,None,,,,,6520000000,None,None,None,0.305,,6495000000,8312000000,,,,,None,,,,,1.668,9.82,9.86,,,,,,,,0.322,,,2025-10-28,annual,3.0917,USD,post-market,2843000000,,0.163,0.354,0.159,31.71,1668000000,,,,215.44,292.46,32.691,,,,,,,23651000000,,31.06,,328.46,142.27
2025-12-28,GOOG,10.14,385476002000.0,31.06,,1.07,32.03,,,,,,,,,,,,,,,None,8622000000,8622000000,,,,,,None,1500000000,,1.02,0.0032,,,,0.353,0.7617,6632000000,8132000000,2.33,2008-12-31,28.25,,228095001000.0,13174000000,5853000000,1626000000,,,None,389533000,None,,None,,,,,4227000000,None,None,None,0.305,,6542000000,6632000000,,,,,None,,,,,1.668,9.82,9.86,,,,,,,,0.322,,,2025-10-28,annual,3.0917,USD,post-market,2793000000,,0.163,0.354,0.159,31.71,1803000000,,,,215.44,292.46,32.691,,,,,,,21796000000,,31.06,,328.46,142.27
2025-12-28,GOOG,10.14,385476002000.0,31.06,,1.07,32.03,,,,,,,,,,,,,,,None,6649085000,6649085000,,,,,,None,967658000,,1.02,0.0032,,,,0.353,0.7617,5084400000,6052058000,2.33,2007-12-31,28.25,,228095001000.0,9944901000,5673980000,1470260000,,,None,1203000,None,,None,,,,,4203720000,None,None,None,0.305,,4860501000,5084400000,,,,,None,,,,,1.668,9.82,9.86,,,,,,,,0.322,,,2025-10-28,annual,3.0917,USD,post-market,2119985000,,0.163,0.354,0.159,31.71,1279250000,,,,215.44,292.46,32.691,,,,,,,16593986000,,31.06,,328.46,142.27
2025-12-28,GOOG,10.14,385476002000.0,31.06,,1.07,32.03,,,,,,,,,,,,,,,None,4225027000,4225027000,,,,,,None,571939000,,1.02,0.0032,,,,0.353,0.7617,3549996000,4121935000,2.33,2006-12-31,28.25,,228095001000.0,6379890000,4011040000,933594000,,,None,0,None,,None,,,,,3077446000,None,None,None,0.305,,2829894000,3549996000,,,,,None,,,,,1.668,9.82,9.86,,,,,,,,0.322,,,2025-10-28,annual,3.0917,USD,post-market,1228589000,,0.163,0.354,0.159,31.71,751787000,,,,215.44,292.46,32.691,,,,,,,10604917000,,31.06,,328.46,142.27
2025-12-28,GOOG,10.14,385476002000.0,31.06,,1.07,32.03,,,,,,,,,,,,,,,None,2577088000,2577088000,,,,,,None,293812000,,1.02,0.0032,,,,0.353,0.7617,2142453000,2436265000,2.33,2005-12-31,28.25,,228095001000.0,3561472000,2141677000,676280000,,,None,776000,None,,None,,,,,1465397000,None,None,None,0.305,,1544194000,2017278000,,,,,None,,,,,1.668,9.82,9.86,,,,,,,,0.322,,,2025-10-28,annual,3.0917,USD,post-market,599510000,,0.163,0.354,0.159,31.71,386532000,,,,215.44,292.46,32.691,,,,,,,6138560000,,31.06,,328.46,142.27
2025-12-28,GOOG,10.14,385476002000.0,31.06,None,1.07,32.03,,12106000000,23090000000,23090000000,,,,,,,,,None,12203000000,None,2577088000,2577088000,10546000000,None,None,57148000000,None,None,293812000,,1.02,0.0032,,,,0.353,0.7617,2142453000,2436265000,2.33,2025-09-30,28.25,33269000000,228095001000.0,3561472000,2141677000,676280000,None,None,None,776000,None,None,None,None,21607000000,None,63800000000,1465397000,None,None,None,0.305,,1544194000,2017278000,18303000000,73390000000,None,6267000000,None,,,,,1.668,9.82,9.86,,,,,,,,0.322,,None,2025-10-28,quarterly,3.0917,USD,post-market,599510000,297226000000,0.163,0.354,0.159,31.71,386532000,33713000000,None,75406000000,215.44,292.46,32.691,536469000000,173947000000,99550000000,149602000000,362522000000,50052000000,6138560000,386867000000,31.06,None,328.46,142.27
2025-12-28,GOOG,10.14,385476002000.0,31.06,None,1.07,32.03,,11952000000,21036000000,21036000000,,,,,,,,,12104000000,12198000000,None,2577088000,2577088000,8347000000,None,None,55048000000,None,None,293812000,,1.02,0.0032,,,,0.353,0.7617,2142453000,2436265000,2.33,2025-06-30,28.25,32335000000,228095001000.0,3561472000,2141677000,676280000,None,None,None,776000,None,None,None,None,23607000000,None,52574000000,1465397000,None,None,None,0.305,,1544194000,2017278000,16020000000,69101000000,None,6241000000,None,,,,,1.668,9.82,9.86,,,,,,,,0.322,,None,2025-10-28,quarterly,3.0917,USD,post-market,599510000,275760000000,0.163,0.354,0.159,31.71,386532000,41668000000,4107000000,74112000000,215.44,292.46,32.691,502053000000,166216000000,87310000000,139137000000,335837000000,51827000000,6138560000,362916000000,31.06,None,328.46,142.27
2025-12-28,GOOG,10.14,385476002000.0,31.06,None,1.07,32.03,,11678000000,23264000000,23264000000,,,,,,,,,86725000000,12291000000,None,2577088000,2577088000,8497000000,None,1000000000,51000000000,None,None,293812000,,1.02,0.0032,,,,0.353,0.7617,2142453000,2436265000,2.33,2025-03-31,28.25,32173000000,228095001000.0,3561472000,2141677000,676280000,None,None,None,776000,None,None,None,None,10886000000,None,51029000000,1465397000,None,None,None,0.305,,1544194000,2017278000,15724000000,67476000000,None,6116000000,None,,,,,1.668,9.82,9.86,,,,,,,,0.322,,None,2025-10-28,quarterly,3.0917,USD,post-market,599510000,262628000000,0.163,0.354,0.159,31.71,386532000,23564000000,1000000000,72064000000,215.44,292.46,32.691,475374000000,162052000000,91654000000,130107000000,313322000000,38453000000,6138560000,345267000000,31.06,None,328.46,142.27
2025-12-28,GOOG,10.14,385476002000.0,31.06,None,1.07,32.03,,14578000000,23466000000,23466000000,,,,,,,,,84800000000,12348000000,None,2577088000,2577088000,7987000000,None,None,52340000000,None,None,293812000,,1.02,0.0032,,,,0.353,0.7617,2142453000,2436265000,2.33,2024-12-31,28.25,31885000000,228095001000.0,3561472000,2141677000,676280000,None,None,None,776000,None,None,None,None,10883000000,None,37982000000,1465397000,None,None,None,0.305,,1544194000,2017278000,15714000000,64430000000,None,4694000000,None,,,,,1.668,9.82,9.86,,,,,,,,0.322,,None,2025-10-28,quarterly,3.0917,USD,post-market,599510000,245084000000,0.163,0.354,0.159,31.71,386532000,25461000000,2887000000,72191000000,215.44,292.46,32.691,450256000000,163711000000,89122000000,125172000000,286545000000,36050000000,6138560000,325084000000,31.06,None,328.46,142.27
2025-12-28,GOOG,10.14,385476002000.0,31.06,None,1.07,32.03,,16042000000,19959000000,19959000000,,,,,,,,,82030000000,12419000000,None,2577088000,2577088000,7049000000,None,None,49104000000,None,None,293812000,,1.02,0.0032,,,,0.353,0.7617,2142453000,2436265000,2.33,2024-09-30,28.25,31935000000,228095001000.0,3561472000,2141677000,676280000,None,None,None,776000,None,None,None,None,10880000000,None,36177000000,1465397000,None,None,None,0.305,,1544194000,2017278000,15207000000,63248000000,None,1453000000,None,,,,,1.668,9.82,9.86,,,,,,,,0.322,,None,2025-10-28,quarterly,3.0917,USD,post-market,599510000,235317000000,0.163,0.354,0.159,31.71,386532000,26922000000,2971000000,73271000000,215.44,292.46,32.691,430266000000,157541000000,80803000000,116147000000,272725000000,35344000000,6138560000,314119000000,31.06,None,328.46,142.27
2025-12-28,GOOG,10.14,385476002000.0,31.06,None,1.07,32.03,,15925000000,27225000000,27225000000,,,,,,,,,79732000000,12495000000,None,2577088000,2577088000,6092000000,None,None,47087000000,None,None,293812000,,1.02,0.0032,,,,0.353,0.7617,2142453000,2436265000,2.33,2024-06-30,28.25,29185000000,228095001000.0,3561472000,2141677000,676280000,None,None,None,776000,None,None,None,None,11876000000,None,34172000000,1465397000,None,None,None,0.305,,1544194000,2017278000,14183000000,61418000000,None,1753000000,None,,,,,1.668,9.82,9.86,,,,,,,,0.322,,None,2025-10-28,quarterly,3.0917,USD,post-market,599510000,226033000000,0.163,0.354,0.159,31.71,386532000,27801000000,2855000000,73500000000,215.44,292.46,32.691,414770000000,161995000000,77913000000,114017000000,252775000000,36104000000,6138560000,300753000000,31.06,None,328.46,142.27
2025-12-28,GOOG,10.14,385476002000.0,31.06,None,1.07,32.03,,16186000000,24493000000,24493000000,,,,,,,,,77913000000,12527000000,None,2577088000,2577088000,6198000000,None,None,44552000000,None,None,293812000,,1.02,0.0032,,,,0.353,0.7617,2142453000,2436265000,2.33,2024-03-31,28.25,29183000000,228095001000.0,3561472000,2141677000,676280000,None,None,None,776000,None,None,None,None,11873000000,None,33994000000,1465397000,None,None,None,0.305,,1544194000,2017278000,12829000000,59026000000,None,1683000000,None,,,,,1.668,9.82,9.86,,,,,,,,0.322,,None,2025-10-28,quarterly,3.0917,USD,post-market,599510000,219770000000,0.163,0.354,0.159,31.71,386532000,28059000000,2874000000,83597000000,215.44,292.46,32.691,407350000000,165471000000,76997000000,114506000000,241879000000,37509000000,6138560000,292844000000,31.06,None,328.46,142.27
2025-12-28,GOOG,10.14,385476002000.0,31.06,None,1.07,32.03,,16634000000,24048000000,24048000000,,,,,,,,,76534000000,12602000000,None,2577088000,2577088000,7493000000,None,None,47964000000,None,None,293812000,,1.02,0.0032,,,,0.353,0.7617,2142453000,2436265000,2.33,2023-12-31,28.25,29198000000,228095001000.0,3561472000,2141677000,676280000,None,None,None,776000,None,None,None,None,11870000000,None,31008000000,1465397000,None,None,None,0.305,,1544194000,2017278000,12650000000,64645000000,None,1616000000,None,,,,,1.668,9.82,9.86,,,,,,,,0.322,,None,2025-10-28,quarterly,3.0917,USD,post-market,599510000,211247000000,0.163,0.354,0.159,31.71,386532000,27121000000,2791000000,86868000000,215.44,292.46,32.691,402392000000,171530000000,81814000000,119013000000,230862000000,37199000000,6138560000,283379000000,31.06,None,328.46,142.27
2025-12-28,GOOG,10.14,385476002000.0,31.06,None,1.07,32.03,,12550000000,30702000000,30702000000,,,,,,,,,74591000000,12696000000,None,2577088000,2577088000,5803000000,None,None,41020000000,None,None,293812000,,1.02,0.0032,,,,0.353,0.7617,2142453000,2436265000,2.33,2023-09-30,28.25,29146000000,228095001000.0,3561472000,2141677000,676280000,1833000000,1833000000,None,776000,None,2957000000,None,None,13781000000,None,30907000000,1465397000,None,None,None,0.305,,1544194000,2017278000,12398000000,65436000000,None,1433000000,None,,,,,1.668,9.82,9.86,,,,,,,,0.322,,139904000000,2025-10-28,quarterly,3.0917,USD,post-market,599510000,205647000000,0.163,0.354,0.159,31.71,386532000,29046000000,2715000000,89233000000,215.44,292.46,32.691,396711000000,176310000000,86295000000,123509000000,220401000000,37214000000,6138560000,273202000000,31.06,None,328.46,142.27
2025-12-28,GOOG,10.14,385476002000.0,31.06,None,1.07,32.03,,12746000000,25929000000,25929000000,,,,,,,,,72248000000,12764000000,None,2577088000,2577088000,5313000000,None,None,38804000000,None,None,293812000,,1.02,0.0032,,,,0.353,0.7617,2142453000,2436265000,2.33,2023-06-30,28.25,29210000000,228095001000.0,3561472000,2141677000,676280000,1966000000,1966000000,None,776000,None,2231000000,None,None,13705000000,None,31224000000,1465397000,None,None,None,0.305,,1544194000,2017278000,9421000000,57134000000,None,23931000000,None,,,,,1.668,9.82,9.86,,,,,,,,0.322,,135677000000,2025-10-28,quarterly,3.0917,USD,post-market,599510000,200884000000,0.163,0.354,0.159,31.71,386532000,29114000000,2663000000,92403000000,215.44,292.46,32.691,383044000000,168788000000,77709000000,115903000000,214256000000,38194000000,6138560000,267141000000,31.06,None,328.46,142.27
2025-12-28,GOOG,10.14,385476002000.0,31.06,None,1.07,32.03,,12799000000,25924000000,25924000000,,,,,,,,,70269000000,12823000000,None,2577088000,2577088000,4184000000,None,None,36036000000,None,None,293812000,,1.02,0.0032,,,,0.353,0.7617,2142453000,2436265000,2.33,2023-03-31,28.25,28994000000,228095001000.0,3561472000,2141677000,676280000,1968000000,1968000000,None,776000,None,2315000000,None,None,13697000000,None,31213000000,1465397000,None,None,None,0.305,,1544194000,2017278000,8532000000,53113000000,None,25504000000,None,,,,,1.668,9.82,9.86,,,,,,,,0.322,,132007000000,2025-10-28,quarterly,3.0917,USD,post-market,599510000,196625000000,0.163,0.354,0.159,31.71,386532000,29121000000,2625000000,89178000000,215.44,292.46,32.691,369491000000,161985000000,68854000000,108597000000,207506000000,39743000000,6138560000,260894000000,31.06,None,328.46,142.27
2025-12-28,GOOG,10.14,385476002000.0,31.06,None,1.07,32.03,,16822000000,21879000000,21879000000,,,,,,,,,68184000000,12947000000,None,2577088000,2577088000,5128000000,None,None,40258000000,None,None,293812000,,1.02,0.0032,,,,0.353,0.7617,2142453000,2436265000,2.33,2022-12-31,28.25,28960000000,228095001000.0,3561472000,2141677000,676280000,2084000000,2084000000,None,776000,None,2670000000,None,None,12857000000,None,30492000000,1465397000,None,None,None,0.305,,1544194000,2017278000,8105000000,51006000000,None,24605000000,None,,,,,1.668,9.82,9.86,,,,,,,,0.322,,112668000000,2025-10-28,quarterly,3.0917,USD,post-market,599510000,195563000000,0.163,0.354,0.159,31.71,386532000,27202000000,2477000000,91883000000,215.44,292.46,32.691,365264000000,164795000000,69300000000,109120000000,200469000000,39820000000,6138560000,256144000000,31.06,None,328.46,142.27
2025-12-28,GOOG,10.14,385476002000.0,31.06,None,1.07,32.03,,11984000000,21984000000,21984000000,,,,,,,,,66258000000,13097000000,None,2577088000,2577088000,6303000000,None,None,36176000000,None,None,293812000,,1.02,0.0032,,,,0.353,0.7617,2142453000,2436265000,2.33,2022-09-30,28.25,28834000000,228095001000.0,3561472000,2141677000,676280000,2192000000,2192000000,None,776000,None,3156000000,None,None,14653000000,None,30419000000,1465397000,None,None,None,0.305,,1544194000,2017278000,10518000000,52781000000,None,23521000000,None,,,,,1.668,9.82,9.86,,,,,,,,0.322,,122040000000,2025-10-28,quarterly,3.0917,USD,post-market,599510000,196220000000,0.163,0.354,0.159,31.71,386532000,28922000000,2285000000,94275000000,215.44,292.46,32.691,358255000000,166109000000,65979000000,104629000000,192146000000,38650000000,6138560000,253626000000,31.06,None,328.46,142.27
2025-12-28,GOOG,10.14,385476002000.0,31.06,None,1.07,32.03,,15878000000,17936000000,17936000000,,,,,,,,,64402000000,13238994042,None,2577088000,2577088000,4409000000,None,None,37073000000,None,None,293812000,,1.02,0.0032,,,,0.353,0.7617,2142453000,2436265000,2.33,2022-06-30,28.25,23949000000,228095001000.0,3561472000,2141677000,676280000,1377000000,1377000000,None,776000,None,1980000000,None,None,12850000000,None,30665000000,1465397000,None,None,None,0.305,,1544194000,2017278000,8321000000,49420000000,None,22754000000,None,,,,,1.668,9.82,9.86,,,,,,,,0.322,,119621000000,2025-10-28,quarterly,3.0917,USD,post-market,599510000,196845000000,0.163,0.354,0.159,31.71,386532000,28728000000,2297000000,107061000000,215.44,292.46,32.691,355185000000,172371000000,61354000000,99766000000,182814000000,38412000000,6138560000,255419000000,31.06,None,328.46,142.27
2025-12-28,GOOG,10.14,385476002000.0,31.06,None,1.07,32.03,,11363000000,20886000000,20886000000,,,,,,,,,62832000000,13351013992,None,2577088000,2577088000,3436000000,None,None,35622000000,None,None,293812000,,1.02,0.0032,,,,0.353,0.7617,2142453000,2436265000,2.33,2022-03-31,28.25,23010000000,228095001000.0,3561472000,2141677000,676280000,1313000000,1313000000,None,776000,None,1369000000,None,None,14791000000,None,30544000000,1465397000,None,None,None,0.305,,1544194000,2017278000,6892000000,48703000000,None,23510000000,None,,,,,1.668,9.82,9.86,,,,,,,,0.322,,117210000000,2025-10-28,quarterly,3.0917,USD,post-market,599510000,195221000000,0.163,0.354,0.159,31.71,386532000,28421000000,2267000000,113084000000,215.44,292.46,32.691,357096000000,177853000000,61948000000,103092000000,179243000000,41144000000,6138560000,254004000000,31.06,None,328.46,142.27
2025-12-28,GOOG,10.14,385476002000.0,31.06,None,1.07,32.03,,11389000000,20945000000,20945000000,,,,,,,,,61774000000,13449853947,None,2577088000,2577088000,6037000000,None,None,40270000000,None,None,293812000,,1.02,0.0032,,,,0.353,0.7617,2142453000,2436265000,2.33,2021-12-31,28.25,22956000000,228095001000.0,3561472000,2141677000,676280000,1417000000,1417000000,None,776000,None,1170000000,None,None,14817000000,None,29549000000,1465397000,None,None,None,0.305,,1544194000,2017278000,7054000000,52740000000,None,23305000000,None,,,,,1.668,9.82,9.86,,,,,,,,0.322,,97599000000,2025-10-28,quarterly,3.0917,USD,post-market,599510000,191484000000,0.163,0.354,0.159,31.71,386532000,26206000000,2189000000,118704000000,215.44,292.46,32.691,359268000000,188143000000,64254000000,107633000000,171125000000,43379000000,6138560000,251635000000,31.06,None,328.46,142.27
2025-12-28,GOOG,10.14,385476002000.0,31.06,None,1.07,32.03,,11471000000,23719000000,23719000000,,,,,,,,,61193000000,13530373911,None,2577088000,2577088000,4616000000,None,None,34800000000,None,None,293812000,,1.02,0.0032,,,,0.353,0.7617,2142453000,2436265000,2.33,2021-09-30,28.25,22623000000,228095001000.0,3561472000,2141677000,676280000,1549000000,1549000000,None,776000,None,1278000000,None,None,14288000000,None,26101000000,1465397000,None,None,None,0.305,,1544194000,2017278000,6029000000,47927000000,None,2250000000,None,,,,,1.668,9.82,9.86,,,,,,,,0.322,,107549000000,2025-10-28,quarterly,3.0917,USD,post-market,599510000,183782000000,0.163,0.354,0.159,31.71,386532000,27860000000,2101000000,118284000000,215.44,292.46,32.691,347403000000,184110000000,61782000000,102836000000,163293000000,41054000000,6138560000,244567000000,31.06,None,328.46,142.27
2025-12-28,GOOG,10.14,385476002000.0,31.06,None,1.07,32.03,,11619000000,23630000000,23630000000,,,,,,,,,60436000000,13592234000,None,2577088000,2577088000,4708000000,None,None,32851000000,None,None,293812000,,1.02,0.0032,,,,0.353,0.7617,2142453000,2436265000,2.33,2021-06-30,28.25,22406000000,228095001000.0,3561472000,2141677000,676280000,1626000000,1626000000,None,776000,None,907000000,None,None,14328000000,None,25532000000,1465397000,None,None,None,0.305,,1544194000,2017278000,6076000000,44470000000,None,2270000000,None,,,,,1.668,9.82,9.86,,,,,,,,0.322,,104675000000,2025-10-28,quarterly,3.0917,USD,post-market,599510000,176939000000,0.163,0.354,0.159,31.71,386532000,27984000000,2037000000,112233000000,215.44,292.46,32.691,335387000000,175697000000,55741000000,97822000000,159690000000,42081000000,6138560000,237565000000,31.06,None,328.46,142.27
2025-12-28,GOOG,10.14,385476002000.0,31.06,None,1.07,32.03,,13270000000,26622000000,26622000000,,,,,,,,,59436000000,13641413861,None,2577088000,2577088000,4801000000,None,None,28499000000,None,None,293812000,,1.02,0.0032,,,,0.353,0.7617,2142453000,2436265000,2.33,2021-03-31,28.25,22341000000,228095001000.0,3561472000,2141677000,676280000,1823000000,1823000000,None,776000,None,888000000,None,None,13887000000,None,25294000000,1465397000,None,None,None,0.305,,1544194000,2017278000,7646000000,44181000000,None,23336000000,None,,,,,1.668,9.82,9.86,,,,,,,,0.322,,100204000000,2025-10-28,quarterly,3.0917,USD,post-market,599510000,170580000000,0.163,0.354,0.159,31.71,386532000,27157000000,1888000000,108482000000,215.44,292.46,32.691,327095000000,172137000000,55453000000,97082000000,154958000000,41629000000,6138560000,230013000000,31.06,None,328.46,142.27
2025-12-28,GOOG,10.14,385476002000.0,31.06,None,1.07,32.03,,11146000000,26465000000,26465000000,,,,,,,,,58510000000,13659373853,None,2577088000,2577088000,5589000000,None,None,31384000000,None,None,293812000,,1.02,0.0032,,,,0.353,0.7617,2142453000,2436265000,2.33,2020-12-31,28.25,21175000000,228095001000.0,3561472000,2141677000,676280000,1445000000,1445000000,None,776000,None,728000000,None,None,13932000000,None,20703000000,1465397000,None,None,None,0.305,,1544194000,2017278000,5490000000,47008000000,None,22745000000,None,,,,,1.668,9.82,9.86,,,,,,,,0.322,,84749000000,2025-10-28,quarterly,3.0917,USD,post-market,599510000,163401000000,0.163,0.354,0.159,31.71,386532000,25078000000,1694000000,110229000000,215.44,292.46,32.691,319616000000,174296000000,56834000000,97072000000,145320000000,40238000000,6138560000,222544000000,31.06,None,328.46,142.27
2025-12-28,GOOG,10.14,385476002000.0,31.06,None,1.07,32.03,,12519000000,20129000000,20129000000,,,,,,,,,57307000000,13717014513,None,2577088000,2577088000,4391000000,None,None,25513000000,None,None,293812000,,1.02,0.0032,,,,0.353,0.7617,2142453000,2436265000,2.33,2020-09-30,28.25,20870000000,228095001000.0,3561472000,2141677000,676280000,1520000000,1520000000,None,776000,None,835000000,None,None,13902000000,None,14656000000,1465397000,None,None,None,0.305,,1544194000,2017278000,5425000000,38873000000,None,2194000000,None,,,,,1.668,9.82,9.86,,,,,,,,0.322,,93582000000,2025-10-28,quarterly,3.0917,USD,post-market,599510000,155567000000,0.163,0.354,0.159,31.71,386532000,26421000000,1535000000,112467000000,215.44,292.46,32.691,299243000000,164369000000,48200000000,86323000000,134874000000,38123000000,6138560000,212920000000,31.06,None,328.46,142.27
2025-12-28,GOOG,10.14,385476002000.0,31.06,None,1.07,32.03,,13180000000,17742000000,17742000000,,,,,,,,,55937000000,13740474503,None,2577088000,2577088000,4064000000,None,None,21595000000,None,None,293812000,,1.02,0.0032,,,,0.353,0.7617,2142453000,2436265000,2.33,2020-06-30,28.25,20824000000,228095001000.0,3561472000,2141677000,676280000,1697000000,1697000000,None,776000,None,815000000,None,None,2963000000,None,12961000000,1465397000,None,None,None,0.305,,1544194000,2017278000,5579000000,35142000000,None,21697000000,None,,,,,1.668,9.82,9.86,,,,,,,,0.322,,90315000000,2025-10-28,quarterly,3.0917,USD,post-market,599510000,151681000000,0.163,0.354,0.159,31.71,386532000,16143000000,1416000000,103338000000,215.44,292.46,32.691,278492000000,149069000000,43658000000,71170000000,129423000000,27512000000,6138560000,207322000000,31.06,None,328.46,142.27
2025-12-28,GOOG,10.14,385476002000.0,31.06,None,1.07,32.03,,12844000000,19644000000,19644000000,,,,,,,,,53688000000,13845334461,None,2577088000,2577088000,4099000000,None,None,23735000000,None,None,293812000,,1.02,0.0032,,,,0.353,0.7617,2142453000,2436265000,2.33,2020-03-31,28.25,20734000000,228095001000.0,3561472000,2141677000,676280000,1840000000,1840000000,None,776000,None,889000000,None,None,3960000000,None,12367000000,1465397000,None,None,None,0.305,,1544194000,2017278000,5165000000,31927000000,None,22460000000,None,,,,,1.668,9.82,9.86,,,,,,,,0.322,,87966000000,2025-10-28,quarterly,3.0917,USD,post-market,599510000,151068000000,0.163,0.354,0.159,31.71,386532000,16804000000,1312000000,97585000000,215.44,292.46,32.691,273403000000,147018000000,40189000000,69744000000,126385000000,29555000000,6138560000,203659000000,31.06,None,328.46,142.27
2025-12-28,GOOG,10.14,385476002000.0,31.06,None,1.07,32.03,,12009000000,18498000000,18498000000,,,,,,,,,50552000000,13903874438,None,2577088000,2577088000,5561000000,None,None,27492000000,None,None,293812000,,1.02,0.0032,,,,0.353,0.7617,2142453000,2436265000,2.33,2019-12-31,28.25,20624000000,228095001000.0,3561472000,2141677000,676280000,1979000000,1979000000,None,776000,None,999000000,None,None,3958000000,None,13078000000,1465397000,None,None,None,0.305,,1544194000,2017278000,4412000000,36279000000,None,22991000000,None,,,,,1.668,9.82,9.86,,,,,,,,0.322,,84587000000,2025-10-28,quarterly,3.0917,USD,post-market,599510000,152122000000,0.163,0.354,0.159,31.71,386532000,15967000000,1199000000,101177000000,215.44,292.46,32.691,275909000000,152578000000,45221000000,74467000000,123331000000,29246000000,6138560000,201442000000,31.06,None,328.46,142.27
2025-12-28,GOOG,10.14,385476002000.0,31.06,None,1.07,32.03,,9792000000,16032000000,16032000000,,,,,,,,,49040000000,13963974414,None,2577088000,2577088000,4142000000,None,None,21081000000,None,None,293812000,,1.02,0.0032,,,,0.353,0.7617,2142453000,2436265000,2.33,2019-09-30,28.25,18069000000,228095001000.0,3561472000,2141677000,676280000,1747000000,1747000000,None,776000,None,1401000000,None,None,3956000000,None,12488000000,1465397000,None,None,None,0.305,,1544194000,2017278000,4699000000,9191000000,None,23022000000,None,,,,,1.668,9.82,9.86,,,,,,,,0.322,,69252000000,2025-10-28,quarterly,3.0917,USD,post-market,599510000,147125000000,0.163,0.354,0.159,31.71,386532000,28294000000,24212000000,105145000000,215.44,292.46,32.691,263044000000,148358000000,39224000000,68075000000,114686000000,28851000000,6138560000,194969000000,31.06,None,328.46,142.27
2025-12-28,GOOG,10.14,385476002000.0,31.06,None,1.07,32.03,,9208000000,16587000000,16587000000,,,,,,,,,47937000000,13999074400,None,2577088000,2577088000,3925000000,None,1064000000,21317000000,None,None,293812000,,1.02,0.0032,,,,0.353,0.7617,2142453000,2436265000,2.33,2019-06-30,28.25,18000000000,228095001000.0,3561472000,2141677000,676280000,1902000000,1902000000,None,776000,None,964000000,None,None,3954000000,None,12112000000,1465397000,None,None,None,0.305,,1544194000,2017278000,4100000000,9521000000,None,21943000000,None,,,,,1.668,9.82,9.86,,,,,,,,0.322,,64891000000,2025-10-28,quarterly,3.0917,USD,post-market,599510000,145346000000,0.163,0.354,0.159,31.71,386532000,25911000000,21837000000,104469000000,215.44,292.46,32.691,257101000000,147437000000,37000000000,64909000000,109664000000,27909000000,6138560000,192192000000,31.06,None,328.46,142.27
2025-12-28,GOOG,10.14,385476002000.0,31.06,None,1.07,32.03,,8320000000,19148000000,19148000000,,,,,,,,,46532000000,14017574392,None,2577088000,2577088000,3710000000,None,1142000000,19260000000,None,None,293812000,,1.02,0.0032,,,,0.353,0.7617,2142453000,2436265000,2.33,2019-03-31,28.25,17943000000,228095001000.0,3561472000,2141677000,676280000,2063000000,2063000000,None,776000,None,1053000000,None,None,3952000000,None,14474000000,1465397000,None,None,None,0.305,,1544194000,2017278000,4406000000,9388000000,None,21619000000,None,,,,,1.668,9.82,9.86,,,,,,,,0.322,,60528000000,2025-10-28,quarterly,3.0917,USD,post-market,599510000,138720000000,0.163,0.354,0.159,31.71,386532000,24211000000,20145000000,94340000000,215.44,292.46,32.691,245349000000,138207000000,34910000000,61877000000,107142000000,26967000000,6138560000,183472000000,31.06,None,328.46,142.27
2025-12-28,GOOG,10.14,385476002000.0,31.06,None,1.07,32.03,,None,16701000000,16701000000,,,,,,,,,45049000000,14017974392,None,2577088000,2577088000,4378000000,None,None,21193000000,None,None,293812000,,1.02,0.0032,,,,0.353,0.7617,2142453000,2436265000,2.33,2018-12-31,28.25,17888000000,228095001000.0,3561472000,2141677000,676280000,2220000000,2220000000,None,776000,None,1107000000,None,None,3950000000,None,13859000000,1465397000,None,None,None,0.305,,1544194000,2017278000,4236000000,7754000000,None,15268000000,None,,,,,1.668,9.82,9.86,,,,,,,,0.322,,59719000000,2025-10-28,quarterly,3.0917,USD,post-market,599510000,134885000000,0.163,0.354,0.159,31.71,386532000,24716000000,20704000000,92439000000,215.44,292.46,32.691,232792000000,135676000000,34620000000,55164000000,97116000000,20544000000,6138560000,177628000000,31.06,None,328.46,142.27
2025-12-28,GOOG,10.14,385476002000.0,31.06,None,1.07,32.03,,None,13443000000,13443000000,,,,,,,,,43111000000,14077174369,None,2577088000,2577088000,3789000000,None,None,18067000000,None,None,293812000,,1.02,0.0032,,,,0.353,0.7617,2142453000,2436265000,2.33,2018-09-30,28.25,17895000000,228095001000.0,3561472000,2141677000,676280000,2448000000,2448000000,None,776000,None,1212000000,None,None,3948000000,None,12673000000,1465397000,None,None,None,0.305,,1544194000,2017278000,4007000000,7993000000,None,15093000000,None,,,,,1.668,9.82,9.86,,,,,,,,0.322,,55300000000,2025-10-28,quarterly,3.0917,USD,post-market,599510000,128405000000,0.163,0.354,0.159,31.71,386532000,21753000000,17767000000,92973000000,215.44,292.46,32.691,221538000000,129702000000,31301000000,51698000000,91836000000,20397000000,6138560000,169840000000,31.06,0,328.46,142.27
2025-12-28,GOOG,10.14,385476002000.0,31.06,None,1.07,32.03,,None,14148000000,14148000000,,,,,,,,,42243000000,14064934374,None,2577088000,2577088000,3369000000,None,3981000000,17244000000,None,None,293812000,,1.02,0.0032,,,,0.353,0.7617,2142453000,2436265000,2.33,2018-06-30,28.25,17895000000,228095001000.0,3561472000,2141677000,676280000,2662000000,2662000000,None,776000,None,698000000,None,None,3947000000,None,11487000000,1465397000,None,None,None,0.305,,1544194000,2017278000,3961000000,7914000000,None,15247000000,None,,,,,1.668,9.82,9.86,,,,,,,,0.322,,51672000000,2025-10-28,quarterly,3.0917,USD,post-market,599510000,121282000000,0.163,0.354,0.159,31.71,386532000,20887000000,16906000000,88106000000,215.44,292.46,32.691,211610000000,124157000000,29903000000,49610000000,87453000000,19707000000,6138560000,162000000000,31.06,0,328.46,142.27
2025-12-28,GOOG,10.14,385476002000.0,31.06,None,1.07,32.03,,None,12658000000,12658000000,,,,,,,,,41487000000,14102674358,None,2577088000,2577088000,3526000000,None,5302000000,16814000000,None,None,293812000,,1.02,0.0032,,,,0.353,0.7617,2142453000,2436265000,2.33,2018-03-31,28.25,17862000000,228095001000.0,3561472000,2141677000,676280000,2809000000,2809000000,None,776000,None,636000000,None,None,3944000000,None,10976000000,1465397000,None,None,None,0.305,,1544194000,2017278000,3426000000,17600000000,None,16034000000,None,,,,,1.668,9.82,9.86,,,,,,,,0.322,,48845000000,2025-10-28,quarterly,3.0917,USD,post-market,599510000,120008000000,0.163,0.354,0.159,31.71,386532000,5302000000,1329000000,90227000000,215.44,292.46,32.691,206935000000,123761000000,25394000000,46110000000,83174000000,20716000000,6138560000,160825000000,31.06,0,328.46,142.27
2025-12-28,GOOG,10.14,385476002000.0,31.06,None,1.07,32.03,,None,10715000000,10715000000,,,,,,,,,40247000000,13892074443,None,2577088000,2577088000,3137000000,None,3969000000,18705000000,None,None,293812000,,1.02,0.0032,,,,0.353,0.7617,2142453000,2436265000,2.33,2017-12-31,28.25,16747000000,228095001000.0,3561472000,2141677000,676280000,2692000000,2692000000,None,776000,None,749000000,None,None,3943000000,None,7813000000,1465397000,None,None,None,0.305,,1544194000,2017278000,2983000000,2874000000,None,15871000000,None,,,,,1.668,9.82,9.86,,,,,,,,0.322,,42383000000,2025-10-28,quarterly,3.0917,USD,post-market,599510000,113247000000,0.163,0.354,0.159,31.71,386532000,20709000000,16740000000,91156000000,215.44,292.46,32.691,197295000000,124308000000,24183000000,44793000000,72987000000,20610000000,6138560000,152502000000,31.06,0,328.46,142.27
2025-12-28,GOOG,10.14,385476002000.0,31.06,None,1.07,32.03,,None,10581000000,10581000000,,,,,,,,,39609000000,14074314370,None,2577088000,2577088000,2674000000,None,3964000000,15577000000,None,None,293812000,,1.02,0.0032,,,,0.353,0.7617,2142453000,2436265000,2.33,2017-09-30,28.25,16731000000,228095001000.0,3561472000,2141677000,676280000,2883000000,2883000000,None,776000,None,765000000,None,None,3941000000,None,7269000000,1465397000,None,None,None,0.305,,1544194000,2017278000,2860000000,2844000000,None,7282000000,None,,,,,1.668,9.82,9.86,,,,,,,,0.322,,40120000000,2025-10-28,quarterly,3.0917,USD,post-market,599510000,118237000000,0.163,0.354,0.159,31.71,386532000,17870000000,13906000000,89562000000,215.44,292.46,32.691,189536000000,119345000000,20693000000,32436000000,70191000000,11743000000,6138560000,157100000000,31.06,0,328.46,142.27
2025-12-28,GOOG,10.14,385476002000.0,31.06,None,1.07,32.03,,None,15711000000,15711000000,,,,,,,,,38509000000,14070054371,None,2577088000,2577088000,2488000000,None,3955000000,14877000000,None,None,293812000,,1.02,0.0032,,,,0.353,0.7617,2142453000,2436265000,2.33,2017-06-30,28.25,16604000000,228095001000.0,3561472000,2141677000,676280000,2933000000,2933000000,None,776000,None,398000000,None,None,3939000000,None,6642000000,1465397000,None,None,None,0.305,,1544194000,2017278000,2398000000,2755000000,None,6981000000,None,,,,,1.668,9.82,9.86,,,,,,,,0.322,,37676000000,2025-10-28,quarterly,3.0917,USD,post-market,599510000,111505000000,0.163,0.354,0.159,31.71,386532000,16171000000,12216000000,79002000000,215.44,292.46,32.691,178621000000,112386000000,18685000000,30335000000,66235000000,11650000000,6138560000,148286000000,31.06,0,328.46,142.27
2025-12-28,GOOG,10.14,385476002000.0,31.06,None,1.07,32.03,,None,18132000000,18132000000,,,,,,,,,37698000000,14040714383,None,2577088000,2577088000,2306000000,None,None,12969000000,None,None,293812000,,1.02,0.0032,,,,0.353,0.7617,2142453000,2436265000,2.33,2017-03-31,28.25,16547000000,228095001000.0,3561472000,2141677000,676280000,3137000000,3137000000,None,776000,None,280000000,None,None,3937000000,None,6131000000,1465397000,None,None,None,0.305,,1544194000,2017278000,3106000000,10999000000,None,7687000000,None,,,,,1.668,9.82,9.86,,,,,,,,0.322,,35936000000,2025-10-28,quarterly,3.0917,USD,post-market,599510000,109420000000,0.163,0.354,0.159,31.71,386532000,4740000000,803000000,74307000000,215.44,292.46,32.691,172756000000,108794000000,15256000000,27807000000,63962000000,12551000000,6138560000,144949000000,31.06,0,328.46,142.27
2025-12-28,GOOG,10.14,385476002000.0,31.06,None,1.07,32.03,,None,12918000000,12918000000,,,,,,,,,36307000000,14004414398,None,2577088000,2577088000,2041000000,None,3935000000,14232000000,None,None,293812000,,1.02,0.0032,,,,0.353,0.7617,2142453000,2436265000,2.33,2016-12-31,28.25,16468000000,228095001000.0,3561472000,2141677000,676280000,3307000000,3307000000,None,776000,None,268000000,None,None,3935000000,None,5878000000,1465397000,None,None,None,0.305,,1544194000,2017278000,4575000000,13062000000,None,7342000000,None,,,,,1.668,9.82,9.86,,,,,,,,0.322,,34234000000,2025-10-28,quarterly,3.0917,USD,post-market,599510000,105131000000,0.163,0.354,0.159,31.71,386532000,4489000000,554000000,73415000000,215.44,292.46,32.691,167497000000,105408000000,16756000000,28461000000,62089000000,11705000000,6138560000,139036000000,31.06,0,328.46,142.27
2025-12-28,GOOG,10.14,385476002000.0,31.06,None,1.07,32.03,,None,9406000000,9406000000,,,,,,,,,35337000000,13968794412,None,2577088000,2577088000,2175000000,None,None,12395000000,None,None,293812000,,1.02,0.0032,,,,0.353,0.7617,2142453000,2436265000,2.33,2016-09-30,28.25,16028000000,228095001000.0,3561472000,2141677000,676280000,3367000000,3367000000,None,776000,None,559000000,None,None,3938000000,None,5705000000,1465397000,None,None,None,0.305,,1544194000,2017278000,2536000000,11054000000,None,7022000000,None,,,,,1.668,9.82,9.86,,,,,,,,0.322,,32753000000,2025-10-28,quarterly,3.0917,USD,post-market,599510000,99798000000,0.163,0.354,0.159,31.71,386532000,4109000000,171000000,73650000000,215.44,292.46,32.691,159948000000,98546000000,14323000000,25845000000,61402000000,11522000000,6138560000,134103000000,31.06,0,328.46,142.27
2025-12-28,GOOG,10.14,385476002000.0,31.06,None,1.07,32.03,,None,13627000000,13627000000,,,,,,,,,34293000000,13936934425,None,2577088000,2577088000,1716000000,None,None,12762000000,None,None,293812000,,1.02,0.0032,,,,0.353,0.7617,2142453000,2436265000,2.33,2016-06-30,28.25,15841000000,228095001000.0,3561472000,2141677000,676280000,3452000000,3452000000,None,776000,None,0,None,None,1984000000,None,5820000000,1465397000,None,None,None,0.305,,1544194000,2017278000,4092000000,12321000000,None,6286000000,None,,,,,1.668,9.82,9.86,,,,,,,,0.322,,31413000000,2025-10-28,quarterly,3.0917,USD,post-market,599510000,94737000000,0.163,0.354,0.159,31.71,386532000,4203000000,2219000000,64833000000,215.44,292.46,32.691,154292000000,94238000000,17341000000,26413000000,60054000000,9072000000,6138560000,127879000000,31.06,0,328.46,142.27
2025-12-28,GOOG,10.14,385476002000.0,31.06,None,1.07,32.03,,None,15111000000,15111000000,,,,,,,,,33695000000,13986214405,None,2577088000,2577088000,1667000000,None,None,10818000000,None,None,293812000,,1.02,0.0032,,,,0.353,0.7617,2142453000,2436265000,2.33,2016-03-31,28.25,15866000000,228095001000.0,3561472000,2141677000,676280000,3657000000,3657000000,None,776000,None,1,None,None,0,None,5577000000,1465397000,None,None,None,0.305,,1544194000,2017278000,4873000000,11533000000,None,5777000000,None,,,,,1.668,9.82,9.86,,,,,,,,0.322,,30162000000,2025-10-28,quarterly,3.0917,USD,post-market,599510000,91168000000,0.163,0.354,0.159,31.71,386532000,5208000000,3221000000,60153000000,215.44,292.46,32.691,149747000000,90955000000,17684000000,26178000000,58792000000,8494000000,6138560000,123569000000,31.06,0,328.46,142.27
2025-12-28,GOOG,10.14,385476002000.0,31.06,None,1.07,32.03,,None,16549000000,16549000000,,,,,,,,,32982000000,13940494423,None,2577088000,2577088000,1931000000,None,None,11556000000,None,None,293812000,,1.02,0.0032,,,,0.353,0.7617,2142453000,2436265000,2.33,2015-12-31,28.25,15869000000,228095001000.0,3561472000,2141677000,676280000,3847000000,3847000000,None,776000,None,491000000,None,None,None,None,5183000000,1465397000,None,None,None,0.305,,1544194000,2017278000,5001000000,13064000000,None,5485000000,None,,,,,1.668,9.82,9.86,,,,,,,,0.322,,29016000000,2025-10-28,quarterly,3.0917,USD,post-market,599510000,89223000000,0.163,0.354,0.159,31.71,386532000,5220000000,3225000000,56517000000,215.44,292.46,32.691,147461000000,90114000000,19310000000,27130000000,57347000000,7820000000,6138560000,120331000000,31.06,None,328.46,142.27
2025-12-28,GOOG,10.14,385476002000.0,31.06,None,1.07,32.03,,None,18068000000,18068000000,,,,,,,,,31864000000,13886374445,None,2577088000,2577088000,1549000000,None,None,10436000000,None,None,293812000,,1.02,0.0032,,,,0.353,0.7617,2142453000,2436265000,2.33,2015-09-30,28.25,15675000000,228095001000.0,3561472000,2141677000,676280000,4023000000,4023000000,None,776000,None,2212000000,None,None,0,None,4813000000,1465397000,None,None,None,0.305,,1544194000,2017278000,2688000000,12751000000,None,5480000000,None,,,,,1.668,9.82,9.86,,,,,,,,0.322,,28338000000,2025-10-28,quarterly,3.0917,USD,post-market,599510000,85969000000,0.163,0.354,0.159,31.71,386532000,5231000000,3237000000,54699000000,215.44,292.46,32.691,144281000000,88103000000,18457000000,28040000000,56178000000,9583000000,6138560000,116241000000,31.06,0,328.46,142.27
2025-12-28,GOOG,10.14,385476002000.0,31.06,None,1.07,32.03,,None,18453000000,18453000000,,,,,,,,,30722000000,13829609073,None,2577088000,2577088000,1315000000,None,None,10019000000,None,None,293812000,,1.02,0.0032,,,,0.353,0.7617,2142453000,2436265000,2.33,2015-06-30,28.25,15610000000,228095001000.0,3561472000,2141677000,676280000,4213000000,4213000000,None,776000,None,1316000000,None,None,None,None,None,1465397000,None,None,None,0.305,,1544194000,2017278000,3049000000,11379000000,None,None,None,,,,,1.668,9.82,9.86,,,,,,,,0.322,,27008000000,2025-10-28,quarterly,3.0917,USD,post-market,599510000,81990000000,0.163,0.354,0.159,31.71,386532000,5233000000,3008000000,51327000000,215.44,292.46,32.691,138807000000,84164000000,17362000000,27024000000,54643000000,9662000000,6138560000,111783000000,31.06,None,328.46,142.27
2025-12-28,GOOG,10.14,385476002000.0,31.06,None,1.07,32.03,,None,16976000000,16976000000,,,,,,,,,29527000000,13789954484,None,2577088000,2577088000,1688000000,None,None,10310000000,None,None,293812000,,1.02,0.0032,,,,0.353,0.7617,2142453000,2436265000,2.33,2015-03-31,28.25,15573000000,228095001000.0,3561472000,2141677000,676280000,4380000000,4380000000,None,776000,None,847000000,None,None,None,None,None,1465397000,None,None,None,0.305,,1544194000,2017278000,3720000000,9817000000,None,None,None,,,,,1.668,9.82,9.86,,,,,,,,0.322,,25448000000,2025-10-28,quarterly,3.0917,USD,post-market,599510000,79292000000,0.163,0.354,0.159,31.71,386532000,5235000000,2009000000,48460000000,215.44,292.46,32.691,133400000000,80313000000,14336000000,24952000000,53087000000,10616000000,6138560000,108448000000,31.06,None,328.46,142.27
2025-12-28,GOOG,10.14,385476002000.0,31.06,None,1.07,32.03,,None,18347000000,18347000000,,,,,,,,,28767000000,13769814492,None,2577088000,2577088000,1715000000,None,None,10849000000,None,None,293812000,,1.02,0.0032,,,,0.353,0.7617,2142453000,2436265000,2.33,2014-12-31,28.25,15599000000,228095001000.0,3561472000,2141677000,676280000,4607000000,4607000000,None,776000,None,1322000000,None,None,None,None,None,1465397000,None,None,None,0.305,,1544194000,2017278000,3852000000,12232000000,None,None,None,,,,,1.668,9.82,9.86,,,,,,,,0.322,,23883000000,2025-10-28,quarterly,3.0917,USD,post-market,599510000,75706000000,0.163,0.354,0.159,31.71,386532000,5237000000,2010000000,46048000000,215.44,292.46,32.691,131133000000,80685000000,16805000000,26633000000,50448000000,9828000000,6138560000,104500000000,31.06,None,328.46,142.27
2025-12-28,GOOG,10.14,385476002000.0,31.06,None,1.07,32.03,,None,15605000000,15605000000,,,,,,,,,27948000000,13764294494,None,2577088000,2577088000,1368000000,None,None,10019000000,None,None,293812000,,1.02,0.0032,,,,0.353,0.7617,2142453000,2436265000,2.33,2014-09-30,28.25,15461000000,228095001000.0,3561472000,2141677000,676280000,4744000000,4744000000,None,776000,None,279000000,None,None,None,None,None,1465397000,None,None,None,0.305,,1544194000,2017278000,9759000000,13723000000,None,None,None,,,,,1.668,9.82,9.86,,,,,,,,0.322,,20981000000,2025-10-28,quarterly,3.0917,USD,post-market,599510000,70949000000,0.163,0.354,0.159,31.71,386532000,5239000000,2009000000,46552000000,215.44,292.46,32.691,125781000000,80115000000,17920000000,26966000000,45666000000,9046000000,6138560000,98815000000,31.06,None,328.46,142.27
2025-12-28,GOOG,10.14,385476002000.0,31.06,None,1.07,32.03,,None,19620000000,19620000000,,,,,,,,,27111000000,13727254509,None,2577088000,2577088000,1345000000,None,None,8421000000,None,None,293812000,,1.02,0.0032,,,,0.353,0.7617,2142453000,2436265000,2.33,2014-06-30,28.25,14586000000,228095001000.0,3561472000,2141677000,676280000,5234000000,5234000000,None,776000,None,293000000,None,None,None,None,None,1465397000,None,None,None,0.305,,1544194000,2017278000,9758000000,12861000000,None,None,None,,,,,1.668,9.82,9.86,,,,,,,,0.322,,19486000000,2025-10-28,quarterly,3.0917,USD,post-market,599510000,68136000000,0.163,0.354,0.159,31.71,386532000,5241000000,2009000000,41584000000,215.44,292.46,32.691,121608000000,77905000000,17097000000,25859000000,43703000000,8762000000,6138560000,95749000000,31.06,None,328.46,142.27
2025-12-28,GOOG,10.14,385476002000.0,31.06,None,1.07,32.03,,None,16639000000,16639000000,,,,,,,,,26652000000,13704234518,None,2577088000,2577088000,1623000000,None,None,7827000000,None,None,293812000,,1.02,0.0032,,,,0.353,0.7617,2142453000,2436265000,2.33,2014-03-31,28.25,14177000000,228095001000.0,3561472000,2141677000,676280000,5317000000,5317000000,None,776000,None,337000000,None,None,None,None,None,1465397000,None,None,None,0.305,,1544194000,2017278000,9280000000,10691000000,None,None,None,,,,,1.668,9.82,9.86,,,,,,,,0.322,,17877000000,2025-10-28,quarterly,3.0917,USD,post-market,599510000,64714000000,0.163,0.354,0.159,31.71,386532000,6243000000,3009000000,42740000000,215.44,292.46,32.691,116526000000,75314000000,16270000000,24815000000,41212000000,8545000000,6138560000,91711000000,31.06,None,328.46,142.27
2025-12-28,GOOG,10.14,385476002000.0,31.06,None,1.07,32.03,,None,18898000000,18898000000,,,,,,,,,25922000000,13640114543,None,2577088000,2577088000,2453000000,None,None,8882000000,None,None,293812000,,1.02,0.0032,,,,0.353,0.7617,2142453000,2436265000,2.33,2013-12-31,28.25,11492000000,228095001000.0,3561472000,2141677000,676280000,6066000000,6066000000,None,776000,None,426000000,None,None,None,None,None,1465397000,None,None,None,0.305,,1544194000,2017278000,6131000000,9360000000,None,None,None,,,,,1.668,9.82,9.86,,,,,,,,0.322,,16524000000,2025-10-28,quarterly,3.0917,USD,post-market,599510000,61262000000,0.163,0.354,0.159,31.71,386532000,5245000000,3009000000,39819000000,215.44,292.46,32.691,110920000000,72886000000,15908000000,23611000000,38034000000,7703000000,6138560000,87309000000,31.06,None,328.46,142.27
2025-12-28,GOOG,10.14,385476002000.0,31.06,None,1.07,32.03,,None,15242000000,15242000000,,,,,,,,,25004000000,13569394572,None,2577088000,2577088000,2124000000,None,None,7921000000,None,None,293812000,,1.02,0.0032,,,,0.353,0.7617,2142453000,2436265000,2.33,2013-09-30,28.25,11426000000,228095001000.0,3561472000,2141677000,676280000,6290000000,6290000000,None,776000,None,235000000,None,None,None,None,None,1465397000,None,None,None,0.305,,1544194000,2017278000,5292000000,8435000000,None,None,None,,,,,1.668,9.82,9.86,,,,,,,,0.322,,14867000000,2025-10-28,quarterly,3.0917,USD,post-market,599510000,57886000000,0.163,0.354,0.159,31.71,386532000,5247000000,3009000000,41281000000,215.44,292.46,32.691,105068000000,68858000000,14475000000,22079000000,36210000000,7604000000,6138560000,82989000000,31.06,None,328.46,142.27
2025-12-28,GOOG,10.14,385476002000.0,31.06,None,1.07,32.03,,None,16164000000,16164000000,,,,,,,,,24334000000,13533474586,None,2577088000,2577088000,1758000000,None,None,8163000000,None,None,293812000,,1.02,0.0032,,,,0.353,0.7617,2142453000,2436265000,2.33,2013-06-30,28.25,11396000000,228095001000.0,3561472000,2141677000,676280000,6558000000,6558000000,None,776000,None,342000000,None,None,None,None,None,1465397000,None,None,None,0.305,,1544194000,2017278000,5976000000,9772000000,None,None,None,,,,,1.668,9.82,9.86,,,,,,,,0.322,,12912000000,2025-10-28,quarterly,3.0917,USD,post-market,599510000,54916000000,0.163,0.354,0.159,31.71,386532000,4989000000,3000000000,38268000000,215.44,292.46,32.691,101182000000,66861000000,15329000000,22330000000,34321000000,7001000000,6138560000,78852000000,31.06,None,328.46,142.27
2025-12-28,GOOG,10.14,385476002000.0,31.06,None,1.07,32.03,,None,15375000000,15375000000,,,,,,,,,23429000000,13466514613,None,2577088000,2577088000,2094000000,None,None,8670000000,None,None,293812000,,1.02,0.0032,,,,0.353,0.7617,2142453000,2436265000,2.33,2013-03-31,28.25,10595000000,228095001000.0,3561472000,2141677000,676280000,7324000000,7324000000,None,776000,None,648000000,None,None,None,None,None,1465397000,None,None,None,0.305,,1544194000,2017278000,4929000000,8126000000,None,None,None,,,,,1.668,9.82,9.86,,,,,,,,0.322,,12300000000,2025-10-28,quarterly,3.0917,USD,post-market,599510000,51688000000,0.163,0.354,0.159,31.71,386532000,5139000000,2150000000,34723000000,215.44,292.46,32.691,96692000000,62808000000,13252000000,21219000000,33884000000,7967000000,6138560000,75473000000,31.06,None,328.46,142.27
2025-12-28,GOOG,10.14,385476002000.0,31.06,None,1.07,32.03,,None,14778000000,14778000000,,,,,,,,,22835000000,13399074640,None,2577088000,2577088000,2012000000,None,None,8585000000,None,None,293812000,,1.02,0.0032,,,,0.353,0.7617,2142453000,2436265000,2.33,2012-12-31,28.25,10537000000,228095001000.0,3561472000,2141677000,676280000,7473000000,7473000000,None,776000,None,505000000,None,None,None,None,None,1465397000,None,None,None,0.305,,1544194000,2017278000,4205000000,8690000000,None,None,None,,,,,1.668,9.82,9.86,,,,,,,,0.322,,11854000000,2025-10-28,quarterly,3.0917,USD,post-market,599510000,48342000000,0.163,0.354,0.159,31.71,386532000,5537000000,2500000000,33310000000,215.44,292.46,32.691,93798000000,60454000000,14337000000,22083000000,33344000000,7746000000,6138560000,71715000000,31.06,None,328.46,142.27
2025-12-28,GOOG,10.14,385476002000.0,31.06,None,1.07,32.03,,None,16260000000,16260000000,,,,,,,,,22204000000,13332554666,None,2577088000,2577088000,2233000000,None,None,7809000000,None,None,293812000,,1.02,0.0032,,,,0.353,0.7617,2142453000,2436265000,2.33,2012-09-30,28.25,10485000000,228095001000.0,3561472000,2141677000,676280000,7754000000,7754000000,None,776000,None,618000000,None,None,None,None,None,1465397000,None,None,None,0.305,,1544194000,2017278000,2670000000,8033000000,None,None,None,,,,,1.668,9.82,9.86,,,,,,,,0.322,,11401000000,2025-10-28,quarterly,3.0917,USD,post-market,599510000,45456000000,0.163,0.354,0.159,31.71,386532000,6206000000,3218000000,29464000000,215.44,292.46,32.691,89730000000,56821000000,14434000000,21702000000,32909000000,7268000000,6138560000,68028000000,31.06,None,328.46,142.27
2025-12-28,GOOG,10.14,385476002000.0,31.06,None,1.07,32.03,,None,15437000000,15437000000,,,,,,,,,21357000000,13231714707,None,2577088000,2577088000,2419000000,None,None,7341000000,None,None,293812000,,1.02,0.0032,,,,0.353,0.7617,2142453000,2436265000,2.33,2012-06-30,28.25,10120000000,228095001000.0,3561472000,2141677000,676280000,7862000000,7862000000,None,776000,None,634000000,None,None,None,None,None,1465397000,None,None,None,0.305,,1544194000,2017278000,2760000000,7467000000,None,None,None,,,,,1.668,9.82,9.86,,,,,,,,0.322,,10909000000,2025-10-28,quarterly,3.0917,USD,post-market,599510000,43280000000,0.163,0.354,0.159,31.71,386532000,6205000000,3218000000,27685000000,215.44,292.46,32.691,86051000000,53857000000,14028000000,21330000000,32194000000,7302000000,6138560000,64721000000,31.06,None,328.46,142.27
2025-12-28,GOOG,10.14,385476002000.0,31.06,None,1.07,32.03,,None,23108000000,23108000000,,,,,,,,,20795000000,13205434717,None,2577088000,2577088000,760000000,None,None,5713000000,None,None,293812000,,1.02,0.0032,,,,0.353,0.7617,2142453000,2436265000,2.33,2012-03-31,28.25,7325000000,228095001000.0,3561472000,2141677000,676280000,1541000000,1541000000,None,776000,None,51000000,None,None,None,None,None,1465397000,None,None,None,0.305,,1544194000,2017278000,1779000000,5681000000,None,None,None,,,,,1.668,9.82,9.86,,,,,,,,0.322,,9875000000,2025-10-28,quarterly,3.0917,USD,post-market,599510000,40495000000,0.163,0.354,0.159,31.71,386532000,5455000000,2468000000,26208000000,215.44,292.46,32.691,77144000000,56859000000,9742000000,15432000000,20285000000,5690000000,6138560000,61712000000,31.06,None,328.46,142.27
2025-12-28,GOOG,10.14,385476002000.0,31.06,None,1.07,32.03,,None,9983000000,9983000000,,,,,,,,,20264000000,13160074735,None,2577088000,2577088000,588000000,None,None,6172000000,None,None,293812000,,1.02,0.0032,,,,0.353,0.7617,2142453000,2436265000,2.33,2011-12-31,28.25,7346000000,228095001000.0,3561472000,2141677000,676280000,1578000000,1578000000,None,776000,None,215000000,None,None,None,None,None,1465397000,None,None,None,0.305,,1544194000,2017278000,1745000000,6363000000,None,None,None,,,,,1.668,9.82,9.86,,,,,,,,0.322,,9603000000,2025-10-28,quarterly,3.0917,USD,post-market,599510000,37605000000,0.163,0.354,0.159,31.71,386532000,4204000000,1218000000,34643000000,215.44,292.46,32.691,72574000000,52758000000,8913000000,14429000000,19816000000,5516000000,6138560000,58145000000,31.06,None,328.46,142.27
2025-12-28,GOOG,10.14,385476002000.0,31.06,None,1.07,32.03,,None,10630000000,10630000000,,,,,,,,,19697000000,13097554760,None,2577088000,2577088000,563000000,None,None,5861000000,None,None,293812000,,1.02,0.0032,,,,0.353,0.7617,2142453000,2436265000,2.33,2011-09-30,28.25,6989000000,228095001000.0,3561472000,2141677000,676280000,1474000000,1474000000,None,776000,None,215000000,None,None,None,None,None,1465397000,None,None,None,0.305,,1544194000,2017278000,1406000000,6618000000,None,None,None,,,,,1.668,9.82,9.86,,,,,,,,0.322,,9204000000,2025-10-28,quarterly,3.0917,USD,post-market,599510000,34901000000,0.163,0.354,0.159,31.71,386532000,4204000000,1218000000,31930000000,215.44,292.46,32.691,69088000000,50042000000,8888000000,14258000000,19046000000,5370000000,6138560000,54830000000,31.06,None,328.46,142.27
2025-12-28,GOOG,10.14,385476002000.0,31.06,None,1.07,32.03,,None,10320000000,10320000000,,,,,,,,,19216000000,13041434783,None,2577088000,2577088000,567000000,None,None,5843000000,None,None,293812000,,1.02,0.0032,,,,0.353,0.7617,2142453000,2436265000,2.33,2011-06-30,28.25,6677000000,228095001000.0,3561472000,2141677000,676280000,1381000000,1381000000,None,776000,None,153000000,None,None,None,None,None,1465397000,None,None,None,0.305,,1544194000,2017278000,1328000000,5525000000,None,None,None,,,,,1.668,9.82,9.86,,,,,,,,0.322,,9003000000,2025-10-28,quarterly,3.0917,USD,post-market,599510000,32172000000,0.163,0.354,0.159,31.71,386532000,4202000000,1217000000,28798000000,215.44,292.46,32.691,64861000000,46442000000,7798000000,12870000000,18419000000,5072000000,6138560000,51991000000,31.06,None,328.46,142.27
2025-12-28,GOOG,10.14,385476002000.0,31.06,None,1.07,32.03,,None,12415000000,12415000000,,,,,,,,,18804000000,13055314777,None,2577088000,2577088000,516000000,None,None,4818000000,None,None,293812000,,1.02,0.0032,,,,0.353,0.7617,2142453000,2436265000,2.33,2011-03-31,28.25,6308000000,228095001000.0,3561472000,2141677000,676280000,1016000000,1016000000,None,776000,None,320000000,None,None,None,None,None,1465397000,None,None,None,0.305,,1544194000,2017278000,1497000000,5160000000,None,None,None,,,,,1.668,9.82,9.86,,,,,,,,0.322,,8249000000,2025-10-28,quarterly,3.0917,USD,post-market,599510000,29666000000,0.163,0.354,0.159,31.71,386532000,3216000000,3216000000,24260000000,215.44,292.46,32.691,59960000000,43310000000,9332000000,11109000000,16650000000,1777000000,6138560000,48851000000,31.06,None,328.46,142.27
2025-12-28,GOOG,10.14,385476002000.0,31.06,None,1.07,32.03,,None,13630000000,13630000000,,,,,,,,,18235000000,13021434791,None,2577088000,2577088000,483000000,None,None,5002000000,None,None,293812000,,1.02,0.0032,,,,0.353,0.7617,2142453000,2436265000,2.33,2010-12-31,28.25,6256000000,228095001000.0,3561472000,2141677000,676280000,1044000000,1044000000,None,776000,None,259000000,None,None,None,None,None,1465397000,None,None,None,0.305,,1544194000,2017278000,1326000000,5617000000,None,None,None,,,,,1.668,9.82,9.86,,,,,,,,0.322,,7759000000,2025-10-28,quarterly,3.0917,USD,post-market,599510000,27868000000,0.163,0.354,0.159,31.71,386532000,3465000000,3465000000,21345000000,215.44,292.46,32.691,57851000000,41562000000,9996000000,11610000000,16289000000,1614000000,6138560000,46241000000,31.06,None,328.46,142.27
2025-12-28,GOOG,10.14,385476002000.0,31.06,None,1.07,32.03,,None,11257000000,11257000000,,,,,,,,,17435000000,12895074841,None,2577088000,2577088000,528000000,None,None,4719000000,None,None,293812000,,1.02,0.0032,,,,0.353,0.7617,2142453000,2436265000,2.33,2010-09-30,28.25,6099000000,228095001000.0,3561472000,2141677000,676280000,993000000,993000000,None,776000,None,138000000,None,None,None,None,None,1465397000,None,None,None,0.305,,1544194000,2017278000,1210000000,5580000000,None,None,None,,,,,1.668,9.82,9.86,,,,,,,,0.322,,5506000000,2025-10-28,quarterly,3.0917,USD,post-market,599510000,25324000000,0.163,0.354,0.159,31.71,386532000,2122000000,2100000000,22123000000,215.44,292.46,32.691,53342000000,39447000000,8530000000,10052000000,13895000000,1522000000,6138560000,43290000000,31.06,None,328.46,142.27
2025-12-28,GOOG,10.14,385476002000.0,31.06,None,1.07,32.03,,None,10713000000,10713000000,,,,,,,,,17109000000,12899434840,None,2577088000,2577088000,397000000,None,None,3617000000,None,None,293812000,,1.02,0.0032,,,,0.353,0.7617,2142453000,2436265000,2.33,2010-06-30,28.25,5788000000,228095001000.0,3561472000,2141677000,676280000,904000000,904000000,None,776000,None,66000000,None,None,None,None,None,1465397000,None,None,None,0.305,,1544194000,2017278000,1419000000,5048000000,None,None,None,,,,,1.668,9.82,9.86,,,,,,,,0.322,,4920000000,2025-10-28,quarterly,3.0917,USD,post-market,599510000,23158000000,0.163,0.354,0.159,31.71,386532000,None,None,19346000000,215.44,292.46,32.691,48045000000,35161000000,5747000000,7432000000,12884000000,1685000000,6138560000,40613000000,31.06,None,328.46,142.27
2025-12-28,GOOG,10.14,385476002000.0,31.06,None,1.07,32.03,,None,9192000000,9192000000,,,,,,,,,16171000000,12904314838,None,2577088000,2577088000,329000000,None,None,3084000000,None,None,293812000,,1.02,0.0032,,,,0.353,0.7617,2142453000,2436265000,2.33,2010-03-31,28.25,5122000000,228095001000.0,3561472000,2141677000,676280000,790000000,790000000,None,776000,None,399000000,None,None,None,None,None,1465397000,None,None,None,0.305,,1544194000,2017278000,1135000000,1850000000,None,None,None,,,,,1.668,9.82,9.86,,,,,,,,0.322,,4773000000,2025-10-28,quarterly,3.0917,USD,post-market,599510000,21949000000,0.163,0.354,0.159,31.71,386532000,None,450000000,17322000000,215.44,292.46,32.691,42871000000,31132000000,2922000000,4588000000,11739000000,1666000000,6138560000,38283000000,31.06,None,328.46,142.27
2025-12-28,GOOG,10.14,385476002000.0,31.06,None,1.07,32.03,,None,10197588000,10197588000,,,,,,,,,318000,12886514845,None,2577088000,2577088000,216000000,None,None,3201000000,None,None,293812000,,1.02,0.0032,,,,0.353,0.7617,2142453000,2436265000,2.33,2009-12-31,28.25,4902565000,228095001000.0,3561472000,2141677000,676280000,774938000,774938000,None,776000,None,644406000,None,None,None,None,None,1465397000,None,None,None,0.305,,1544194000,2017278000,836777000,2246467000,None,None,None,,,,,1.668,9.82,9.86,,,,,,,,0.322,,4844610000,2025-10-28,quarterly,3.0917,USD,post-market,599510000,20082078000,0.163,0.354,0.159,31.71,386532000,None,None,14287187000,215.44,292.46,32.691,40496778000,29166958000,2747467000,4492554000,11329820000,1745087000,6138560000,36004224000,31.06,None,328.46,142.27
2025-12-28,GOOG,10.14,385476002000.0,31.06,None,1.07,32.03,,None,12087115000,12087115000,,,,,,,,,317000,12789834884,None,2577088000,2577088000,192743000,None,None,2879604000,None,None,293812000,,1.02,0.0032,,,,0.353,0.7617,2142453000,2436265000,2.33,2009-09-30,28.25,4849217000,228095001000.0,3561472000,2141677000,676280000,823248000,823248000,None,776000,None,663446000,None,None,None,None,None,1465397000,None,None,None,0.305,,1544194000,2017278000,816103000,1876810000,None,None,None,,,,,1.668,9.82,9.86,,,,,,,,0.322,,4917491000,2025-10-28,quarterly,3.0917,USD,post-market,599510000,18107978000,0.163,0.354,0.159,31.71,386532000,None,None,9907276000,215.44,292.46,32.691,37702845000,26353544000,2321774000,3981092000,11349301000,1659318000,6138560000,33721753000,31.06,None,328.46,142.27
2025-12-28,GOOG,10.14,385476002000.0,31.06,None,1.07,32.03,,None,11911351000,11911351000,,,,,,,,,316000,12741434903,None,2577088000,2577088000,221914000,None,None,2847755000,None,None,293812000,,1.02,0.0032,,,,0.353,0.7617,2142453000,2436265000,2.33,2009-06-30,28.25,4836913000,228095001000.0,3561472000,2141677000,676280000,856386000,856386000,None,776000,None,575976000,None,None,None,None,None,1465397000,None,None,None,0.305,,1544194000,2017278000,1067116000,1551287000,None,None,None,,,,,1.668,9.82,9.86,,,,,,,,0.322,,5005900000,2025-10-28,quarterly,3.0917,USD,post-market,599510000,16469003000,0.163,0.354,0.159,31.71,386532000,None,None,7432655000,215.44,292.46,32.691,35158760000,23834853000,2000962000,3563904000,11323907000,1562942000,6138560000,31594856000,31.06,None,328.46,142.27
2025-12-28,GOOG,10.14,385476002000.0,31.06,None,1.07,32.03,,None,10426291000,10426291000,,,,,,,,,316000,12688834924,None,2577088000,2577088000,196220000,None,None,2543105000,None,None,293812000,,1.02,0.0032,,,,0.353,0.7617,2142453000,2436265000,2.33,2009-03-31,28.25,4830315000,228095001000.0,3561472000,2141677000,676280000,910344000,910344000,None,776000,None,434903000,None,None,None,None,None,1465397000,None,None,None,0.305,,1544194000,2017278000,1317861000,1452898000,None,None,None,,,,,1.668,9.82,9.86,,,,,,,,0.322,,5122105000,2025-10-28,quarterly,3.0917,USD,post-market,599510000,14984458000,0.163,0.354,0.159,31.71,386532000,None,317799000,7358642000,215.44,292.46,32.691,33513029000,22080802000,2183854000,3664934000,11432227000,1481080000,6138560000,29848095000,31.06,None,328.46,142.27
2025-12-28,GOOG,10.14,385476002000.0,31.06,None,1.07,32.03,,None,8656672000,8656672000,,,,,,,,,315000,12700554919,None,2577088000,2577088000,178004000,None,None,2642192000,None,None,293812000,,1.02,0.0032,,,,0.353,0.7617,2142453000,2436265000,2.33,2008-12-31,28.25,4839854000,228095001000.0,3561472000,2141677000,676280000,996690000,996690000,None,776000,None,286105000,None,None,None,None,None,1465397000,None,None,None,0.305,,1544194000,2017278000,1404114000,1824453000,None,None,None,,,,,1.668,9.82,9.86,,,,,,,,0.322,,5233843000,2025-10-28,quarterly,3.0917,USD,post-market,599510000,13561630000,0.163,0.354,0.159,31.71,386532000,None,1824453000,7189099000,215.44,292.46,32.691,31767575000,20178182000,2302090000,3528713000,11589393000,1226623000,6138560000,28238862000,31.06,None,328.46,142.27
2025-12-28,GOOG,10.14,385476002000.0,31.06,None,1.07,32.03,,None,8370469000,8370469000,,,,,,,,,315000,12711034915,None,2577088000,2577088000,240706000,None,None,2541492000,None,None,293812000,,1.02,0.0032,,,,0.353,0.7617,2142453000,2436265000,2.33,2008-09-30,28.25,4821646000,228095001000.0,3561472000,2141677000,676280000,1047717000,1047717000,None,776000,None,111401000,None,None,None,None,None,1465397000,None,None,None,0.305,,1544194000,2017278000,897349000,1683234000,None,None,None,,,,,1.668,9.82,9.86,,,,,,,,0.322,,5213167000,2025-10-28,quarterly,3.0917,USD,post-market,599510000,13179188000,0.163,0.354,0.159,31.71,386532000,None,99959000,6042140000,215.44,292.46,32.691,30806974000,17962851000,2224277000,3332112000,12844123000,1107835000,6138560000,27474862000,31.06,None,328.46,142.27
2025-12-28,GOOG,10.14,385476002000.0,31.06,None,1.07,32.03,,None,7363536000,7363536000,,,,,,,,,314000,12720914911,None,2577088000,2577088000,439281000,None,None,2641901000,None,None,293812000,,1.02,0.0032,,,,0.353,0.7617,2142453000,2436265000,2.33,2008-06-30,28.25,4853805000,228095001000.0,3561472000,2141677000,676280000,1138991000,1138991000,None,776000,None,94402000,None,None,None,None,None,1465397000,None,None,None,0.305,,1544194000,2017278000,846865000,1565688000,None,None,None,,,,,1.668,9.82,9.86,,,,,,,,0.322,,5137710000,2025-10-28,quarterly,3.0917,USD,post-market,599510000,11889249000,0.163,0.354,0.159,31.71,386532000,None,143113000,5370133000,215.44,292.46,32.691,29179786000,16316837000,2345515000,3266771000,12862949000,921256000,6138560000,25913015000,31.06,None,328.46,142.27
2025-12-28,GOOG,10.14,385476002000.0,31.06,None,1.07,32.03,,None,6519749000,6519749000,,,,,,,,,314000,12695674921,None,2577088000,2577088000,358122000,None,None,2560909000,None,None,293812000,,1.02,0.0032,,,,0.353,0.7617,2142453000,2436265000,2.33,2008-03-31,28.25,4791399000,228095001000.0,3561472000,2141677000,676280000,1203972000,1203972000,None,776000,None,71722000,None,None,None,None,None,1465397000,None,None,None,0.305,,1544194000,2017278000,697792000,1730857000,None,None,None,,,,,1.668,9.82,9.86,,,,,,,,0.322,,4741724000,2025-10-28,quarterly,3.0917,USD,post-market,599510000,10641858000,0.163,0.354,0.159,31.71,386532000,None,177430000,5614759000,215.44,292.46,32.691,27604982000,15464931000,2460475000,3267447000,12140051000,806972000,6138560000,24337535000,31.06,None,328.46,142.27
2025-12-28,GOOG,10.14,385476002000.0,31.06,None,1.07,32.03,,None,6081593000,6081593000,,,,,,,,,313000,12648394940,None,2577088000,2577088000,282106000,None,None,2307774000,None,None,293812000,,1.02,0.0032,,,,0.353,0.7617,2142453000,2436265000,2.33,2007-12-31,28.25,2299368000,228095001000.0,3561472000,2141677000,676280000,446596000,446596000,None,776000,None,None,None,None,None,None,None,1465397000,None,None,None,0.305,,1544194000,2017278000,762751000,1575423000,None,None,None,,,,,1.668,9.82,9.86,,,,,,,,0.322,,4039261000,2025-10-28,quarterly,3.0917,USD,post-market,599510000,9334772000,0.163,0.354,0.159,31.71,386532000,None,None,8137020000,215.44,292.46,32.691,25335806000,17289138000,2035602000,2646127000,8046668000,610525000,6138560000,22689679000,31.06,None,328.46,142.27
2025-12-28,GOOG,10.14,385476002000.0,31.06,None,1.07,32.03,,None,5106404000,5106404000,,,,,,,,,312000,12663034934,None,2577088000,2577088000,231883000,None,None,1887860000,None,None,293812000,,1.02,0.0032,,,,0.353,0.7617,2142453000,2436265000,2.33,2007-09-30,28.25,2277397000,228095001000.0,3561472000,2141677000,676280000,485252000,485252000,None,776000,None,87963000,None,None,None,None,None,1465397000,None,None,None,0.305,,1544194000,2017278000,670593000,1404655000,None,None,None,,,,,1.668,9.82,9.86,,,,,,,,0.322,,3588814000,2025-10-28,quarterly,3.0917,USD,post-market,599510000,8123478000,0.163,0.354,0.159,31.71,386532000,None,None,7980941000,215.44,292.46,32.691,23340650000,15733761000,1782667000,2303879000,7606889000,521212000,6138560000,21036771000,31.06,None,328.46,142.27
2025-12-28,GOOG,10.14,385476002000.0,31.06,None,1.07,32.03,,None,4493652000,4493652000,,,,,,,,,311000,12618754952,None,2577088000,2577088000,136483000,None,None,1648680000,None,None,293812000,,1.02,0.0032,,,,0.353,0.7617,2142453000,2436265000,2.33,2007-06-30,28.25,1723124000,228095001000.0,3561472000,2141677000,676280000,339579000,339579000,None,776000,None,78068000,None,None,None,None,None,1465397000,None,None,None,0.305,,1544194000,2017278000,627240000,1060146000,None,None,None,,,,,1.668,9.82,9.86,,,,,,,,0.322,,3219280000,2025-10-28,quarterly,3.0917,USD,post-market,599510000,7053489000,0.163,0.354,0.159,31.71,386532000,None,None,8009883000,215.44,292.46,32.691,21423885000,14857523000,1319195000,1764277000,6566362000,445082000,6138560000,19659608000,31.06,None,328.46,142.27
2025-12-28,GOOG,10.14,385476002000.0,31.06,None,1.07,32.03,,None,4081340000,4081340000,,,,,,,,,310000,12594794962,None,2577088000,2577088000,181828000,None,None,1477090000,None,None,293812000,,1.02,0.0032,,,,0.353,0.7617,2142453000,2436265000,2.33,2007-03-31,28.25,1620566000,228095001000.0,3561472000,2141677000,676280000,326526000,326526000,None,776000,None,51259000,None,None,None,None,None,1465397000,None,None,None,0.305,,1544194000,2017278000,616506000,928897000,None,None,None,,,,,1.668,9.82,9.86,,,,,,,,0.322,,2826717000,2025-10-28,quarterly,3.0917,USD,post-market,599510000,6128368000,0.163,0.354,0.159,31.71,386532000,None,37857000,7854579000,215.44,292.46,32.691,20015438000,14080774000,1254353000,1638228000,5934664000,383875000,6138560000,18377210000,31.06,None,328.46,142.27
2025-12-28,GOOG,10.14,385476002000.0,31.06,None,1.07,32.03,,None,3544671000,3544671000,,,,,,,,,309000,12381915047,None,2577088000,2577088000,211169000,None,None,1322340000,None,None,293812000,,1.02,0.0032,,,,0.353,0.7617,2142453000,2436265000,2.33,2006-12-31,28.25,1545119000,228095001000.0,3561472000,2141677000,676280000,346841000,346841000,None,776000,None,None,None,None,None,None,None,1465397000,None,None,None,0.305,,1544194000,2017278000,473593000,988282000,None,None,None,,,,,1.668,9.82,9.86,,,,,,,,0.322,,2395239000,2025-10-28,quarterly,3.0917,USD,post-market,599510000,5133314000,0.163,0.354,0.159,31.71,386532000,None,987907000,7699243000,215.44,292.46,32.691,18473351000,13039847000,1304587000,1433511000,5433504000,128924000,6138560000,17039840000,31.06,None,328.46,142.27
2025-12-28,GOOG,10.14,385476002000.0,31.06,None,1.07,32.03,,None,3038341000,3038341000,,,,,,,,,304000,12422955030,None,2577088000,2577088000,207348000,None,None,1031055000,None,None,293812000,,1.02,0.0032,,,,0.353,0.7617,2142453000,2436265000,2.33,2006-09-30,28.25,337145000,228095001000.0,3561472000,2141677000,676280000,177406000,177406000,None,776000,None,51532000,None,None,None,None,None,1465397000,None,None,None,0.305,,1544194000,2017278000,346941000,731727000,None,None,None,,,,,1.668,9.82,9.86,,,,,,,,0.322,,2174314000,2025-10-28,quarterly,3.0917,USD,post-market,599510000,4102597000,0.163,0.354,0.159,31.71,386532000,None,188613000,7390374000,215.44,292.46,32.691,15693232000,11858243000,1216047000,1296145000,3834989000,80098000,6138560000,14397087000,31.06,None,328.46,142.27
2025-12-28,GOOG,10.14,385476002000.0,31.06,None,1.07,32.03,,None,4015922000,4015922000,,,,,,,,,303000,12401515039,None,2577088000,2577088000,179441000,None,None,885088000,None,None,293812000,,1.02,0.0032,,,,0.353,0.7617,2142453000,2436265000,2.33,2006-06-30,28.25,318597000,228095001000.0,3561472000,2141677000,676280000,146601000,146601000,None,776000,None,None,None,None,None,None,None,1465397000,None,None,None,0.305,,1544194000,2017278000,351387000,714703000,None,None,None,,,,,1.668,9.82,9.86,,,,,,,,0.322,,1799766000,2025-10-28,quarterly,3.0917,USD,post-market,599510000,3369236000,0.163,0.354,0.159,31.71,386532000,None,606420000,5805710000,215.44,292.46,32.691,14396006000,11058107000,977430000,1038998000,3337899000,61568000,6138560000,13357008000,31.06,None,328.46,142.27
2025-12-28,GOOG,10.14,385476002000.0,31.06,None,1.07,32.03,,None,2935179000,2935179000,,,,,,,,,295000,12164915134,None,2577088000,2577088000,145911000,None,None,844378000,None,None,293812000,,1.02,0.0032,,,,0.353,0.7617,2142453000,2436265000,2.33,2006-03-31,28.25,318806000,228095001000.0,3561472000,2141677000,676280000,160573000,160573000,None,776000,None,None,None,None,None,None,None,1465397000,None,None,None,0.305,,1544194000,2017278000,282551000,753941000,None,None,None,,,,,1.668,9.82,9.86,,,,,,,,0.322,,1209681000,2025-10-28,quarterly,3.0917,USD,post-market,599510000,2648159000,0.163,0.354,0.159,31.71,386532000,None,542381000,5493849000,215.44,292.46,32.691,11294870000,9555957000,980024000,1051602000,1738913000,71578000,6138560000,10243268000,31.06,None,328.46,142.27
2025-12-28,GOOG,10.14,385476002000.0,31.06,None,1.07,32.03,,None,3877174000,3877174000,,,,,,,,,293000,11033755586,None,2577088000,2577088000,115575000,None,None,687976000,None,None,293812000,,1.02,0.0032,,,,0.353,0.7617,2142453000,2436265000,2.33,2005-12-31,28.25,None,228095001000.0,3561472000,2141677000,676280000,277683000,277683000,None,776000,None,None,None,None,None,None,None,1465397000,None,None,None,0.305,,1544194000,2017278000,278848000,556710000,None,None,None,,,,,1.668,9.82,9.86,,,,,,,,0.322,,961749000,2025-10-28,quarterly,3.0917,USD,post-market,599510000,2055868000,0.163,0.354,0.159,31.71,386532000,None,528936000,4157073000,215.44,292.46,32.691,10271813000,9001071000,745384000,852856000,1270742000,107472000,6138560000,9418957000,31.06,None,328.46,142.27
2025-12-28,GOOG,10.14,385476002000.0,31.06,None,1.07,32.03,,None,5518569000,5518569000,,,,,,,,,290000,11586915365,None,2577088000,2577088000,87346000,None,None,541815000,None,None,293812000,,1.02,0.0032,,,,0.353,0.7617,2142453000,2436265000,2.33,2005-09-30,28.25,None,228095001000.0,3561472000,2141677000,676280000,228603000,228603000,None,776000,None,None,None,None,None,None,None,1465397000,None,None,None,0.305,,1544194000,2017278000,210723000,416838000,None,None,None,,,,,1.668,9.82,9.86,,,,,,,,0.322,,803078000,2025-10-28,quarterly,3.0917,USD,post-market,599510000,1683660000,0.163,0.354,0.159,31.71,386532000,10000,10000,2111578000,215.44,292.46,32.691,9451001000,8382685000,559848000,657933000,1068316000,98085000,6138560000,8793068000,31.06,None,328.46,142.27
2025-12-28,GOOG,10.14,385476002000.0,31.06,None,1.07,32.03,,14578000000,23466000000,23466000000,,,,,,,,,84800000000,12447000000,None,2577088000,2577088000,7987000000,None,None,52340000000,None,None,293812000,,1.02,0.0032,,,,0.353,0.7617,2142453000,2436265000,2.33,2024-12-31,28.25,31885000000,228095001000.0,3561472000,2141677000,676280000,None,None,None,776000,None,None,None,None,10883000000,None,37982000000,1465397000,None,None,None,0.305,,1544194000,2017278000,15714000000,64430000000,None,4694000000,None,,,,,1.668,9.82,9.86,,,,,,,,0.322,,None,2025-10-28,annual,3.0917,USD,post-market,599510000,245084000000,0.163,0.354,0.159,31.71,386532000,25461000000,2887000000,72191000000,215.44,292.46,32.691,450256000000,163711000000,89122000000,125172000000,286545000000,36050000000,6138560000,325084000000,31.06,None,328.46,142.27
2025-12-28,GOOG,10.14,385476002000.0,31.06,None,1.07,32.03,,16634000000,24048000000,24048000000,,,,,,,,,76534000000,12722000000,None,2577088000,2577088000,7493000000,None,None,47964000000,None,None,293812000,,1.02,0.0032,,,,0.353,0.7617,2142453000,2436265000,2.33,2023-12-31,28.25,29198000000,228095001000.0,3561472000,2141677000,676280000,None,None,None,776000,None,None,None,None,11870000000,None,31008000000,1465397000,None,None,None,0.305,,1544194000,2017278000,12650000000,64645000000,None,1616000000,None,,,,,1.668,9.82,9.86,,,,,,,,0.322,,None,2025-10-28,annual,3.0917,USD,post-market,599510000,211247000000,0.163,0.354,0.159,31.71,386532000,27121000000,2791000000,86868000000,215.44,292.46,32.691,402392000000,171530000000,81814000000,119013000000,230862000000,37199000000,6138560000,283379000000,31.06,None,328.46,142.27
2025-12-28,GOOG,10.14,385476002000.0,31.06,None,1.07,32.03,,16822000000,21879000000,21879000000,,,,,,,,,68184000000,13242420000,None,2577088000,2577088000,5128000000,None,None,40258000000,None,None,293812000,,1.02,0.0032,,,,0.353,0.7617,2142453000,2436265000,2.33,2022-12-31,28.25,28960000000,228095001000.0,3561472000,2141677000,676280000,2084000000,2084000000,None,776000,None,2670000000,None,None,12857000000,None,30492000000,1465397000,None,None,None,0.305,,1544194000,2017278000,8105000000,51006000000,None,24605000000,None,,,,,1.668,9.82,9.86,,,,,,,,0.322,,127049000000,2025-10-28,annual,3.0917,USD,post-market,599510000,195563000000,0.163,0.354,0.159,31.71,386532000,27202000000,2477000000,91883000000,215.44,292.46,32.691,365264000000,164795000000,69300000000,109120000000,200469000000,39820000000,6138560000,256144000000,31.06,None,328.46,142.27
2025-12-28,GOOG,10.14,385476002000.0,31.06,None,1.07,32.03,,11389000000,20945000000,20945000000,,,,,,,,,61774000000,13553473900,None,2577088000,2577088000,6037000000,None,None,40270000000,None,None,293812000,,1.02,0.0032,,,,0.353,0.7617,2142453000,2436265000,2.33,2021-12-31,28.25,22956000000,228095001000.0,3561472000,2141677000,676280000,1417000000,1417000000,None,776000,None,1170000000,None,None,14817000000,None,29549000000,1465397000,None,None,None,0.305,,1544194000,2017278000,7054000000,52740000000,None,23305000000,None,,,,,1.668,9.82,9.86,,,,,,,,0.322,,110558000000,2025-10-28,annual,3.0917,USD,post-market,599510000,191484000000,0.163,0.354,0.159,31.71,386532000,26206000000,2189000000,118704000000,215.44,292.46,32.691,359268000000,188143000000,64254000000,107633000000,171125000000,43379000000,6138560000,251635000000,31.06,None,328.46,142.27
2025-12-28,GOOG,10.14,385476002000.0,31.06,None,1.07,32.03,,11146000000,26465000000,26465000000,,,,,,,,,58510000000,13740560000,None,2577088000,2577088000,5589000000,None,None,31384000000,None,None,293812000,,1.02,0.0032,,,,0.353,0.7617,2142453000,2436265000,2.33,2020-12-31,28.25,21175000000,228095001000.0,3561472000,2141677000,676280000,1445000000,1445000000,None,776000,None,728000000,None,None,13932000000,None,20703000000,1465397000,None,None,None,0.305,,1544194000,2017278000,5490000000,45523000000,None,22745000000,None,,,,,1.668,9.82,9.86,,,,,,,,0.322,,96960000000,2025-10-28,annual,3.0917,USD,post-market,599510000,163401000000,0.163,0.354,0.159,31.71,386532000,26772000000,1694000000,110229000000,215.44,292.46,32.691,319616000000,174296000000,56834000000,97072000000,145320000000,40238000000,6138560000,222544000000,31.06,None,328.46,142.27
2025-12-28,GOOG,10.14,385476002000.0,31.06,None,1.07,32.03,,12009000000,18498000000,18498000000,,,,,,,,,50552000000,13971114411,None,2577088000,2577088000,5561000000,None,None,27492000000,None,None,293812000,,1.02,0.0032,,,,0.353,0.7617,2142453000,2436265000,2.33,2019-12-31,28.25,20624000000,228095001000.0,3561472000,2141677000,676280000,1979000000,1979000000,None,776000,None,999000000,None,None,3958000000,None,13078000000,1465397000,None,None,None,0.305,,1544194000,2017278000,4412000000,36553000000,None,22991000000,None,,,,,1.668,9.82,9.86,,,,,,,,0.322,,84587000000,2025-10-28,annual,3.0917,USD,post-market,599510000,152122000000,0.163,0.354,0.159,31.71,386532000,14768000000,1199000000,101177000000,215.44,292.46,32.691,275909000000,152578000000,45221000000,74467000000,123331000000,29246000000,6138560000,201442000000,31.06,None,328.46,142.27
2025-12-28,GOOG,10.14,385476002000.0,31.06,None,1.07,32.03,,62000000,16701000000,16701000000,,,,,,,,,45049000000,14066813595,None,2577088000,2577088000,4378000000,None,None,21193000000,None,None,293812000,,1.02,0.0032,,,,0.353,0.7617,2142453000,2436265000,2.33,2018-12-31,28.25,17888000000,228095001000.0,3561472000,2141677000,676280000,2220000000,2220000000,None,776000,None,1107000000,None,None,3950000000,None,13859000000,1465397000,None,None,None,0.305,,1544194000,2017278000,4236000000,28389000000,None,15268000000,None,,,,,1.668,9.82,9.86,,,,,,,,0.322,,59719000000,2025-10-28,annual,3.0917,USD,post-market,599510000,134885000000,0.163,0.354,0.159,31.71,386532000,4081000000,69000000,92439000000,215.44,292.46,32.691,232792000000,135676000000,34620000000,55164000000,97116000000,20544000000,6138560000,177628000000,31.06,None,328.46,142.27
2025-12-28,GOOG,10.14,385476002000.0,31.06,None,1.07,32.03,,26000000,10715000000,10715000000,,,,,,,,,40247000000,14068883261,None,2577088000,2577088000,3137000000,None,3969000000,18705000000,None,None,293812000,,1.02,0.0032,,,,0.353,0.7617,2142453000,2436265000,2.33,2017-12-31,28.25,16747000000,228095001000.0,3561472000,2141677000,676280000,2692000000,2692000000,None,776000,None,749000000,None,None,3943000000,None,7813000000,1465397000,None,None,None,0.305,,1544194000,2017278000,2983000000,2874000000,None,15871000000,None,,,,,1.668,9.82,9.86,,,,,,,,0.322,,42383000000,2025-10-28,annual,3.0917,USD,post-market,599510000,113247000000,0.163,0.354,0.159,31.71,386532000,20709000000,16740000000,91156000000,215.44,292.46,32.691,197295000000,124308000000,24183000000,44793000000,72987000000,20610000000,6138560000,152502000000,31.06,0,328.46,142.27
2025-12-28,GOOG,10.14,385476002000.0,31.06,None,1.07,32.03,,0,12918000000,12918000000,,,,,,,,,36307000000,13987786146,None,2577088000,2577088000,2041000000,None,3935000000,14232000000,None,None,293812000,,1.02,0.0032,,,,0.353,0.7617,2142453000,2436265000,2.33,2016-12-31,28.25,16468000000,228095001000.0,3561472000,2141677000,676280000,3307000000,3307000000,None,776000,None,268000000,None,None,3935000000,None,5878000000,1465397000,None,None,None,0.305,,1544194000,2017278000,4575000000,13062000000,None,7342000000,None,,,,,1.668,9.82,9.86,,,,,,,,0.322,,34234000000,2025-10-28,annual,3.0917,USD,post-market,599510000,105131000000,0.163,0.354,0.159,31.71,386532000,4489000000,554000000,73415000000,215.44,292.46,32.691,167497000000,105408000000,16756000000,28461000000,62089000000,11705000000,6138560000,139036000000,31.06,0,328.46,142.27
2025-12-28,GOOG,10.14,385476002000.0,31.06,None,1.07,32.03,,None,16549000000,16549000000,,,,,,,,,32982000000,13858138064,None,2577088000,2577088000,1931000000,None,1000000000,11556000000,None,None,293812000,,1.02,0.0032,,,,0.353,0.7617,2142453000,2436265000,2.33,2015-12-31,28.25,15869000000,228095001000.0,3561472000,2141677000,676280000,3847000000,3847000000,None,776000,None,491000000,None,None,1995000000,None,5183000000,1465397000,None,None,None,0.305,,1544194000,2017278000,5001000000,13064000000,None,5485000000,None,,,,,1.668,9.82,9.86,,,,,,,,0.322,,29016000000,2025-10-28,annual,3.0917,USD,post-market,599510000,89223000000,0.163,0.354,0.159,31.71,386532000,5220000000,3225000000,56517000000,215.44,292.46,32.691,147461000000,90114000000,19310000000,27130000000,57347000000,7820000000,6138560000,120331000000,31.06,0,328.46,142.27
2025-12-28,GOOG,10.14,385476002000.0,31.06,None,1.07,32.03,,None,18347000000,18347000000,,,,,,,,,28767000000,13741394503,None,2577088000,2577088000,1715000000,None,8015000000,10849000000,None,None,293812000,,1.02,0.0032,,,,0.353,0.7617,2142453000,2436265000,2.33,2014-12-31,28.25,15599000000,228095001000.0,3561472000,2141677000,676280000,4607000000,4607000000,None,776000,None,1322000000,None,None,2992000000,None,3079000000,1465397000,None,None,None,0.305,,1544194000,2017278000,3852000000,12206000000,None,None,None,,,,,1.668,9.82,9.86,,,,,,,,0.322,,23883000000,2025-10-28,annual,3.0917,USD,post-market,599510000,75706000000,0.163,0.354,0.159,31.71,386532000,5237000000,2010000000,46048000000,215.44,292.46,32.691,131133000000,80685000000,16805000000,26633000000,50448000000,9828000000,6138560000,104500000000,31.06,None,328.46,142.27
2025-12-28,GOOG,10.14,385476002000.0,31.06,None,1.07,32.03,,None,18898000000,18898000000,,,,,,,,,25922000000,13552354579,None,2577088000,2577088000,2453000000,None,None,9390000000,None,None,293812000,,1.02,0.0032,,,,0.353,0.7617,2142453000,2436265000,2.33,2013-12-31,28.25,11492000000,228095001000.0,3561472000,2141677000,676280000,6066000000,6066000000,None,776000,None,426000000,None,None,None,None,None,1465397000,None,None,None,0.305,,1544194000,2017278000,5623000000,9360000000,None,None,None,,,,,1.668,9.82,9.86,,,,,,,,0.322,,16524000000,2025-10-28,annual,3.0917,USD,post-market,599510000,61262000000,0.163,0.354,0.159,31.71,386532000,5245000000,3009000000,39819000000,215.44,292.46,32.691,110920000000,72886000000,15908000000,23611000000,38034000000,7703000000,6138560000,87309000000,31.06,None,328.46,142.27
2025-12-28,GOOG,10.14,385476002000.0,31.06,None,1.07,32.03,,None,14778000000,14778000000,,,,,,,,,22835000000,13292194683,None,2577088000,2577088000,2012000000,None,None,8585000000,None,None,293812000,,1.02,0.0032,,,,0.353,0.7617,2142453000,2436265000,2.33,2012-12-31,28.25,10537000000,228095001000.0,3561472000,2141677000,676280000,7473000000,7473000000,None,776000,None,505000000,None,None,None,None,None,1465397000,None,None,None,0.305,,1544194000,2017278000,4205000000,8690000000,None,None,None,,,,,1.668,9.82,9.86,,,,,,,,0.322,,11854000000,2025-10-28,annual,3.0917,USD,post-market,599510000,48342000000,0.163,0.354,0.159,31.71,386532000,5537000000,2549000000,33310000000,215.44,292.46,32.691,93798000000,60454000000,14337000000,22083000000,33344000000,7746000000,6138560000,71715000000,31.06,None,328.46,142.27
2025-12-28,GOOG,10.14,385476002000.0,31.06,None,1.07,32.03,,None,9983000000,9983000000,,,,,,,,,20264000000,13088554764,None,2577088000,2577088000,588000000,None,None,6172000000,None,None,293812000,,1.02,0.0032,,,,0.353,0.7617,2142453000,2436265000,2.33,2011-12-31,28.25,7346000000,228095001000.0,3561472000,2141677000,676280000,1578000000,1578000000,None,776000,None,215000000,None,None,None,None,None,1465397000,None,None,None,0.305,,1544194000,2017278000,1745000000,6363000000,None,None,None,,,,,1.668,9.82,9.86,,,,,,,,0.322,,9603000000,2025-10-28,annual,3.0917,USD,post-market,599510000,37605000000,0.163,0.354,0.159,31.71,386532000,4204000000,1218000000,34643000000,215.44,292.46,32.691,72574000000,52758000000,8913000000,14429000000,19816000000,5516000000,6138560000,58145000000,31.06,None,328.46,142.27
2025-12-28,GOOG,10.14,385476002000.0,31.06,None,1.07,32.03,,None,13630000000,13630000000,,,,,,,,,18235000000,12930034827,None,2577088000,2577088000,483000000,None,None,5002000000,None,None,293812000,,1.02,0.0032,,,,0.353,0.7617,2142453000,2436265000,2.33,2010-12-31,28.25,6256000000,228095001000.0,3561472000,2141677000,676280000,1044000000,1044000000,None,776000,None,259000000,None,None,None,None,None,1465397000,None,None,None,0.305,,1544194000,2017278000,1326000000,5617000000,None,None,None,,,,,1.668,9.82,9.86,,,,,,,,0.322,,7759000000,2025-10-28,annual,3.0917,USD,post-market,599510000,27868000000,0.163,0.354,0.159,31.71,386532000,3465000000,3465000000,21345000000,215.44,292.46,32.691,57851000000,41562000000,9996000000,11610000000,16289000000,1614000000,6138560000,46241000000,31.06,None,328.46,142.27
2025-12-28,GOOG,10.14,385476002000.0,31.06,None,1.07,32.03,,None,10197588000,10197588000,,,,,,,,,318000,12776634889,None,2577088000,2577088000,215867000,None,None,3201000000,None,None,293812000,,1.02,0.0032,,,,0.353,0.7617,2142453000,2436265000,2.33,2009-12-31,28.25,4902565000,228095001000.0,3561472000,2141677000,676280000,774938000,774938000,None,776000,None,644406000,None,None,None,None,None,1465397000,None,None,None,0.305,,1544194000,2017278000,836777000,2246520000,None,None,None,,,,,1.668,9.82,9.86,,,,,,,,0.322,,4844610000,2025-10-28,annual,3.0917,USD,post-market,599510000,20082078000,0.163,0.354,0.159,31.71,386532000,None,None,14287187000,215.44,292.46,32.691,40496778000,29166958000,2747467000,4492554000,11329820000,1745087000,6138560000,36004224000,31.06,None,328.46,142.27
2025-12-28,GOOG,10.14,385476002000.0,31.06,None,1.07,32.03,,None,8656672000,8656672000,,,,,,,,,315000,12700554919,None,2577088000,2577088000,178004000,None,None,2642192000,None,None,293812000,,1.02,0.0032,,,,0.353,0.7617,2142453000,2436265000,2.33,2008-12-31,28.25,4839854000,228095001000.0,3561472000,2141677000,676280000,996690000,996690000,None,776000,None,286105000,None,None,None,None,None,1465397000,None,None,None,0.305,,1544194000,2017278000,1404114000,1824453000,None,None,None,,,,,1.668,9.82,9.86,,,,,,,,0.322,,5233843000,2025-10-28,annual,3.0917,USD,post-market,599510000,13561630000,0.163,0.354,0.159,31.71,386532000,None,1824453000,7189099000,215.44,292.46,32.691,31767575000,20178182000,2302090000,3528713000,11589393000,1226623000,6138560000,28238862000,31.06,None,328.46,142.27
2025-12-28,GOOG,10.14,385476002000.0,31.06,None,1.07,32.03,,None,6081593000,6081593000,,,,,,,,,313000,12648394940,None,2577088000,2577088000,282106000,None,None,2307774000,None,None,293812000,,1.02,0.0032,,,,0.353,0.7617,2142453000,2436265000,2.33,2007-12-31,28.25,2299368000,228095001000.0,3561472000,2141677000,676280000,446596000,446596000,None,776000,None,None,None,None,None,None,None,1465397000,None,None,None,0.305,,1544194000,2017278000,762751000,1575423000,None,None,None,,,,,1.668,9.82,9.86,,,,,,,,0.322,,4039261000,2025-10-28,annual,3.0917,USD,post-market,599510000,9334772000,0.163,0.354,0.159,31.71,386532000,None,None,8137020000,215.44,292.46,32.691,25335806000,17289138000,2035602000,2646127000,8046668000,610525000,6138560000,22689679000,31.06,None,328.46,142.27
2025-12-28,GOOG,10.14,385476002000.0,31.06,None,1.07,32.03,,None,3544671000,3544671000,,,,,,,,,309000,12381915047,None,2577088000,2577088000,211169000,None,None,1322340000,None,None,293812000,,1.02,0.0032,,,,0.353,0.7617,2142453000,2436265000,2.33,2006-12-31,28.25,1545119000,228095001000.0,3561472000,2141677000,676280000,346841000,346841000,None,776000,None,None,None,None,None,None,None,1465397000,None,None,None,0.305,,1544194000,2017278000,473593000,988282000,None,None,None,,,,,1.668,9.82,9.86,,,,,,,,0.322,,2395239000,2025-10-28,annual,3.0917,USD,post-market,599510000,5133314000,0.163,0.354,0.159,31.71,386532000,None,987907000,7699243000,215.44,292.46,32.691,18473351000,13039847000,1304587000,1433511000,5433504000,128924000,6138560000,17039840000,31.06,None,328.46,142.27
2025-12-28,GOOG,10.14,385476002000.0,31.06,None,1.07,32.03,,None,3877174000,3877174000,,,,,,,,,293000,11674955330,None,2577088000,2577088000,115575000,None,None,687976000,None,None,293812000,,1.02,0.0032,,,,0.353,0.7617,2142453000,2436265000,2.33,2005-12-31,28.25,None,228095001000.0,3561472000,2141677000,676280000,277683000,277683000,None,776000,None,None,None,None,None,None,None,1465397000,None,None,None,0.305,,1544194000,2017278000,278848000,556710000,None,None,None,,,,,1.668,9.82,9.86,,,,,,,,0.322,,961749000,2025-10-28,annual,3.0917,USD,post-market,599510000,2055868000,0.163,0.354,0.159,31.71,386532000,None,528936000,4157073000,215.44,292.46,32.691,10271813000,9001071000,745384000,852856000,1270742000,107472000,6138560000,9418957000,31.06,None,328.46,142.27
2025-12-28,GOOG,10.14,385476002000.0,31.06,None,1.07,32.03,23953000000,None,3877174000,3877174000,-18383000000,-27777000000,None,None,None,None,None,None,293000,11674955330,None,2577088000,2577088000,115575000,None,None,687976000,None,None,293812000,5611000000,1.02,0.0032,2537000000,2537000000,None,0.353,0.7617,2142453000,2436265000,2.33,2025-09-30,28.25,None,228095001000.0,3561472000,2141677000,676280000,277683000,277683000,None,776000,None,None,None,None,None,None,None,34979000000,None,None,None,0.305,48414000000,1544194000,2017278000,278848000,556710000,None,None,None,None,None,None,None,1.668,9.82,9.86,None,None,None,None,None,-15291000000,None,0.322,None,961749000,2025-10-28,quarterly,3.0917,USD,post-market,599510000,2055868000,0.163,0.354,0.159,31.71,386532000,None,528936000,4157073000,215.44,292.46,32.691,10271813000,9001071000,745384000,852856000,1270742000,107472000,6138560000,9418957000,31.06,None,328.46,142.27
2025-12-28,GOOG,10.14,385476002000.0,31.06,None,1.07,32.03,22446000000,None,3877174000,3877174000,-5832000000,-24544000000,None,None,None,None,None,None,293000,11674955330,None,2577088000,2577088000,115575000,None,None,687976000,None,None,293812000,4998000000,1.02,0.0032,2543000000,2543000000,None,0.353,0.7617,2142453000,2436265000,2.33,2025-06-30,28.25,None,228095001000.0,3561472000,2141677000,676280000,277683000,277683000,None,776000,None,None,None,None,None,None,None,28196000000,None,None,None,0.305,27747000000,1544194000,2017278000,278848000,556710000,None,None,None,None,None,None,None,1.668,9.82,9.86,None,None,None,None,None,-13638000000,None,0.322,None,961749000,2025-10-28,quarterly,3.0917,USD,post-market,599510000,2055868000,0.163,0.354,0.159,31.71,386532000,None,528936000,4157073000,215.44,292.46,32.691,10271813000,9001071000,745384000,852856000,1270742000,107472000,6138560000,9418957000,31.06,None,328.46,142.27
2025-12-28,GOOG,10.14,385476002000.0,31.06,None,1.07,32.03,17197000000,None,3877174000,3877174000,-20201000000,-16194000000,None,None,None,None,None,None,293000,11674955330,None,2577088000,2577088000,115575000,None,None,687976000,None,None,293812000,4487000000,1.02,0.0032,2434000000,2434000000,None,0.353,0.7617,2142453000,2436265000,2.33,2025-03-31,28.25,None,228095001000.0,3561472000,2141677000,676280000,277683000,277683000,None,776000,None,None,None,None,None,None,None,34540000000,None,None,None,0.305,36150000000,1544194000,2017278000,278848000,556710000,None,None,None,None,None,None,None,1.668,9.82,9.86,None,None,None,None,None,-15068000000,None,0.322,None,961749000,2025-10-28,quarterly,3.0917,USD,post-market,599510000,2055868000,0.163,0.354,0.159,31.71,386532000,None,528936000,4157073000,215.44,292.46,32.691,10271813000,9001071000,745384000,852856000,1270742000,107472000,6138560000,9418957000,31.06,None,328.46,142.27
2025-12-28,GOOG,10.14,385476002000.0,31.06,None,1.07,32.03,14276000000,None,3877174000,3877174000,-19036000000,-16180000000,None,None,None,None,None,None,293000,11674955330,None,2577088000,2577088000,115575000,None,None,687976000,None,None,293812000,4205000000,1.02,0.0032,2442000000,2442000000,None,0.353,0.7617,2142453000,2436265000,2.33,2024-12-31,28.25,None,228095001000.0,3561472000,2141677000,676280000,277683000,277683000,None,776000,None,None,None,None,None,None,None,26536000000,None,None,None,0.305,39113000000,1544194000,2017278000,278848000,556710000,None,None,None,None,None,None,None,1.668,9.82,9.86,None,None,None,None,None,-15551000000,None,0.322,None,961749000,2025-10-28,quarterly,3.0917,USD,post-market,599510000,2055868000,0.163,0.354,0.159,31.71,386532000,None,528936000,4157073000,215.44,292.46,32.691,10271813000,9001071000,745384000,852856000,1270742000,107472000,6138560000,9418957000,31.06,None,328.46,142.27
2025-12-28,GOOG,10.14,385476002000.0,31.06,None,1.07,32.03,13061000000,None,3877174000,3877174000,-20094000000,-18011000000,None,None,None,None,None,None,293000,11674955330,None,2577088000,2577088000,115575000,None,None,687976000,None,None,293812000,3985000000,1.02,0.0032,2455000000,2455000000,None,0.353,0.7617,2142453000,2436265000,2.33,2024-09-30,28.25,None,228095001000.0,3561472000,2141677000,676280000,277683000,277683000,None,776000,None,None,None,None,None,None,None,26301000000,None,None,None,0.305,30698000000,1544194000,2017278000,278848000,556710000,None,None,None,None,None,None,None,1.668,9.82,9.86,None,None,None,None,None,-15291000000,None,0.322,None,961749000,2025-10-28,quarterly,3.0917,USD,post-market,599510000,2055868000,0.163,0.354,0.159,31.71,386532000,None,528936000,4157073000,215.44,292.46,32.691,10271813000,9001071000,745384000,852856000,1270742000,107472000,6138560000,9418957000,31.06,None,328.46,142.27
2025-12-28,GOOG,10.14,385476002000.0,31.06,None,1.07,32.03,13186000000,None,3877174000,3877174000,-20889000000,-2781000000,None,None,None,None,None,None,293000,11674955330,None,2577088000,2577088000,115575000,None,None,687976000,None,None,293812000,3708000000,1.02,0.0032,2466000000,2466000000,None,0.353,0.7617,2142453000,2436265000,2.33,2024-06-30,28.25,None,228095001000.0,3561472000,2141677000,676280000,277683000,277683000,None,776000,None,None,None,None,None,None,None,23619000000,None,None,None,0.305,26640000000,1544194000,2017278000,278848000,556710000,None,None,None,None,None,None,None,1.668,9.82,9.86,None,None,None,None,None,-15684000000,None,0.322,None,961749000,2025-10-28,quarterly,3.0917,USD,post-market,599510000,2055868000,0.163,0.354,0.159,31.71,386532000,None,528936000,4157073000,215.44,292.46,32.691,10271813000,9001071000,745384000,852856000,1270742000,107472000,6138560000,9418957000,31.06,None,328.46,142.27
2025-12-28,GOOG,10.14,385476002000.0,31.06,None,1.07,32.03,12012000000,None,3877174000,3877174000,-19714000000,-8564000000,None,None,None,None,None,None,293000,11674955330,None,2577088000,2577088000,115575000,None,None,687976000,None,None,293812000,3413000000,1.02,0.0032,0,0,None,0.353,0.7617,2142453000,2436265000,2.33,2024-03-31,28.25,None,228095001000.0,3561472000,2141677000,676280000,277683000,277683000,None,776000,None,None,None,None,None,None,None,23662000000,None,None,None,0.305,28848000000,1544194000,2017278000,278848000,556710000,None,None,None,None,None,None,None,1.668,9.82,9.86,None,None,None,None,None,-15696000000,None,0.322,None,961749000,2025-10-28,quarterly,3.0917,USD,post-market,599510000,2055868000,0.163,0.354,0.159,31.71,386532000,None,528936000,4157073000,215.44,292.46,32.691,10271813000,9001071000,745384000,852856000,1270742000,107472000,6138560000,9418957000,31.06,None,328.46,142.27
2025-12-28,GOOG,10.14,385476002000.0,31.06,None,1.07,32.03,11019000000,None,3877174000,3877174000,-19308000000,-6167000000,None,None,5854000000,None,None,None,293000,11674955330,None,2577088000,2577088000,115575000,None,None,687976000,None,None,293812000,1563000000,1.02,0.0032,None,None,None,0.353,0.7617,2142453000,2436265000,2.33,2023-12-31,28.25,None,228095001000.0,3561472000,2141677000,676280000,277683000,277683000,None,776000,None,None,None,None,None,None,None,20687000000,None,None,None,0.305,18915000000,1544194000,2017278000,278848000,556710000,None,None,None,None,None,None,None,1.668,9.82,9.86,None,None,None,None,None,-16191000000,None,0.322,None,961749000,2025-10-28,quarterly,3.0917,USD,post-market,599510000,2055868000,0.163,0.354,0.159,31.71,386532000,None,528936000,4157073000,215.44,292.46,32.691,10271813000,9001071000,745384000,852856000,1270742000,107472000,6138560000,9418957000,31.06,None,328.46,142.27
2025-12-28,GOOG,10.14,385476002000.0,31.06,None,1.07,32.03,8055000000,None,3877174000,3877174000,-18382000000,-7150000000,None,None,2136000000,None,None,None,293000,11674955330,None,2577088000,2577088000,115575000,None,None,687976000,None,None,293812000,3800000000,1.02,0.0032,0,0,None,0.353,0.7617,2142453000,2436265000,2.33,2023-09-30,28.25,None,228095001000.0,3561472000,2141677000,676280000,277683000,277683000,None,776000,None,None,None,None,None,None,None,19689000000,None,None,None,0.305,30656000000,1544194000,2017278000,278848000,556710000,None,None,None,None,None,None,None,1.668,9.82,9.86,None,None,None,None,None,-15787000000,None,0.322,None,961749000,2025-10-28,quarterly,3.0917,USD,post-market,599510000,2055868000,0.163,0.354,0.159,31.71,386532000,None,528936000,4157073000,215.44,292.46,32.691,10271813000,9001071000,745384000,852856000,1270742000,107472000,6138560000,9418957000,31.06,None,328.46,142.27
2025-12-28,GOOG,10.14,385476002000.0,31.06,None,1.07,32.03,6888000000,None,3877174000,3877174000,-17835000000,-10800000000,31000000,None,130000000,None,None,-2948000000,293000,11674955330,None,2577088000,2577088000,115575000,None,None,687976000,None,None,293812000,3397000000,1.02,0.0032,None,None,None,0.353,0.7617,2142453000,2436265000,2.33,2023-06-30,28.25,None,228095001000.0,3561472000,2141677000,676280000,277683000,277683000,None,776000,None,None,None,None,None,None,None,18368000000,None,None,None,0.305,28666000000,1544194000,2017278000,278848000,556710000,None,None,None,None,None,None,None,1.668,9.82,9.86,None,None,None,None,None,-14969000000,None,0.322,None,961749000,2025-10-28,quarterly,3.0917,USD,post-market,599510000,2055868000,0.163,0.354,0.159,31.71,386532000,None,528936000,4157073000,215.44,292.46,32.691,10271813000,9001071000,745384000,852856000,1270742000,107472000,6138560000,9418957000,31.06,None,328.46,142.27
2025-12-28,GOOG,10.14,385476002000.0,31.06,None,1.07,32.03,6289000000,None,3877174000,3877174000,-16568000000,-2946000000,3995000000,None,None,None,None,4454000000,293000,11674955330,None,2577088000,2577088000,115575000,None,None,687976000,None,None,293812000,2635000000,1.02,0.0032,None,None,None,0.353,0.7617,2142453000,2436265000,2.33,2023-03-31,28.25,None,228095001000.0,3561472000,2141677000,676280000,277683000,277683000,None,776000,None,None,None,None,None,None,None,15051000000,None,None,None,0.305,23509000000,1544194000,2017278000,278848000,556710000,None,None,None,None,None,None,None,1.668,9.82,9.86,None,None,None,None,None,-14557000000,None,0.322,None,961749000,2025-10-28,quarterly,3.0917,USD,post-market,599510000,2055868000,0.163,0.354,0.159,31.71,386532000,None,528936000,4157073000,215.44,292.46,32.691,10271813000,9001071000,745384000,852856000,1270742000,107472000,6138560000,9418957000,31.06,None,328.46,142.27
2025-12-28,GOOG,10.14,385476002000.0,31.06,None,1.07,32.03,7595000000,None,3877174000,3877174000,-17629000000,-6227000000,-242000000,None,None,None,None,-4615000000,293000,11674955330,None,2577088000,2577088000,115575000,None,None,687976000,None,None,293812000,4201000000,1.02,0.0032,None,None,None,0.353,0.7617,2142453000,2436265000,2.33,2022-12-31,28.25,None,228095001000.0,3561472000,2141677000,676280000,277683000,277683000,None,776000,None,None,None,None,None,None,None,13624000000,None,None,None,0.305,23614000000,1544194000,2017278000,278848000,556710000,None,None,None,None,None,None,None,1.668,9.82,9.86,None,None,None,None,None,-15407000000,None,0.322,None,961749000,2025-10-28,quarterly,3.0917,USD,post-market,599510000,2055868000,0.163,0.354,0.159,31.71,386532000,None,528936000,4157073000,215.44,292.46,32.691,10271813000,9001071000,745384000,852856000,1270742000,107472000,6138560000,9418957000,31.06,None,328.46,142.27
2025-12-28,GOOG,10.14,385476002000.0,31.06,None,1.07,32.03,7276000000,None,3877174000,3877174000,-18097000000,-833000000,4423000000,None,None,None,None,-97000000,293000,11674955330,None,2577088000,2577088000,115575000,None,None,687976000,None,None,293812000,4046000000,1.02,0.0032,None,None,None,0.353,0.7617,2142453000,2436265000,2.33,2022-09-30,28.25,None,228095001000.0,3561472000,2141677000,676280000,277683000,277683000,None,776000,None,None,None,None,None,None,None,13910000000,None,None,None,0.305,23353000000,1544194000,2017278000,278848000,556710000,None,None,None,None,None,None,None,1.668,9.82,9.86,None,None,None,None,None,-15392000000,None,0.322,None,961749000,2025-10-28,quarterly,3.0917,USD,post-market,599510000,2055868000,0.163,0.354,0.159,31.71,386532000,None,528936000,4157073000,215.44,292.46,32.691,10271813000,9001071000,745384000,852856000,1270742000,107472000,6138560000,9418957000,31.06,None,328.46,142.27
2025-12-28,GOOG,10.14,385476002000.0,31.06,None,1.07,32.03,6828000000,None,3877174000,3877174000,-17817000000,-4187000000,-2582000000,None,None,None,None,-1969000000,293000,11674955330,None,2577088000,2577088000,115575000,None,None,687976000,None,None,293812000,3899000000,1.02,0.0032,None,None,None,0.353,0.7617,2142453000,2436265000,2.33,2022-06-30,28.25,None,228095001000.0,3561472000,2141677000,676280000,277683000,277683000,None,776000,None,None,None,None,None,None,None,16002000000,None,None,None,0.305,19422000000,1544194000,2017278000,278848000,556710000,None,None,None,None,None,None,None,1.668,9.82,9.86,None,None,None,None,None,-15197000000,None,0.322,None,961749000,2025-10-28,quarterly,3.0917,USD,post-market,599510000,2055868000,0.163,0.354,0.159,31.71,386532000,None,528936000,4157073000,215.44,292.46,32.691,10271813000,9001071000,745384000,852856000,1270742000,107472000,6138560000,9418957000,31.06,None,328.46,142.27
2025-12-28,GOOG,10.14,385476002000.0,31.06,None,1.07,32.03,9786000000,None,3877174000,3877174000,-16214000000,-9051000000,-159000000,None,None,None,None,4364000000,293000,11674955330,None,2577088000,2577088000,115575000,None,None,687976000,None,None,293812000,3782000000,1.02,0.0032,None,None,None,0.353,0.7617,2142453000,2436265000,2.33,2022-03-31,28.25,None,228095001000.0,3561472000,2141677000,676280000,277683000,277683000,None,776000,None,None,None,None,None,None,None,16436000000,None,None,None,0.305,25106000000,1544194000,2017278000,278848000,556710000,None,None,None,None,None,None,None,1.668,9.82,9.86,None,None,None,None,None,-13300000000,None,0.322,None,961749000,2025-10-28,quarterly,3.0917,USD,post-market,599510000,2055868000,0.163,0.354,0.159,31.71,386532000,None,528936000,4157073000,215.44,292.46,32.691,10271813000,9001071000,745384000,852856000,1270742000,107472000,6138560000,9418957000,31.06,None,328.46,142.27
2025-12-28,GOOG,10.14,385476002000.0,31.06,None,1.07,32.03,6383000000,None,3877174000,3877174000,-16511000000,-11016000000,-2593000000,None,5438000000,None,None,-5819000000,293000,11674955330,None,2577088000,2577088000,115575000,None,None,687976000,None,None,293812000,3439000000,1.02,0.0032,None,None,None,0.353,0.7617,2142453000,2436265000,2.33,2021-12-31,28.25,None,228095001000.0,3561472000,2141677000,676280000,277683000,277683000,None,776000,None,None,None,None,None,None,None,20642000000,None,None,None,0.305,24934000000,1544194000,2017278000,278848000,556710000,None,None,None,None,None,None,None,1.668,9.82,9.86,None,None,None,None,None,-13473000000,None,0.322,None,961749000,2025-10-28,quarterly,3.0917,USD,post-market,599510000,2055868000,0.163,0.354,0.159,31.71,386532000,None,528936000,4157073000,215.44,292.46,32.691,10271813000,9001071000,745384000,852856000,1270742000,107472000,6138560000,9418957000,31.06,None,328.46,142.27
2025-12-28,GOOG,10.14,385476002000.0,31.06,None,1.07,32.03,6819000000,None,3877174000,3877174000,-15254000000,-10050000000,235000000,None,1664000000,None,None,-2409000000,293000,11674955330,None,2577088000,2577088000,115575000,None,None,687976000,None,None,293812000,3304000000,1.02,0.0032,None,None,None,0.353,0.7617,2142453000,2436265000,2.33,2021-09-30,28.25,None,228095001000.0,3561472000,2141677000,676280000,277683000,277683000,None,776000,None,None,None,None,None,None,None,18936000000,None,None,None,0.305,25539000000,1544194000,2017278000,278848000,556710000,None,None,None,None,None,None,None,1.668,9.82,9.86,None,None,None,None,None,-12610000000,None,0.322,None,961749000,2025-10-28,quarterly,3.0917,USD,post-market,599510000,2055868000,0.163,0.354,0.159,31.71,386532000,None,528936000,4157073000,215.44,292.46,32.691,10271813000,9001071000,745384000,852856000,1270742000,107472000,6138560000,9418957000,31.06,None,328.46,142.27
2025-12-28,GOOG,10.14,385476002000.0,31.06,None,1.07,32.03,5496000000,None,3877174000,3877174000,-15991000000,-9074000000,-3175000000,None,4005000000,None,None,-3661000000,293000,11674955330,None,2577088000,2577088000,115575000,None,None,687976000,None,None,293812000,2945000000,1.02,0.0032,None,None,None,0.353,0.7617,2142453000,2436265000,2.33,2021-06-30,28.25,None,228095001000.0,3561472000,2141677000,676280000,277683000,277683000,None,776000,None,None,None,None,None,None,None,18525000000,None,None,None,0.305,21890000000,1544194000,2017278000,278848000,556710000,None,None,None,None,None,None,None,1.668,9.82,9.86,None,None,None,None,None,-12796000000,None,0.322,None,961749000,2025-10-28,quarterly,3.0917,USD,post-market,599510000,2055868000,0.163,0.354,0.159,31.71,386532000,None,528936000,4157073000,215.44,292.46,32.691,10271813000,9001071000,745384000,852856000,1270742000,107472000,6138560000,9418957000,31.06,None,328.46,142.27
2025-12-28,GOOG,10.14,385476002000.0,31.06,None,1.07,32.03,5942000000,None,3877174000,3877174000,-13606000000,-5383000000,300000000,None,-3967000000,None,None,2794000000,293000,11674955330,None,2577088000,2577088000,115575000,None,None,687976000,None,None,293812000,2753000000,1.02,0.0032,None,None,None,0.353,0.7617,2142453000,2436265000,2.33,2021-03-31,28.25,None,228095001000.0,3561472000,2141677000,676280000,277683000,277683000,None,776000,None,None,None,None,None,None,None,17930000000,None,None,None,0.305,19289000000,1544194000,2017278000,278848000,556710000,None,None,None,None,None,None,None,1.668,9.82,9.86,None,None,None,None,None,-11395000000,None,0.322,None,961749000,2025-10-28,quarterly,3.0917,USD,post-market,599510000,2055868000,0.163,0.354,0.159,31.71,386532000,None,528936000,4157073000,215.44,292.46,32.691,10271813000,9001071000,745384000,852856000,1270742000,107472000,6138560000,9418957000,31.06,None,328.46,142.27
2025-12-28,GOOG,10.14,385476002000.0,31.06,None,1.07,32.03,5479000000,None,3877174000,3877174000,-9270000000,-7281000000,6126000000,None,5237000000,None,None,-5445000000,293000,11674955330,None,2577088000,2577088000,115575000,None,None,687976000,None,None,293812000,3725000000,1.02,0.0032,None,None,None,0.353,0.7617,2142453000,2436265000,2.33,2020-12-31,28.25,None,228095001000.0,3561472000,2141677000,676280000,277683000,277683000,None,776000,None,None,None,None,None,None,None,15227000000,None,None,None,0.305,22677000000,1544194000,2017278000,278848000,556710000,None,None,None,None,None,None,None,1.668,9.82,9.86,None,None,None,None,None,-7904000000,None,0.322,None,961749000,2025-10-28,quarterly,3.0917,USD,post-market,599510000,2055868000,0.163,0.354,0.159,31.71,386532000,None,528936000,4157073000,215.44,292.46,32.691,10271813000,9001071000,745384000,852856000,1270742000,107472000,6138560000,9418957000,31.06,None,328.46,142.27
2025-12-28,GOOG,10.14,385476002000.0,31.06,None,1.07,32.03,5406000000,None,3877174000,3877174000,546000000,-15197000000,2352000000,None,3726000000,None,None,-3601000000,293000,11674955330,None,2577088000,2577088000,115575000,None,None,687976000,None,None,293812000,3478000000,1.02,0.0032,None,None,None,0.353,0.7617,2142453000,2436265000,2.33,2020-09-30,28.25,None,228095001000.0,3561472000,2141677000,676280000,277683000,277683000,None,776000,None,None,None,None,None,None,None,11247000000,None,None,None,0.305,17003000000,1544194000,2017278000,278848000,556710000,None,None,None,None,None,None,None,1.668,9.82,9.86,None,None,None,None,None,-7897000000,None,0.322,None,961749000,2025-10-28,quarterly,3.0917,USD,post-market,599510000,2055868000,0.163,0.354,0.159,31.71,386532000,None,528936000,4157073000,215.44,292.46,32.691,10271813000,9001071000,745384000,852856000,1270742000,107472000,6138560000,9418957000,31.06,None,328.46,142.27
2025-12-28,GOOG,10.14,385476002000.0,31.06,None,1.07,32.03,5391000000,None,3877174000,3877174000,-7498000000,-8448000000,-1953000000,None,1367000000,None,None,-80000000,293000,11674955330,None,2577088000,2577088000,115575000,None,None,687976000,None,None,293812000,3386000000,1.02,0.0032,None,None,None,0.353,0.7617,2142453000,2436265000,2.33,2020-06-30,28.25,None,228095001000.0,3561472000,2141677000,676280000,277683000,277683000,None,776000,None,None,None,None,None,None,None,6959000000,None,None,None,0.305,13993000000,1544194000,2017278000,278848000,556710000,None,None,None,None,None,None,None,1.668,9.82,9.86,None,None,None,None,None,-6852000000,None,0.322,None,961749000,2025-10-28,quarterly,3.0917,USD,post-market,599510000,2055868000,0.163,0.354,0.159,31.71,386532000,None,528936000,4157073000,215.44,292.46,32.691,10271813000,9001071000,745384000,852856000,1270742000,107472000,6138560000,9418957000,31.06,None,328.46,142.27
2025-12-28,GOOG,10.14,385476002000.0,31.06,None,1.07,32.03,6005000000,None,3877174000,3877174000,-8186000000,-1847000000,1418000000,None,-4517000000,None,None,2602000000,293000,11674955330,None,2577088000,2577088000,115575000,None,None,687976000,None,None,293812000,3108000000,1.02,0.0032,None,None,None,0.353,0.7617,2142453000,2436265000,2.33,2020-03-31,28.25,None,228095001000.0,3561472000,2141677000,676280000,277683000,277683000,None,776000,None,None,None,None,None,None,None,6836000000,None,None,None,0.305,11451000000,1544194000,2017278000,278848000,556710000,None,None,None,None,None,None,None,1.668,9.82,9.86,None,None,None,None,None,-8496000000,None,0.322,None,961749000,2025-10-28,quarterly,3.0917,USD,post-market,599510000,2055868000,0.163,0.354,0.159,31.71,386532000,None,528936000,4157073000,215.44,292.46,32.691,10271813000,9001071000,745384000,852856000,1270742000,107472000,6138560000,9418957000,31.06,None,328.46,142.27
2025-12-28,GOOG,10.14,385476002000.0,31.06,None,1.07,32.03,6052000000,None,3877174000,3877174000,-7326000000,-4703000000,2398000000,None,5481000000,None,None,-4365000000,293000,11674955330,None,2577088000,2577088000,115575000,None,None,687976000,None,None,293812000,3413000000,1.02,0.0032,1015000000,1015000000,None,0.353,0.7617,2142453000,2436265000,2.33,2019-12-31,28.25,None,228095001000.0,3561472000,2141677000,676280000,277683000,277683000,None,776000,None,None,None,None,None,None,None,10671000000,None,None,None,0.305,14427000000,1544194000,2017278000,278848000,556710000,None,None,None,None,None,None,None,1.668,9.82,9.86,None,None,None,None,None,-6098000000,None,0.322,None,961749000,2025-10-28,quarterly,3.0917,USD,post-market,599510000,2055868000,0.163,0.354,0.159,31.71,386532000,None,528936000,4157073000,215.44,292.46,32.691,10271813000,9001071000,745384000,852856000,1270742000,107472000,6138560000,9418957000,31.06,None,328.46,142.27
2025-12-28,GOOG,10.14,385476002000.0,31.06,None,1.07,32.03,6732000000,None,3877174000,3877174000,-6954000000,-8945000000,-433000000,None,1503000000,None,None,-1000000,293000,11674955330,None,2577088000,2577088000,115575000,None,None,687976000,None,None,293812000,2920000000,1.02,0.0032,None,None,None,0.353,0.7617,2142453000,2436265000,2.33,2019-09-30,28.25,None,228095001000.0,3561472000,2141677000,676280000,277683000,277683000,None,776000,None,None,None,None,None,None,None,7068000000,None,None,None,0.305,15466000000,1544194000,2017278000,278848000,556710000,None,None,None,None,None,None,None,1.668,9.82,9.86,None,None,None,None,None,-5696000000,None,0.322,None,961749000,2025-10-28,quarterly,3.0917,USD,post-market,599510000,2055868000,0.163,0.354,0.159,31.71,386532000,None,528936000,4157073000,215.44,292.46,32.691,10271813000,9001071000,745384000,852856000,1270742000,107472000,6138560000,9418957000,31.06,None,328.46,142.27
2025-12-28,GOOG,10.14,385476002000.0,31.06,None,1.07,32.03,6126000000,None,3877174000,3877174000,-4746000000,-10455000000,-2592000000,None,1479000000,None,None,-1146000000,293000,11674955330,None,2577088000,2577088000,115575000,None,None,687976000,None,None,293812000,2835000000,1.02,0.0032,None,None,None,0.353,0.7617,2142453000,2436265000,2.33,2019-06-30,28.25,None,228095001000.0,3561472000,2141677000,676280000,277683000,277683000,None,776000,None,None,None,None,None,None,None,9947000000,None,None,None,0.305,12627000000,1544194000,2017278000,278848000,556710000,None,None,None,None,None,None,None,1.668,9.82,9.86,None,None,None,None,None,-3577000000,None,0.322,None,961749000,2025-10-28,quarterly,3.0917,USD,post-market,599510000,2055868000,0.163,0.354,0.159,31.71,386532000,None,528936000,4157073000,215.44,292.46,32.691,10271813000,9001071000,745384000,852856000,1270742000,107472000,6138560000,9418957000,31.06,None,328.46,142.27
2025-12-28,GOOG,10.14,385476002000.0,31.06,None,1.07,32.03,4638000000,None,3877174000,3877174000,-4183000000,-5388000000,2447000000,18000000,-641000000,None,None,1172000000,293000,11674955330,None,2577088000,2577088000,115575000,None,None,687976000,None,None,293812000,2613000000,1.02,0.0032,None,None,None,0.353,0.7617,2142453000,2436265000,2.33,2019-03-31,28.25,None,228095001000.0,3561472000,2141677000,676280000,277683000,277683000,None,776000,None,None,None,None,None,None,None,6657000000,None,None,None,0.305,12000000000,1544194000,2017278000,278848000,556710000,None,None,None,None,None,None,None,1.668,9.82,9.86,None,None,None,None,None,-3025000000,None,0.322,None,961749000,2025-10-28,quarterly,3.0917,USD,post-market,599510000,2055868000,0.163,0.354,0.159,31.71,386532000,None,528936000,4157073000,215.44,292.46,32.691,10271813000,9001071000,745384000,852856000,1270742000,107472000,6138560000,9418957000,31.06,None,328.46,142.27
2025-12-28,GOOG,10.14,385476002000.0,31.06,None,1.07,32.03,7081000000,None,3877174000,3877174000,-2746000000,-6876000000,3258000000,-107000000,2869000000,None,None,-2887000000,293000,11674955330,None,2577088000,2577088000,115575000,None,None,687976000,None,None,293812000,2580000000,1.02,0.0032,None,None,None,0.353,0.7617,2142453000,2436265000,2.33,2018-12-31,28.25,None,228095001000.0,3561472000,2141677000,676280000,277683000,277683000,None,776000,None,None,None,None,None,None,None,8948000000,None,None,None,0.305,12987000000,1544194000,2017278000,278848000,556710000,None,None,None,None,None,None,None,1.668,9.82,9.86,None,None,None,None,None,-2650000000,None,0.322,None,961749000,2025-10-28,quarterly,3.0917,USD,post-market,599510000,2055868000,0.163,0.354,0.159,31.71,386532000,None,528936000,4157073000,215.44,292.46,32.691,10271813000,9001071000,745384000,852856000,1270742000,107472000,6138560000,9418957000,31.06,None,328.46,142.27
2025-12-28,GOOG,10.14,385476002000.0,31.06,None,1.07,32.03,5282000000,None,3877174000,3877174000,-3478000000,-10408000000,-705000000,-29000000,1480000000,None,None,-670000000,293000,11674955330,None,2577088000,2577088000,115575000,None,None,687976000,None,None,293812000,2355000000,1.02,0.0032,0,0,None,0.353,0.7617,2142453000,2436265000,2.33,2018-09-30,28.25,None,228095001000.0,3561472000,2141677000,676280000,277683000,277683000,None,776000,None,None,None,None,None,None,None,9192000000,None,None,None,0.305,13210000000,1544194000,2017278000,278848000,556710000,None,None,None,None,None,None,None,1.668,9.82,9.86,None,None,None,None,None,-2200000000,None,0.322,None,961749000,2025-10-28,quarterly,3.0917,USD,post-market,599510000,2055868000,0.163,0.354,0.159,31.71,386532000,None,528936000,4157073000,215.44,292.46,32.691,10271813000,9001071000,745384000,852856000,1270742000,107472000,6138560000,9418957000,31.06,None,328.46,142.27
2025-12-28,GOOG,10.14,385476002000.0,31.06,None,1.07,32.03,5477000000,None,3877174000,3877174000,-4937000000,-3374000000,1490000000,-331000000,5210000000,None,None,-312000000,293000,11674955330,None,2577088000,2577088000,115575000,None,None,687976000,None,None,293812000,2114000000,1.02,0.0032,0,0,None,0.353,0.7617,2142453000,2436265000,2.33,2018-06-30,28.25,None,228095001000.0,3561472000,2141677000,676280000,277683000,277683000,None,776000,None,None,None,None,None,None,None,3195000000,None,None,None,0.305,10132000000,1544194000,2017278000,278848000,556710000,None,None,None,None,None,None,None,1.668,9.82,9.86,None,None,None,None,None,-2052000000,None,0.322,None,961749000,2025-10-28,quarterly,3.0917,USD,post-market,599510000,2055868000,0.163,0.354,0.159,31.71,386532000,None,528936000,4157073000,215.44,292.46,32.691,10271813000,9001071000,745384000,852856000,1270742000,107472000,6138560000,9418957000,31.06,None,328.46,142.27
2025-12-28,GOOG,10.14,385476002000.0,31.06,None,1.07,32.03,7299000000,None,3877174000,3877174000,-2018000000,-7846000000,1943000000,165000000,-1669000000,None,None,1700000000,293000,11674955330,None,2577088000,2577088000,115575000,None,None,687976000,None,None,293812000,1986000000,1.02,0.0032,0,0,None,0.353,0.7617,2142453000,2436265000,2.33,2018-03-31,28.25,None,228095001000.0,3561472000,2141677000,676280000,277683000,277683000,None,776000,None,None,None,None,None,None,None,9401000000,None,None,None,0.305,11642000000,1544194000,2017278000,278848000,556710000,None,None,None,None,None,None,None,1.668,9.82,9.86,None,None,None,None,None,-2173000000,None,0.322,None,961749000,2025-10-28,quarterly,3.0917,USD,post-market,599510000,2055868000,0.163,0.354,0.159,31.71,386532000,None,528936000,4157073000,215.44,292.46,32.691,10271813000,9001071000,745384000,852856000,1270742000,107472000,6138560000,9418957000,31.06,None,328.46,142.27
2025-12-28,GOOG,10.14,385476002000.0,31.06,None,1.07,32.03,4307000000,None,3877174000,3877174000,-3178000000,-6974000000,134000000,18000000,2465000000,None,None,-3049000000,293000,11674955330,None,2577088000,2577088000,115575000,None,None,687976000,None,None,293812000,2026000000,1.02,0.0032,800000000,800000000,None,0.353,0.7617,2142453000,2436265000,2.33,2017-12-31,28.25,None,228095001000.0,3561472000,2141677000,676280000,277683000,277683000,None,776000,None,None,None,None,None,None,None,-3020000000,None,None,None,0.305,10268000000,1544194000,2017278000,278848000,556710000,None,None,None,None,None,None,None,1.668,9.82,9.86,None,None,None,None,None,-2101000000,None,0.322,None,961749000,2025-10-28,quarterly,3.0917,USD,post-market,599510000,2055868000,0.163,0.354,0.159,31.71,386532000,None,528936000,4157073000,215.44,292.46,32.691,10271813000,9001071000,745384000,852856000,1270742000,107472000,6138560000,9418957000,31.06,None,328.46,142.27
2025-12-28,GOOG,10.14,385476002000.0,31.06,None,1.07,32.03,3538000000,None,3877174000,3877174000,-706000000,-14404000000,-5130000000,108000000,-22000000,None,None,-1150000000,293000,11674955330,None,2577088000,2577088000,115575000,None,None,687976000,None,None,293812000,1761000000,1.02,0.0032,0,0,None,0.353,0.7617,2142453000,2436265000,2.33,2017-09-30,28.25,None,228095001000.0,3561472000,2141677000,676280000,277683000,277683000,None,776000,None,None,None,None,None,None,None,6732000000,None,None,None,0.305,9872000000,1544194000,2017278000,278848000,556710000,None,None,None,None,None,None,None,1.668,9.82,9.86,None,None,None,None,None,320000000,None,0.322,None,961749000,2025-10-28,quarterly,3.0917,USD,post-market,599510000,2055868000,0.163,0.354,0.159,31.71,386532000,None,528936000,4157073000,215.44,292.46,32.691,10271813000,9001071000,745384000,852856000,1270742000,107472000,6138560000,9418957000,31.06,None,328.46,142.27
2025-12-28,GOOG,10.14,385476002000.0,31.06,None,1.07,32.03,2831000000,None,3877174000,3877174000,-2740000000,-7172000000,-2421000000,88000000,3309000000,None,None,-836000000,293000,11674955330,None,2577088000,2577088000,115575000,None,None,687976000,None,None,293812000,1625000000,1.02,0.0032,0,0,None,0.353,0.7617,2142453000,2436265000,2.33,2017-06-30,28.25,None,228095001000.0,3561472000,2141677000,676280000,277683000,277683000,None,776000,None,None,None,None,None,None,None,3524000000,None,None,None,0.305,7403000000,1544194000,2017278000,278848000,556710000,None,None,None,None,None,None,None,1.668,9.82,9.86,None,None,None,None,None,-1618000000,None,0.322,None,961749000,2025-10-28,quarterly,3.0917,USD,post-market,599510000,2055868000,0.163,0.354,0.159,31.71,386532000,None,528936000,4157073000,215.44,292.46,32.691,10271813000,9001071000,745384000,852856000,1270742000,107472000,6138560000,9418957000,31.06,None,328.46,142.27
2025-12-28,GOOG,10.14,385476002000.0,31.06,None,1.07,32.03,2508000000,None,3877174000,3877174000,-1674000000,-2851000000,5214000000,191000000,-2070000000,None,None,1267000000,293000,11674955330,None,2577088000,2577088000,115575000,None,None,687976000,None,None,293812000,1503000000,1.02,0.0032,0,0,None,0.353,0.7617,2142453000,2436265000,2.33,2017-03-31,28.25,None,228095001000.0,3561472000,2141677000,676280000,277683000,277683000,None,776000,None,None,None,None,None,None,None,5426000000,None,None,None,0.305,9548000000,1544194000,2017278000,278848000,556710000,None,None,None,None,None,None,None,1.668,9.82,9.86,None,None,None,None,None,-1127000000,None,0.322,None,961749000,2025-10-28,quarterly,3.0917,USD,post-market,599510000,2055868000,0.163,0.354,0.159,31.71,386532000,None,528936000,4157073000,215.44,292.46,32.691,10271813000,9001071000,745384000,852856000,1270742000,107472000,6138560000,9418957000,31.06,None,328.46,142.27
2025-12-28,GOOG,10.14,385476002000.0,31.06,None,1.07,32.03,3078000000,None,3877174000,3877174000,-892000000,-4702000000,3512000000,-307000000,1830000000,None,None,-2279000000,293000,11674955330,None,2577088000,2577088000,115575000,None,None,687976000,None,None,293812000,1687000000,1.02,0.0032,0,0,None,0.353,0.7617,2142453000,2436265000,2.33,2016-12-31,28.25,None,228095001000.0,3561472000,2141677000,676280000,277683000,277683000,None,776000,None,None,None,None,None,None,None,5333000000,None,None,None,0.305,9413000000,1544194000,2017278000,278848000,556710000,None,None,None,None,None,None,None,1.668,9.82,9.86,None,None,None,None,None,3693000000,None,0.322,None,961749000,2025-10-28,quarterly,3.0917,USD,post-market,599510000,2055868000,0.163,0.354,0.159,31.71,386532000,None,528936000,4157073000,215.44,292.46,32.691,10271813000,9001071000,745384000,852856000,1270742000,107472000,6138560000,9418957000,31.06,None,328.46,142.27
2025-12-28,GOOG,10.14,385476002000.0,31.06,None,1.07,32.03,2554000000,None,3877174000,3877174000,-1089000000,-13045000000,-4221000000,68000000,948000000,None,None,-282000000,293000,11674955330,None,2577088000,2577088000,115575000,None,None,687976000,None,None,293812000,1596000000,1.02,0.0032,0,0,None,0.353,0.7617,2142453000,2436265000,2.33,2016-09-30,28.25,None,228095001000.0,3561472000,2141677000,676280000,277683000,277683000,None,776000,None,None,None,None,None,None,None,5061000000,None,None,None,0.305,9845000000,1544194000,2017278000,278848000,556710000,None,None,None,None,None,None,None,1.668,9.82,9.86,None,None,None,None,None,0,None,0.322,None,961749000,2025-10-28,quarterly,3.0917,USD,post-market,599510000,2055868000,0.163,0.354,0.159,31.71,386532000,None,528936000,4157073000,215.44,292.46,32.691,10271813000,9001071000,745384000,852856000,1270742000,107472000,6138560000,9418957000,31.06,None,328.46,142.27
2025-12-28,GOOG,10.14,385476002000.0,31.06,None,1.07,32.03,2123000000,None,3877174000,3877174000,-3440000000,-7173000000,-1484000000,9000000,652000000,None,None,-835000000,293000,11674955330,None,2577088000,2577088000,115575000,None,None,687976000,None,None,293812000,1490000000,1.02,0.0032,0,0,None,0.353,0.7617,2142453000,2436265000,2.33,2016-06-30,28.25,None,228095001000.0,3561472000,2141677000,676280000,277683000,277683000,None,776000,None,None,None,None,None,None,None,4877000000,None,None,None,0.305,9120000000,1544194000,2017278000,278848000,556710000,None,None,None,None,None,None,None,1.668,9.82,9.86,None,None,None,None,None,-1595000000,None,0.322,None,961749000,2025-10-28,quarterly,3.0917,USD,post-market,599510000,2055868000,0.163,0.354,0.159,31.71,386532000,None,528936000,4157073000,215.44,292.46,32.691,10271813000,9001071000,745384000,852856000,1270742000,107472000,6138560000,9418957000,31.06,None,328.46,142.27
2025-12-28,GOOG,10.14,385476002000.0,31.06,None,1.07,32.03,2428000000,None,3877174000,3877174000,-2911000000,-6245000000,-1438000000,60000000,-1010000000,None,None,818000000,293000,11674955330,None,2577088000,2577088000,115575000,None,None,687976000,None,None,293812000,1371000000,1.02,0.0032,0,0,None,0.353,0.7617,2142453000,2436265000,2.33,2016-03-31,28.25,None,228095001000.0,3561472000,2141677000,676280000,277683000,277683000,None,776000,None,None,None,None,None,None,None,4207000000,None,None,None,0.305,7658000000,1544194000,2017278000,278848000,556710000,None,None,None,None,None,None,None,1.668,9.82,9.86,None,None,None,None,None,-2098000000,None,0.322,None,961749000,2025-10-28,quarterly,3.0917,USD,post-market,599510000,2055868000,0.163,0.354,0.159,31.71,386532000,None,528936000,4157073000,215.44,292.46,32.691,10271813000,9001071000,745384000,852856000,1270742000,107472000,6138560000,9418957000,31.06,None,328.46,142.27
2025-12-28,GOOG,10.14,385476002000.0,31.06,None,1.07,32.03,2100000000,None,3877174000,3877174000,-2365000000,-5487000000,None,None,663000000,None,None,None,293000,11674955330,None,2577088000,2577088000,115575000,None,None,687976000,None,None,293812000,1404000000,1.02,0.0032,0,0,None,0.353,0.7617,2142453000,2436265000,2.33,2015-12-31,28.25,None,228095001000.0,3561472000,2141677000,676280000,277683000,277683000,None,776000,None,None,None,None,None,None,None,4923000000,None,None,None,0.305,6415000000,1544194000,2017278000,278848000,556710000,None,None,None,None,None,None,None,1.668,9.82,9.86,None,None,None,None,None,-1780000000,None,0.322,None,961749000,2025-10-28,quarterly,3.0917,USD,post-market,599510000,2055868000,0.163,0.354,0.159,31.71,386532000,None,528936000,4157073000,215.44,292.46,32.691,10271813000,9001071000,745384000,852856000,1270742000,107472000,6138560000,9418957000,31.06,None,328.46,142.27
2025-12-28,GOOG,10.14,385476002000.0,31.06,None,1.07,32.03,2373000000,None,3877174000,3877174000,-471000000,-5817000000,None,None,777000000,None,None,None,293000,11674955330,None,2577088000,2577088000,115575000,None,None,687976000,None,None,293812000,1248000000,1.02,0.0032,0,0,None,0.353,0.7617,2142453000,2436265000,2.33,2015-09-30,28.25,None,228095001000.0,3561472000,2141677000,676280000,277683000,277683000,None,776000,None,None,None,None,None,None,None,3979000000,None,None,None,0.305,6007000000,1544194000,2017278000,278848000,556710000,None,None,None,None,None,None,None,1.668,9.82,9.86,None,None,None,None,None,-18068000000,None,0.322,None,961749000,2025-10-28,quarterly,3.0917,USD,post-market,599510000,2055868000,0.163,0.354,0.159,31.71,386532000,None,528936000,4157073000,215.44,292.46,32.691,10271813000,9001071000,745384000,852856000,1270742000,107472000,6138560000,9418957000,31.06,None,328.46,142.27
2025-12-28,GOOG,10.14,385476002000.0,31.06,None,1.07,32.03,2515000000,None,3877174000,3877174000,-450000000,-5103000000,None,None,941000000,None,None,None,293000,11674955330,None,2577088000,2577088000,115575000,None,None,687976000,None,None,293812000,1234000000,1.02,0.0032,None,None,None,0.353,0.7617,2142453000,2436265000,2.33,2015-06-30,28.25,None,228095001000.0,3561472000,2141677000,676280000,277683000,277683000,None,776000,None,None,None,None,None,None,None,3931000000,None,None,None,0.305,6985000000,1544194000,2017278000,278848000,556710000,None,None,None,None,None,None,None,1.668,9.82,9.86,None,None,None,None,None,None,None,0.322,None,961749000,2025-10-28,quarterly,3.0917,USD,post-market,599510000,2055868000,0.163,0.354,0.159,31.71,386532000,None,528936000,4157073000,215.44,292.46,32.691,10271813000,9001071000,745384000,852856000,1270742000,107472000,6138560000,9418957000,31.06,None,328.46,142.27
2025-12-28,GOOG,10.14,385476002000.0,31.06,None,1.07,32.03,2927000000,None,3877174000,3877174000,-391000000,-7304000000,None,None,-763000000,None,None,None,293000,11674955330,None,2577088000,2577088000,115575000,None,None,687976000,None,None,293812000,1177000000,1.02,0.0032,None,None,None,0.353,0.7617,2142453000,2436265000,2.33,2015-03-31,28.25,None,228095001000.0,3561472000,2141677000,676280000,277683000,277683000,None,776000,None,None,None,None,None,None,None,3586000000,None,None,None,0.305,6617000000,1544194000,2017278000,278848000,556710000,None,None,None,None,None,None,None,1.668,9.82,9.86,None,None,None,None,None,None,None,0.322,None,961749000,2025-10-28,quarterly,3.0917,USD,post-market,599510000,2055868000,0.163,0.354,0.159,31.71,386532000,None,528936000,4157073000,215.44,292.46,32.691,10271813000,9001071000,745384000,852856000,1270742000,107472000,6138560000,9418957000,31.06,None,328.46,142.27
2025-12-28,GOOG,10.14,385476002000.0,31.06,None,1.07,32.03,3551000000,None,3877174000,3877174000,-344000000,-3241000000,None,None,503000000,None,None,None,293000,11674955330,None,2577088000,2577088000,115575000,None,None,687976000,None,None,293812000,1267000000,1.02,0.0032,None,None,None,0.353,0.7617,2142453000,2436265000,2.33,2014-12-31,28.25,None,228095001000.0,3561472000,2141677000,676280000,277683000,277683000,None,776000,None,None,None,None,None,None,None,4757000000,None,None,None,0.305,6364000000,1544194000,2017278000,278848000,556710000,None,None,None,None,None,None,None,1.668,9.82,9.86,None,None,None,None,None,None,None,0.322,None,961749000,2025-10-28,quarterly,3.0917,USD,post-market,599510000,2055868000,0.163,0.354,0.159,31.71,386532000,None,528936000,4157073000,215.44,292.46,32.691,10271813000,9001071000,745384000,852856000,1270742000,107472000,6138560000,9418957000,31.06,None,328.46,142.27
2025-12-28,GOOG,10.14,385476002000.0,31.06,None,1.07,32.03,2417000000,None,3877174000,3877174000,-455000000,-9327000000,None,None,26000000,None,None,None,293000,11674955330,None,2577088000,2577088000,115575000,None,None,687976000,None,None,293812000,1547000000,1.02,0.0032,None,None,None,0.353,0.7617,2142453000,2436265000,2.33,2014-09-30,28.25,None,228095001000.0,3561472000,2141677000,676280000,277683000,277683000,None,776000,None,None,None,None,None,None,None,2813000000,None,None,None,0.305,5994000000,1544194000,2017278000,278848000,556710000,None,None,None,None,None,None,None,1.668,9.82,9.86,None,None,None,None,None,None,None,0.322,None,961749000,2025-10-28,quarterly,3.0917,USD,post-market,599510000,2055868000,0.163,0.354,0.159,31.71,386532000,None,528936000,4157073000,215.44,292.46,32.691,10271813000,9001071000,745384000,852856000,1270742000,107472000,6138560000,9418957000,31.06,None,328.46,142.27
2025-12-28,GOOG,10.14,385476002000.0,31.06,None,1.07,32.03,2646000000,None,3877174000,3877174000,-1462000000,-1180000000,None,None,-6000000,None,None,None,293000,11674955330,None,2577088000,2577088000,115575000,None,None,687976000,None,None,293812000,1079000000,1.02,0.0032,None,None,None,0.353,0.7617,2142453000,2436265000,2.33,2014-06-30,28.25,None,228095001000.0,3561472000,2141677000,676280000,277683000,277683000,None,776000,None,None,None,None,None,None,None,3422000000,None,None,None,0.305,5627000000,1544194000,2017278000,278848000,556710000,None,None,None,None,None,None,None,1.668,9.82,9.86,None,None,None,None,None,None,None,0.322,None,961749000,2025-10-28,quarterly,3.0917,USD,post-market,599510000,2055868000,0.163,0.354,0.159,31.71,386532000,None,528936000,4157073000,215.44,292.46,32.691,10271813000,9001071000,745384000,852856000,1270742000,107472000,6138560000,9418957000,31.06,None,328.46,142.27
2025-12-28,GOOG,10.14,385476002000.0,31.06,None,1.07,32.03,2345000000,None,3877174000,3877174000,822000000,-7307000000,None,None,26000000,None,None,None,293000,11674955330,None,2577088000,2577088000,115575000,None,None,687976000,None,None,293812000,1086000000,1.02,0.0032,None,None,None,0.353,0.7617,2142453000,2436265000,2.33,2014-03-31,28.25,None,228095001000.0,3561472000,2141677000,676280000,277683000,277683000,None,776000,None,None,None,None,None,None,None,3452000000,None,None,None,0.305,4391000000,1544194000,2017278000,278848000,556710000,None,None,None,None,None,None,None,1.668,9.82,9.86,None,None,None,None,None,None,None,0.322,None,961749000,2025-10-28,quarterly,3.0917,USD,post-market,599510000,2055868000,0.163,0.354,0.159,31.71,386532000,None,528936000,4157073000,215.44,292.46,32.691,10271813000,9001071000,745384000,852856000,1270742000,107472000,6138560000,9418957000,31.06,None,328.46,142.27
2025-12-28,GOOG,10.14,385476002000.0,31.06,None,1.07,32.03,2255000000,None,3877174000,3877174000,32000000,-1617000000,None,None,-188000000,None,None,None,293000,11674955330,None,2577088000,2577088000,115575000,None,None,687976000,None,None,293812000,1036000000,1.02,0.0032,None,None,None,0.353,0.7617,2142453000,2436265000,2.33,2013-12-31,28.25,None,228095001000.0,3561472000,2141677000,676280000,277683000,277683000,None,776000,None,None,None,None,None,None,None,3376000000,None,None,None,0.305,5238000000,1544194000,2017278000,278848000,556710000,None,None,None,None,None,None,None,1.668,9.82,9.86,None,None,None,None,None,None,None,0.322,None,961749000,2025-10-28,quarterly,3.0917,USD,post-market,599510000,2055868000,0.163,0.354,0.159,31.71,386532000,None,528936000,4157073000,215.44,292.46,32.691,10271813000,9001071000,745384000,852856000,1270742000,107472000,6138560000,9418957000,31.06,None,328.46,142.27
2025-12-28,GOOG,10.14,385476002000.0,31.06,None,1.07,32.03,2289000000,None,3877174000,3877174000,-267000000,-5818000000,None,None,112000000,None,None,None,293000,11674955330,None,2577088000,2577088000,115575000,None,None,687976000,None,None,293812000,974000000,1.02,0.0032,None,None,None,0.353,0.7617,2142453000,2436265000,2.33,2013-09-30,28.25,None,228095001000.0,3561472000,2141677000,676280000,277683000,277683000,None,776000,None,None,None,None,None,None,None,2970000000,None,None,None,0.305,5083000000,1544194000,2017278000,278848000,556710000,None,None,None,None,None,None,None,1.668,9.82,9.86,None,None,None,None,None,None,None,0.322,None,961749000,2025-10-28,quarterly,3.0917,USD,post-market,599510000,2055868000,0.163,0.354,0.159,31.71,386532000,None,528936000,4157073000,215.44,292.46,32.691,10271813000,9001071000,745384000,852856000,1270742000,107472000,6138560000,9418957000,31.06,None,328.46,142.27
2025-12-28,GOOG,10.14,385476002000.0,31.06,None,1.07,32.03,1611000000,None,3877174000,3877174000,-105000000,-3803000000,None,None,-16000000,None,None,None,293000,11674955330,None,2577088000,2577088000,115575000,None,None,687976000,None,None,293812000,1030000000,1.02,0.0032,None,None,None,0.353,0.7617,2142453000,2436265000,2.33,2013-06-30,28.25,None,228095001000.0,3561472000,2141677000,676280000,277683000,277683000,None,776000,None,None,None,None,None,None,None,3228000000,None,None,None,0.305,4705000000,1544194000,2017278000,278848000,556710000,None,None,None,None,None,None,None,1.668,9.82,9.86,None,None,None,None,None,None,None,0.322,None,961749000,2025-10-28,quarterly,3.0917,USD,post-market,599510000,2055868000,0.163,0.354,0.159,31.71,386532000,None,528936000,4157073000,215.44,292.46,32.691,10271813000,9001071000,745384000,852856000,1270742000,107472000,6138560000,9418957000,31.06,None,328.46,142.27
2025-12-28,GOOG,10.14,385476002000.0,31.06,None,1.07,32.03,1203000000,None,3877174000,3877174000,-517000000,-2441000000,None,None,-142000000,None,None,None,293000,11674955330,None,2577088000,2577088000,115575000,None,None,687976000,None,None,293812000,899000000,1.02,0.0032,None,None,None,0.353,0.7617,2142453000,2436265000,2.33,2013-03-31,28.25,None,228095001000.0,3561472000,2141677000,676280000,277683000,277683000,None,776000,None,None,None,None,None,None,None,3346000000,None,None,None,0.305,3633000000,1544194000,2017278000,278848000,556710000,None,None,None,None,None,None,None,1.668,9.82,9.86,None,None,None,None,None,None,None,0.322,None,961749000,2025-10-28,quarterly,3.0917,USD,post-market,599510000,2055868000,0.163,0.354,0.159,31.71,386532000,None,528936000,4157073000,215.44,292.46,32.691,10271813000,9001071000,745384000,852856000,1270742000,107472000,6138560000,9418957000,31.06,None,328.46,142.27
2025-12-28,GOOG,10.14,385476002000.0,31.06,None,1.07,32.03,1020000000,None,3877174000,3877174000,-692000000,-5514000000,None,None,113000000,None,None,None,293000,11674955330,None,2577088000,2577088000,115575000,None,None,687976000,None,None,293812000,953000000,1.02,0.0032,None,None,None,0.353,0.7617,2142453000,2436265000,2.33,2012-12-31,28.25,None,228095001000.0,3561472000,2141677000,676280000,277683000,277683000,None,776000,None,None,None,None,None,None,None,2886000000,None,None,None,0.305,4669000000,1544194000,2017278000,278848000,556710000,None,None,None,None,None,None,None,1.668,9.82,9.86,None,None,None,None,None,None,None,0.322,None,961749000,2025-10-28,quarterly,3.0917,USD,post-market,599510000,2055868000,0.163,0.354,0.159,31.71,386532000,None,528936000,4157073000,215.44,292.46,32.691,10271813000,9001071000,745384000,852856000,1270742000,107472000,6138560000,9418957000,31.06,None,328.46,142.27
2025-12-28,GOOG,10.14,385476002000.0,31.06,None,1.07,32.03,872000000,None,3877174000,3877174000,52000000,-3307000000,None,None,18000000,None,None,None,293000,11674955330,None,2577088000,2577088000,115575000,None,None,687976000,None,None,293812000,828000000,1.02,0.0032,None,None,None,0.353,0.7617,2142453000,2436265000,2.33,2012-09-30,28.25,None,228095001000.0,3561472000,2141677000,676280000,277683000,277683000,None,776000,None,None,None,None,None,None,None,2176000000,None,None,None,0.305,4004000000,1544194000,2017278000,278848000,556710000,None,None,None,None,None,None,None,1.668,9.82,9.86,None,None,None,None,None,None,None,0.322,None,961749000,2025-10-28,quarterly,3.0917,USD,post-market,599510000,2055868000,0.163,0.354,0.159,31.71,386532000,None,528936000,4157073000,215.44,292.46,32.691,10271813000,9001071000,745384000,852856000,1270742000,107472000,6138560000,9418957000,31.06,None,328.46,142.27
2025-12-28,GOOG,10.14,385476002000.0,31.06,None,1.07,32.03,774000000,None,3877174000,3877174000,639000000,-12386000000,None,None,202000000,None,None,None,293000,11674955330,None,2577088000,2577088000,115575000,None,None,687976000,None,None,293812000,670000000,1.02,0.0032,None,None,None,0.353,0.7617,2142453000,2436265000,2.33,2012-06-30,28.25,None,228095001000.0,3561472000,2141677000,676280000,277683000,277683000,None,776000,None,None,None,None,None,None,None,2785000000,None,None,None,0.305,4252000000,1544194000,2017278000,278848000,556710000,None,None,None,None,None,None,None,1.668,9.82,9.86,None,None,None,None,None,-137000000,None,0.322,None,961749000,2025-10-28,quarterly,3.0917,USD,post-market,599510000,2055868000,0.163,0.354,0.159,31.71,386532000,None,528936000,4157073000,215.44,292.46,32.691,10271813000,9001071000,745384000,852856000,1270742000,107472000,6138560000,9418957000,31.06,None,328.46,142.27
2025-12-28,GOOG,10.14,385476002000.0,31.06,None,1.07,32.03,607000000,None,3877174000,3877174000,1230000000,8151000000,None,None,-1174000000,None,None,None,293000,11674955330,None,2577088000,2577088000,115575000,None,None,687976000,None,None,293812000,511000000,1.02,0.0032,None,None,None,0.353,0.7617,2142453000,2436265000,2.33,2012-03-31,28.25,None,228095001000.0,3561472000,2141677000,676280000,277683000,277683000,None,776000,None,None,None,None,None,None,None,2890000000,None,None,None,0.305,3694000000,1544194000,2017278000,278848000,556710000,None,None,None,None,None,None,None,1.668,9.82,9.86,None,None,None,None,None,-47000000,None,0.322,None,961749000,2025-10-28,quarterly,3.0917,USD,post-market,599510000,2055868000,0.163,0.354,0.159,31.71,386532000,None,528936000,4157073000,215.44,292.46,32.691,10271813000,9001071000,745384000,852856000,1270742000,107472000,6138560000,9418957000,31.06,None,328.46,142.27
2025-12-28,GOOG,10.14,385476002000.0,31.06,None,1.07,32.03,951000000,None,3877174000,3877174000,40000000,-4559000000,None,None,613000000,None,None,None,293000,11674955330,None,2577088000,2577088000,115575000,None,None,687976000,None,None,293812000,503000000,1.02,0.0032,None,None,None,0.353,0.7617,2142453000,2436265000,2.33,2011-12-31,28.25,None,228095001000.0,3561472000,2141677000,676280000,277683000,277683000,None,776000,None,None,None,None,None,None,None,2705000000,None,None,None,0.305,3924000000,1544194000,2017278000,278848000,556710000,None,None,None,None,None,None,None,1.668,9.82,9.86,None,None,None,None,None,20000000,None,0.322,None,961749000,2025-10-28,quarterly,3.0917,USD,post-market,599510000,2055868000,0.163,0.354,0.159,31.71,386532000,None,528936000,4157073000,215.44,292.46,32.691,10271813000,9001071000,745384000,852856000,1270742000,107472000,6138560000,9418957000,31.06,None,328.46,142.27
2025-12-28,GOOG,10.14,385476002000.0,31.06,None,1.07,32.03,680000000,None,3877174000,3877174000,-80000000,-3447000000,None,None,24000000,None,None,None,293000,11674955330,None,2577088000,2577088000,115575000,None,None,687976000,None,None,293812000,492000000,1.02,0.0032,None,None,None,0.353,0.7617,2142453000,2436265000,2.33,2011-09-30,28.25,None,228095001000.0,3561472000,2141677000,676280000,277683000,277683000,None,776000,None,None,None,None,None,None,None,2729000000,None,None,None,0.305,3950000000,1544194000,2017278000,278848000,556710000,None,None,None,None,None,None,None,1.668,9.82,9.86,None,None,None,None,None,-20000000,None,0.322,None,961749000,2025-10-28,quarterly,3.0917,USD,post-market,599510000,2055868000,0.163,0.354,0.159,31.71,386532000,None,528936000,4157073000,215.44,292.46,32.691,10271813000,9001071000,745384000,852856000,1270742000,107472000,6138560000,9418957000,31.06,None,328.46,142.27
2025-12-28,GOOG,10.14,385476002000.0,31.06,None,1.07,32.03,917000000,None,3877174000,3877174000,958000000,-6614000000,None,None,229000000,None,None,None,293000,11674955330,None,2577088000,2577088000,115575000,None,None,687976000,None,None,293812000,455000000,1.02,0.0032,None,None,None,0.353,0.7617,2142453000,2436265000,2.33,2011-06-30,28.25,None,228095001000.0,3561472000,2141677000,676280000,277683000,277683000,None,776000,None,None,None,None,None,None,None,2505000000,None,None,None,0.305,3519000000,1544194000,2017278000,278848000,556710000,None,None,None,None,None,None,None,1.668,9.82,9.86,None,None,None,None,None,None,None,0.322,None,961749000,2025-10-28,quarterly,3.0917,USD,post-market,599510000,2055868000,0.163,0.354,0.159,31.71,386532000,None,528936000,4157073000,215.44,292.46,32.691,10271813000,9001071000,745384000,852856000,1270742000,107472000,6138560000,9418957000,31.06,None,328.46,142.27
2025-12-28,GOOG,10.14,385476002000.0,31.06,None,1.07,32.03,890000000,None,3877174000,3877174000,-111000000,-4421000000,None,None,-1000000,None,None,None,293000,11674955330,None,2577088000,2577088000,115575000,None,None,687976000,None,None,293812000,401000000,1.02,0.0032,None,None,None,0.353,0.7617,2142453000,2436265000,2.33,2011-03-31,28.25,None,228095001000.0,3561472000,2141677000,676280000,277683000,277683000,None,776000,None,None,None,None,None,None,None,1798000000,None,None,None,0.305,3172000000,1544194000,2017278000,278848000,556710000,None,None,None,None,None,None,None,1.668,9.82,9.86,None,None,None,None,None,None,None,0.322,None,961749000,2025-10-28,quarterly,3.0917,USD,post-market,599510000,2055868000,0.163,0.354,0.159,31.71,386532000,None,528936000,4157073000,215.44,292.46,32.691,10271813000,9001071000,745384000,852856000,1270742000,107472000,6138560000,9418957000,31.06,None,328.46,142.27
2025-12-28,GOOG,10.14,385476002000.0,31.06,None,1.07,32.03,2545000000,None,3877174000,3877174000,1752000000,-2849000000,None,None,515000000,None,None,None,293000,11674955330,None,2577088000,2577088000,115575000,None,None,687976000,None,None,293812000,381000000,1.02,0.0032,None,None,None,0.353,0.7617,2142453000,2436265000,2.33,2010-12-31,28.25,None,228095001000.0,3561472000,2141677000,676280000,277683000,277683000,None,776000,None,None,None,None,None,None,None,2543000000,None,None,None,0.305,3526000000,1544194000,2017278000,278848000,556710000,None,None,None,None,None,None,None,1.668,9.82,9.86,None,None,None,None,None,65000000,None,0.322,None,961749000,2025-10-28,quarterly,3.0917,USD,post-market,599510000,2055868000,0.163,0.354,0.159,31.71,386532000,None,528936000,4157073000,215.44,292.46,32.691,10271813000,9001071000,745384000,852856000,1270742000,107472000,6138560000,9418957000,31.06,None,328.46,142.27
2025-12-28,GOOG,10.14,385476002000.0,31.06,None,1.07,32.03,757000000,None,3877174000,3877174000,2067000000,-4546000000,None,None,262000000,None,None,None,293000,11674955330,None,2577088000,2577088000,115575000,None,None,687976000,None,None,293812000,342000000,1.02,0.0032,None,None,None,0.353,0.7617,2142453000,2436265000,2.33,2010-09-30,28.25,None,228095001000.0,3561472000,2141677000,676280000,277683000,277683000,None,776000,None,None,None,None,None,None,None,2167000000,None,None,None,0.305,2886000000,1544194000,2017278000,278848000,556710000,None,None,None,None,None,None,None,1.668,9.82,9.86,None,None,None,None,None,-65000000,None,0.322,None,961749000,2025-10-28,quarterly,3.0917,USD,post-market,599510000,2055868000,0.163,0.354,0.159,31.71,386532000,None,528936000,4157073000,215.44,292.46,32.691,10271813000,9001071000,745384000,852856000,1270742000,107472000,6138560000,9418957000,31.06,None,328.46,142.27
2025-12-28,GOOG,10.14,385476002000.0,31.06,None,1.07,32.03,476000000,None,3877174000,3877174000,-646000000,139000000,None,None,296000000,None,None,None,293000,11674955330,None,2577088000,2577088000,115575000,None,None,687976000,None,None,293812000,342000000,1.02,0.0032,None,None,None,0.353,0.7617,2142453000,2436265000,2.33,2010-06-30,28.25,None,228095001000.0,3561472000,2141677000,676280000,277683000,277683000,None,776000,None,None,None,None,None,None,None,1840000000,None,None,None,0.305,2085000000,1544194000,2017278000,278848000,556710000,None,None,None,None,None,None,None,1.668,9.82,9.86,None,None,None,None,None,-704000000,None,0.322,None,961749000,2025-10-28,quarterly,3.0917,USD,post-market,599510000,2055868000,0.163,0.354,0.159,31.71,386532000,None,528936000,4157073000,215.44,292.46,32.691,10271813000,9001071000,745384000,852856000,1270742000,107472000,6138560000,9418957000,31.06,None,328.46,142.27
2025-12-28,GOOG,10.14,385476002000.0,31.06,None,1.07,32.03,239000000,None,3877174000,3877174000,-123000000,-3424000000,None,None,-528000000,None,None,None,293000,11674955330,None,2577088000,2577088000,115575000,None,None,687976000,None,None,293812000,331000000,1.02,0.0032,None,None,None,0.353,0.7617,2142453000,2436265000,2.33,2010-03-31,28.25,None,228095001000.0,3561472000,2141677000,676280000,277683000,277683000,None,776000,None,None,None,None,None,None,None,1955000000,None,None,None,0.305,2584000000,1544194000,2017278000,278848000,556710000,None,None,None,None,None,None,None,1.668,9.82,9.86,None,None,None,None,None,-97000000,None,0.322,None,961749000,2025-10-28,quarterly,3.0917,USD,post-market,599510000,2055868000,0.163,0.354,0.159,31.71,386532000,None,528936000,4157073000,215.44,292.46,32.691,10271813000,9001071000,745384000,852856000,1270742000,107472000,6138560000,9418957000,31.06,None,328.46,142.27
2025-12-28,GOOG,10.14,385476002000.0,31.06,None,1.07,32.03,221357000,None,3877174000,3877174000,158561000,-4773242000,None,None,306652000,None,None,None,293000,11674955330,None,2577088000,2577088000,115575000,None,None,687976000,None,None,293812000,365506000,1.02,0.0032,None,None,None,0.353,0.7617,2142453000,2436265000,2.33,2009-12-31,28.25,None,228095001000.0,3561472000,2141677000,676280000,277683000,277683000,None,776000,None,None,None,None,None,None,None,1974100000,None,None,None,0.305,2731531000,1544194000,2017278000,278848000,556710000,None,None,None,None,None,None,None,1.668,9.82,9.86,None,None,None,None,None,None,None,0.322,None,961749000,2025-10-28,quarterly,3.0917,USD,post-market,599510000,2055868000,0.163,0.354,0.159,31.71,386532000,None,528936000,4157073000,215.44,292.46,32.691,10271813000,9001071000,745384000,852856000,1270742000,107472000,6138560000,9418957000,31.06,None,328.46,142.27
2025-12-28,GOOG,10.14,385476002000.0,31.06,None,1.07,32.03,186339000,None,3877174000,3877174000,28497000,-2609989000,None,None,530439000,None,None,None,293000,11674955330,None,2577088000,2577088000,115575000,None,None,687976000,None,None,293812000,378623000,1.02,0.0032,None,None,None,0.353,0.7617,2142453000,2436265000,2.33,2009-09-30,28.25,None,228095001000.0,3561472000,2141677000,676280000,277683000,277683000,None,776000,None,None,None,None,None,None,None,1638975000,None,None,None,0.305,2725983000,1544194000,2017278000,278848000,556710000,None,None,None,None,None,None,None,1.668,9.82,9.86,None,None,None,None,None,None,None,0.322,None,961749000,2025-10-28,quarterly,3.0917,USD,post-market,599510000,2055868000,0.163,0.354,0.159,31.71,386532000,None,528936000,4157073000,215.44,292.46,32.691,10271813000,9001071000,745384000,852856000,1270742000,107472000,6138560000,9418957000,31.06,None,328.46,142.27
2025-12-28,GOOG,10.14,385476002000.0,31.06,None,1.07,32.03,139437000,None,3877174000,3877174000,51246000,-217142000,None,None,66369000,None,None,None,293000,11674955330,None,2577088000,2577088000,115575000,None,None,687976000,None,None,293812000,376957000,1.02,0.0032,None,None,None,0.353,0.7617,2142453000,2436265000,2.33,2009-06-30,28.25,None,228095001000.0,3561472000,2141677000,676280000,277683000,277683000,None,776000,None,None,None,None,None,None,None,1484545000,None,None,None,0.305,1609172000,1544194000,2017278000,278848000,556710000,None,None,None,None,None,None,None,1.668,9.82,9.86,None,None,None,None,None,None,None,0.322,None,961749000,2025-10-28,quarterly,3.0917,USD,post-market,599510000,2055868000,0.163,0.354,0.159,31.71,386532000,None,528936000,4157073000,215.44,292.46,32.691,10271813000,9001071000,745384000,852856000,1270742000,107472000,6138560000,9418957000,31.06,None,328.46,142.27
2025-12-28,GOOG,10.14,385476002000.0,31.06,None,1.07,32.03,262755000,None,3877174000,3877174000,-4892000,-418832000,None,None,84135000,None,None,None,293000,11674955330,None,2577088000,2577088000,115575000,None,None,687976000,None,None,293812000,403222000,1.02,0.0032,None,None,None,0.353,0.7617,2142453000,2436265000,2.33,2009-03-31,28.25,None,228095001000.0,3561472000,2141677000,676280000,277683000,277683000,None,776000,None,None,None,None,None,None,None,1422828000,None,None,None,0.305,2249512000,1544194000,2017278000,278848000,556710000,None,None,None,None,None,None,None,1.668,9.82,9.86,None,None,None,None,None,None,None,0.322,None,961749000,2025-10-28,quarterly,3.0917,USD,post-market,599510000,2055868000,0.163,0.354,0.159,31.71,386532000,None,528936000,4157073000,215.44,292.46,32.691,10271813000,9001071000,745384000,852856000,1270742000,107472000,6138560000,9418957000,31.06,None,328.46,142.27
2025-12-28,GOOG,10.14,385476002000.0,31.06,None,1.07,32.03,367844000,None,3877174000,3877174000,11049000,-1816838000,None,None,217285000,None,None,None,293000,11674955330,None,2577088000,2577088000,115575000,None,None,687976000,None,None,293812000,385510000,1.02,0.0032,None,None,None,0.353,0.7617,2142453000,2436265000,2.33,2008-12-31,28.25,None,228095001000.0,3561472000,2141677000,676280000,277683000,277683000,None,776000,None,None,None,None,None,None,None,382442000,None,None,None,0.305,2122299000,1544194000,2017278000,278848000,556710000,None,None,None,None,None,None,None,1.668,9.82,9.86,None,None,None,None,None,None,None,0.322,None,961749000,2025-10-28,quarterly,3.0917,USD,post-market,599510000,2055868000,0.163,0.354,0.159,31.71,386532000,None,528936000,4157073000,215.44,292.46,32.691,10271813000,9001071000,745384000,852856000,1270742000,107472000,6138560000,9418957000,31.06,None,328.46,142.27
2025-12-28,GOOG,10.14,385476002000.0,31.06,None,1.07,32.03,451503000,None,3877174000,3877174000,4285000,-1136957000,None,None,334994000,None,None,None,293000,11674955330,None,2577088000,2577088000,115575000,None,None,687976000,None,None,293812000,386246000,1.02,0.0032,None,None,None,0.353,0.7617,2142453000,2436265000,2.33,2008-09-30,28.25,None,228095001000.0,3561472000,2141677000,676280000,277683000,277683000,None,776000,None,None,None,None,None,None,None,1289939000,None,None,None,0.305,2184958000,1544194000,2017278000,278848000,556710000,None,None,None,None,None,None,None,1.668,9.82,9.86,None,None,None,None,None,None,None,0.322,None,961749000,2025-10-28,quarterly,3.0917,USD,post-market,599510000,2055868000,0.163,0.354,0.159,31.71,386532000,None,528936000,4157073000,215.44,292.46,32.691,10271813000,9001071000,745384000,852856000,1270742000,107472000,6138560000,9418957000,31.06,None,328.46,142.27
2025-12-28,GOOG,10.14,385476002000.0,31.06,None,1.07,32.03,697517000,None,3877174000,3877174000,43577000,-958633000,None,None,-60519000,None,None,None,293000,11674955330,None,2577088000,2577088000,115575000,None,None,687976000,None,None,293812000,391607000,1.02,0.0032,None,None,None,0.353,0.7617,2142453000,2436265000,2.33,2008-06-30,28.25,None,228095001000.0,3561472000,2141677000,676280000,277683000,277683000,None,776000,None,None,None,None,None,None,None,1247391000,None,None,None,0.305,1766154000,1544194000,2017278000,278848000,556710000,None,None,None,None,None,None,None,1.668,9.82,9.86,None,None,None,None,None,None,None,0.322,None,961749000,2025-10-28,quarterly,3.0917,USD,post-market,599510000,2055868000,0.163,0.354,0.159,31.71,386532000,None,528936000,4157073000,215.44,292.46,32.691,10271813000,9001071000,745384000,852856000,1270742000,107472000,6138560000,9418957000,31.06,None,328.46,142.27
2025-12-28,GOOG,10.14,385476002000.0,31.06,None,1.07,32.03,841597000,None,3877174000,3877174000,28656000,-1406994000,None,None,-285985000,None,None,None,293000,11674955330,None,2577088000,2577088000,115575000,None,None,687976000,None,None,293812000,336524000,1.02,0.0032,None,None,None,0.353,0.7617,2142453000,2436265000,2.33,2008-03-31,28.25,None,228095001000.0,3561472000,2141677000,676280000,277683000,277683000,None,776000,None,None,None,None,None,None,None,1307086000,None,None,None,0.305,1779446000,1544194000,2017278000,278848000,556710000,None,None,None,None,None,None,None,1.668,9.82,9.86,None,None,None,None,None,None,None,0.322,None,961749000,2025-10-28,quarterly,3.0917,USD,post-market,599510000,2055868000,0.163,0.354,0.159,31.71,386532000,None,528936000,4157073000,215.44,292.46,32.691,10271813000,9001071000,745384000,852856000,1270742000,107472000,6138560000,9418957000,31.06,None,328.46,142.27
2025-12-28,GOOG,10.14,385476002000.0,31.06,None,1.07,32.03,678209000,None,3877174000,3877174000,145417000,-875432000,None,None,164820000,None,None,None,293000,11674955330,None,2577088000,2577088000,115575000,None,None,687976000,None,None,293812000,289936000,1.02,0.0032,None,None,None,0.353,0.7617,2142453000,2436265000,2.33,2007-12-31,28.25,None,228095001000.0,3561472000,2141677000,676280000,277683000,277683000,None,776000,None,None,None,None,None,None,None,1206449000,None,None,None,0.305,1693248000,1544194000,2017278000,278848000,556710000,None,None,None,None,None,None,None,1.668,9.82,9.86,None,None,None,None,None,None,None,0.322,None,961749000,2025-10-28,quarterly,3.0917,USD,post-market,599510000,2055868000,0.163,0.354,0.159,31.71,386532000,None,528936000,4157073000,215.44,292.46,32.691,10271813000,9001071000,745384000,852856000,1270742000,107472000,6138560000,9418957000,31.06,None,328.46,142.27
2025-12-28,GOOG,10.14,385476002000.0,31.06,None,1.07,32.03,552640000,None,3877174000,3877174000,49011000,-1089686000,None,None,210197000,None,None,None,293000,11674955330,None,2577088000,2577088000,115575000,None,None,687976000,None,None,293812000,249375000,1.02,0.0032,None,None,None,0.353,0.7617,2142453000,2436265000,2.33,2007-09-30,28.25,None,228095001000.0,3561472000,2141677000,676280000,277683000,277683000,None,776000,None,None,None,None,None,None,None,1069989000,None,None,None,0.305,1632643000,1544194000,2017278000,278848000,556710000,None,None,None,None,None,None,None,1.668,9.82,9.86,None,None,None,None,None,None,None,0.322,None,961749000,2025-10-28,quarterly,3.0917,USD,post-market,599510000,2055868000,0.163,0.354,0.159,31.71,386532000,None,528936000,4157073000,215.44,292.46,32.691,10271813000,9001071000,745384000,852856000,1270742000,107472000,6138560000,9418957000,31.06,None,328.46,142.27
2025-12-28,GOOG,10.14,385476002000.0,31.06,None,1.07,32.03,575098000,None,3877174000,3877174000,120129000,-939341000,None,None,143009000,None,None,None,293000,11674955330,None,2577088000,2577088000,115575000,None,None,687976000,None,None,293812000,223355000,1.02,0.0032,None,None,None,0.353,0.7617,2142453000,2436265000,2.33,2007-06-30,28.25,None,228095001000.0,3561472000,2141677000,676280000,277683000,277683000,None,776000,None,None,None,None,None,None,None,925120000,None,None,None,0.305,1229926000,1544194000,2017278000,278848000,556710000,None,None,None,None,None,None,None,1.668,9.82,9.86,None,None,None,None,None,None,None,0.322,None,961749000,2025-10-28,quarterly,3.0917,USD,post-market,599510000,2055868000,0.163,0.354,0.159,31.71,386532000,None,528936000,4157073000,215.44,292.46,32.691,10271813000,9001071000,745384000,852856000,1270742000,107472000,6138560000,9418957000,31.06,None,328.46,142.27
2025-12-28,GOOG,10.14,385476002000.0,31.06,None,1.07,32.03,596893000,None,3877174000,3877174000,88510000,-777130000,None,None,-247500000,None,None,None,293000,11674955330,None,2577088000,2577088000,115575000,None,None,687976000,None,None,293812000,204992000,1.02,0.0032,None,None,None,0.353,0.7617,2142453000,2436265000,2.33,2007-03-31,28.25,None,228095001000.0,3561472000,2141677000,676280000,277683000,277683000,None,776000,None,None,None,None,None,None,None,1002162000,None,None,None,0.305,1219593000,1544194000,2017278000,278848000,556710000,None,None,None,None,None,None,None,1.668,9.82,9.86,None,None,None,None,None,None,None,0.322,None,961749000,2025-10-28,quarterly,3.0917,USD,post-market,599510000,2055868000,0.163,0.354,0.159,31.71,386532000,None,528936000,4157073000,215.44,292.46,32.691,10271813000,9001071000,745384000,852856000,1270742000,107472000,6138560000,9418957000,31.06,None,328.46,142.27
2025-12-28,GOOG,10.14,385476002000.0,31.06,None,1.07,32.03,366638000,None,3877174000,3877174000,418028000,-828539000,None,None,None,None,None,None,293000,11674955330,None,2577088000,2577088000,115575000,None,None,687976000,None,None,293812000,189250000,1.02,0.0032,None,None,None,0.353,0.7617,2142453000,2436265000,2.33,2006-12-31,28.25,None,228095001000.0,3561472000,2141677000,676280000,277683000,277683000,None,776000,None,None,None,None,None,None,None,1030717000,None,None,None,0.305,910794000,1544194000,2017278000,278848000,556710000,None,None,None,None,None,None,None,1.668,9.82,9.86,None,None,None,None,None,None,None,0.322,None,961749000,2025-10-28,quarterly,3.0917,USD,post-market,599510000,2055868000,0.163,0.354,0.159,31.71,386532000,None,528936000,4157073000,215.44,292.46,32.691,10271813000,9001071000,745384000,852856000,1270742000,107472000,6138560000,9418957000,31.06,None,328.46,142.27
2025-12-28,GOOG,10.14,385476002000.0,31.06,None,1.07,32.03,303716000,None,3877174000,3877174000,129418000,-2114356000,None,None,None,None,None,None,293000,11674955330,None,2577088000,2577088000,115575000,None,None,687976000,None,None,293812000,145310000,1.02,0.0032,None,None,None,0.353,0.7617,2142453000,2436265000,2.33,2006-09-30,28.25,None,228095001000.0,3561472000,2141677000,676280000,277683000,277683000,None,776000,None,None,None,None,None,None,None,733361000,None,None,None,0.305,1004324000,1544194000,2017278000,278848000,556710000,None,None,None,None,None,None,None,1.668,9.82,9.86,None,None,None,None,None,None,None,0.322,None,961749000,2025-10-28,quarterly,3.0917,USD,post-market,599510000,2055868000,0.163,0.354,0.159,31.71,386532000,None,528936000,4157073000,215.44,292.46,32.691,10271813000,9001071000,745384000,852856000,1270742000,107472000,6138560000,9418957000,31.06,None,328.46,142.27
2025-12-28,GOOG,10.14,385476002000.0,31.06,None,1.07,32.03,887506000,None,3877174000,3877174000,2299056000,-2067638000,None,None,None,None,None,None,293000,11674955330,None,2577088000,2577088000,115575000,None,None,687976000,None,None,293812000,126221000,1.02,0.0032,None,None,None,0.353,0.7617,2142453000,2436265000,2.33,2006-06-30,28.25,None,228095001000.0,3561472000,2141677000,676280000,277683000,277683000,None,776000,None,None,None,None,None,None,None,721077000,None,None,None,0.305,840586000,1544194000,2017278000,278848000,556710000,None,None,None,None,None,None,None,1.668,9.82,9.86,None,None,None,None,None,None,None,0.322,None,961749000,2025-10-28,quarterly,3.0917,USD,post-market,599510000,2055868000,0.163,0.354,0.159,31.71,386532000,None,528936000,4157073000,215.44,292.46,32.691,10271813000,9001071000,745384000,852856000,1270742000,107472000,6138560000,9418957000,31.06,None,328.46,142.27
2025-12-28,GOOG,10.14,385476002000.0,31.06,None,1.07,32.03,344938000,None,3877174000,3877174000,119896000,-1888617000,None,None,None,None,None,None,293000,11674955330,None,2577088000,2577088000,115575000,None,None,687976000,None,None,293812000,111158000,1.02,0.0032,None,None,None,0.353,0.7617,2142453000,2436265000,2.33,2006-03-31,28.25,None,228095001000.0,3561472000,2141677000,676280000,277683000,277683000,None,776000,None,None,None,None,None,None,None,592291000,None,None,None,0.305,824804000,1544194000,2017278000,278848000,556710000,None,None,None,None,None,None,None,1.668,9.82,9.86,None,None,None,None,None,None,None,0.322,None,961749000,2025-10-28,quarterly,3.0917,USD,post-market,599510000,2055868000,0.163,0.354,0.159,31.71,386532000,None,528936000,4157073000,215.44,292.46,32.691,10271813000,9001071000,745384000,852856000,1270742000,107472000,6138560000,9418957000,31.06,None,328.46,142.27
2025-12-28,GOOG,10.14,385476002000.0,31.06,None,1.07,32.03,245831000,None,3877174000,3877174000,51076000,-2348276000,None,None,None,None,None,None,293000,11674955330,None,2577088000,2577088000,115575000,None,None,687976000,None,None,293812000,94725000,1.02,0.0032,None,None,None,0.353,0.7617,2142453000,2436265000,2.33,2005-12-31,28.25,None,228095001000.0,3561472000,2141677000,676280000,277683000,277683000,None,776000,None,None,None,None,None,None,None,372208000,None,None,None,0.305,658434000,1544194000,2017278000,278848000,556710000,None,None,None,None,None,None,None,1.668,9.82,9.86,None,None,None,None,None,None,None,0.322,None,961749000,2025-10-28,quarterly,3.0917,USD,post-market,599510000,2055868000,0.163,0.354,0.159,31.71,386532000,None,528936000,4157073000,215.44,292.46,32.691,10271813000,9001071000,745384000,852856000,1270742000,107472000,6138560000,9418957000,31.06,None,328.46,142.27
2025-12-28,GOOG,10.14,385476002000.0,31.06,None,1.07,32.03,292532000,None,3877174000,3877174000,4308293000,-189090000,None,None,None,None,None,None,293000,11674955330,None,2577088000,2577088000,115575000,None,None,687976000,None,None,293812000,75965000,1.02,0.0032,None,None,None,0.353,0.7617,2142453000,2436265000,2.33,2005-09-30,28.25,None,228095001000.0,3561472000,2141677000,676280000,277683000,277683000,None,776000,None,None,None,None,None,None,None,381182000,None,None,None,0.305,646747000,1544194000,2017278000,278848000,556710000,None,None,None,None,None,None,None,1.668,9.82,9.86,None,None,None,None,None,None,None,0.322,None,961749000,2025-10-28,quarterly,3.0917,USD,post-market,599510000,2055868000,0.163,0.354,0.159,31.71,386532000,None,528936000,4157073000,215.44,292.46,32.691,10271813000,9001071000,745384000,852856000,1270742000,107472000,6138560000,9418957000,31.06,None,328.46,142.27
2025-12-28,GOOG,10.14,385476002000.0,31.06,None,1.07,32.03,52535000000,None,3877174000,3877174000,-79733000000,-45536000000,None,None,None,None,None,None,293000,11674955330,None,2577088000,2577088000,115575000,None,None,687976000,None,None,293812000,15311000000,1.02,0.0032,7363000000,7363000000,None,0.353,0.7617,2142453000,2436265000,2.33,2024-12-31,28.25,None,228095001000.0,3561472000,2141677000,676280000,277683000,277683000,None,776000,None,None,None,None,None,None,None,100118000000,None,None,None,0.305,125299000000,1544194000,2017278000,278848000,556710000,None,None,None,None,None,None,None,1.668,9.82,9.86,None,None,None,None,None,-62222000000,None,0.322,None,961749000,2025-10-28,annual,3.0917,USD,post-market,599510000,2055868000,0.163,0.354,0.159,31.71,386532000,None,528936000,4157073000,215.44,292.46,32.691,10271813000,9001071000,745384000,852856000,1270742000,107472000,6138560000,9418957000,31.06,None,328.46,142.27
2025-12-28,GOOG,10.14,385476002000.0,31.06,None,1.07,32.03,32251000000,None,3877174000,3877174000,-72093000000,-27063000000,None,None,2276000000,None,None,None,293000,11674955330,None,2577088000,2577088000,115575000,None,None,687976000,None,None,293812000,11946000000,1.02,0.0032,0,0,None,0.353,0.7617,2142453000,2436265000,2.33,2023-12-31,28.25,None,228095001000.0,3561472000,2141677000,676280000,277683000,277683000,None,776000,None,None,None,None,None,None,None,73795000000,None,None,None,0.305,101746000000,1544194000,2017278000,278848000,556710000,None,None,None,None,None,None,None,1.668,9.82,9.86,None,None,None,None,None,-61504000000,None,0.322,None,961749000,2025-10-28,annual,3.0917,USD,post-market,599510000,2055868000,0.163,0.354,0.159,31.71,386532000,None,528936000,4157073000,215.44,292.46,32.691,10271813000,9001071000,745384000,852856000,1270742000,107472000,6138560000,9418957000,31.06,None,328.46,142.27
2025-12-28,GOOG,10.14,385476002000.0,31.06,None,1.07,32.03,31485000000,None,3877174000,3877174000,-69757000000,-20298000000,1440000000,None,None,None,None,-2317000000,293000,11674955330,None,2577088000,2577088000,115575000,None,None,687976000,None,None,293812000,15928000000,1.02,0.0032,0,0,None,0.353,0.7617,2142453000,2436265000,2.33,2022-12-31,28.25,None,228095001000.0,3561472000,2141677000,676280000,277683000,277683000,None,776000,None,None,None,None,None,None,None,59972000000,None,None,None,0.305,91495000000,1544194000,2017278000,278848000,556710000,None,None,None,None,None,None,None,1.668,9.82,9.86,None,None,None,None,None,-59296000000,None,0.322,None,961749000,2025-10-28,annual,3.0917,USD,post-market,599510000,2055868000,0.163,0.354,0.159,31.71,386532000,None,528936000,4157073000,215.44,292.46,32.691,10271813000,9001071000,745384000,852856000,1270742000,107472000,6138560000,9418957000,31.06,None,328.46,142.27
2025-12-28,GOOG,10.14,385476002000.0,31.06,None,1.07,32.03,24640000000,None,3877174000,3877174000,-61362000000,-35523000000,-5233000000,None,7140000000,None,None,-9095000000,293000,11674955330,None,2577088000,2577088000,115575000,None,None,687976000,None,None,293812000,12441000000,1.02,0.0032,None,None,None,0.353,0.7617,2142453000,2436265000,2.33,2021-12-31,28.25,None,228095001000.0,3561472000,2141677000,676280000,277683000,277683000,None,776000,None,None,None,None,None,None,None,76033000000,None,None,None,0.305,91652000000,1544194000,2017278000,278848000,556710000,None,None,None,None,None,None,None,1.668,9.82,9.86,None,None,None,None,None,-50274000000,None,0.322,None,961749000,2025-10-28,annual,3.0917,USD,post-market,599510000,2055868000,0.163,0.354,0.159,31.71,386532000,None,528936000,4157073000,215.44,292.46,32.691,10271813000,9001071000,745384000,852856000,1270742000,107472000,6138560000,9418957000,31.06,None,328.46,142.27
2025-12-28,GOOG,10.14,385476002000.0,31.06,None,1.07,32.03,22281000000,None,3877174000,3877174000,-24408000000,-32773000000,7943000000,None,5813000000,None,None,-6524000000,293000,11674955330,None,2577088000,2577088000,115575000,None,None,687976000,None,None,293812000,13697000000,1.02,0.0032,None,None,None,0.353,0.7617,2142453000,2436265000,2.33,2020-12-31,28.25,None,228095001000.0,3561472000,2141677000,676280000,277683000,277683000,None,776000,None,None,None,None,None,None,None,40269000000,None,None,None,0.305,65124000000,1544194000,2017278000,278848000,556710000,None,None,None,None,None,None,None,1.668,9.82,9.86,None,None,None,None,None,-31149000000,None,0.322,None,961749000,2025-10-28,annual,3.0917,USD,post-market,599510000,2055868000,0.163,0.354,0.159,31.71,386532000,None,528936000,4157073000,215.44,292.46,32.691,10271813000,9001071000,745384000,852856000,1270742000,107472000,6138560000,9418957000,31.06,None,328.46,142.27
2025-12-28,GOOG,10.14,385476002000.0,31.06,None,1.07,32.03,23548000000,None,3877174000,3877174000,-23209000000,-29491000000,1820000000,None,7822000000,None,None,-4340000000,293000,11674955330,None,2577088000,2577088000,115575000,None,None,687976000,None,None,293812000,11781000000,1.02,0.0032,None,None,None,0.353,0.7617,2142453000,2436265000,2.33,2019-12-31,28.25,None,228095001000.0,3561472000,2141677000,676280000,277683000,277683000,None,776000,None,None,None,None,None,None,None,34343000000,None,None,None,0.305,54520000000,1544194000,2017278000,278848000,556710000,None,None,None,None,None,None,None,1.668,9.82,9.86,None,None,None,None,None,-18396000000,None,0.322,None,961749000,2025-10-28,annual,3.0917,USD,post-market,599510000,2055868000,0.163,0.354,0.159,31.71,386532000,None,528936000,4157073000,215.44,292.46,32.691,10271813000,9001071000,745384000,852856000,1270742000,107472000,6138560000,9418957000,31.06,None,328.46,142.27
2025-12-28,GOOG,10.14,385476002000.0,31.06,None,1.07,32.03,25139000000,None,3877174000,3877174000,-13179000000,-28504000000,5986000000,-302000000,7890000000,None,None,-2169000000,293000,11674955330,None,2577088000,2577088000,115575000,None,None,687976000,None,None,293812000,9035000000,1.02,0.0032,None,None,None,0.353,0.7617,2142453000,2436265000,2.33,2018-12-31,28.25,None,228095001000.0,3561472000,2141677000,676280000,277683000,277683000,None,776000,None,None,None,None,None,None,None,30736000000,None,None,None,0.305,47971000000,1544194000,2017278000,278848000,556710000,None,None,None,None,None,None,None,1.668,9.82,9.86,None,None,None,None,None,-9075000000,None,0.322,None,961749000,2025-10-28,annual,3.0917,USD,post-market,599510000,2055868000,0.163,0.354,0.159,31.71,386532000,None,528936000,4157073000,215.44,292.46,32.691,10271813000,9001071000,745384000,852856000,1270742000,107472000,6138560000,9418957000,31.06,None,328.46,142.27
2025-12-28,GOOG,10.14,385476002000.0,31.06,None,1.07,32.03,13184000000,None,3877174000,3877174000,-8298000000,-31401000000,-2203000000,405000000,3682000000,None,None,-3768000000,293000,11674955330,None,2577088000,2577088000,115575000,None,None,687976000,None,None,293812000,6915000000,1.02,0.0032,0,0,None,0.353,0.7617,2142453000,2436265000,2.33,2017-12-31,28.25,None,228095001000.0,3561472000,2141677000,676280000,277683000,277683000,None,776000,None,None,None,None,None,None,None,12662000000,None,None,None,0.305,37091000000,1544194000,2017278000,278848000,556710000,None,None,None,None,None,None,None,1.668,9.82,9.86,None,None,None,None,None,-4846000000,None,0.322,None,961749000,2025-10-28,annual,3.0917,USD,post-market,599510000,2055868000,0.163,0.354,0.159,31.71,386532000,None,528936000,4157073000,215.44,292.46,32.691,10271813000,9001071000,745384000,852856000,1270742000,107472000,6138560000,9418957000,31.06,None,328.46,142.27
2025-12-28,GOOG,10.14,385476002000.0,31.06,None,1.07,32.03,10212000000,None,3877174000,3877174000,-8332000000,-31165000000,-3631000000,-170000000,2420000000,None,None,-2578000000,293000,11674955330,None,2577088000,2577088000,115575000,None,None,687976000,None,None,293812000,6144000000,1.02,0.0032,0,0,None,0.353,0.7617,2142453000,2436265000,2.33,2016-12-31,28.25,None,228095001000.0,3561472000,2141677000,676280000,277683000,277683000,None,776000,None,None,None,None,None,None,None,19478000000,None,None,None,0.305,36036000000,1544194000,2017278000,278848000,556710000,None,None,None,None,None,None,None,1.668,9.82,9.86,None,None,None,None,None,-3693000000,None,0.322,None,961749000,2025-10-28,annual,3.0917,USD,post-market,599510000,2055868000,0.163,0.354,0.159,31.71,386532000,None,528936000,4157073000,215.44,292.46,32.691,10271813000,9001071000,745384000,852856000,1270742000,107472000,6138560000,9418957000,31.06,None,328.46,142.27
2025-12-28,GOOG,10.14,385476002000.0,31.06,None,1.07,32.03,9915000000,None,3877174000,3877174000,-3677000000,-23711000000,-1798000000,-434000000,1618000000,None,None,-2094000000,293000,11674955330,None,2577088000,2577088000,115575000,None,None,687976000,None,None,293812000,5063000000,1.02,0.0032,0,0,None,0.353,0.7617,2142453000,2436265000,2.33,2015-12-31,28.25,None,228095001000.0,3561472000,2141677000,676280000,277683000,277683000,None,776000,None,None,None,None,None,None,None,16348000000,None,None,None,0.305,26024000000,1544194000,2017278000,278848000,556710000,None,None,None,None,None,None,None,1.668,9.82,9.86,None,None,None,None,None,-1780000000,None,0.322,None,961749000,2025-10-28,annual,3.0917,USD,post-market,599510000,2055868000,0.163,0.354,0.159,31.71,386532000,None,528936000,4157073000,215.44,292.46,32.691,10271813000,9001071000,745384000,852856000,1270742000,107472000,6138560000,9418957000,31.06,None,328.46,142.27
2025-12-28,GOOG,10.14,385476002000.0,31.06,None,1.07,32.03,10959000000,None,3877174000,3877174000,-1439000000,-21055000000,None,None,1461000000,None,None,None,293000,11674955330,None,2577088000,2577088000,115575000,None,None,687976000,None,None,293812000,4979000000,1.02,0.0032,None,None,None,0.353,0.7617,2142453000,2436265000,2.33,2014-12-31,28.25,None,228095001000.0,3561472000,2141677000,676280000,277683000,277683000,None,776000,None,None,None,None,None,None,None,14444000000,None,None,None,0.305,22376000000,1544194000,2017278000,278848000,556710000,None,None,None,None,None,None,None,1.668,9.82,9.86,None,None,None,None,None,None,None,0.322,None,961749000,2025-10-28,annual,3.0917,USD,post-market,599510000,2055868000,0.163,0.354,0.159,31.71,386532000,None,528936000,4157073000,215.44,292.46,32.691,10271813000,9001071000,745384000,852856000,1270742000,107472000,6138560000,9418957000,31.06,None,328.46,142.27
2025-12-28,GOOG,10.14,385476002000.0,31.06,None,1.07,32.03,7358000000,None,3877174000,3877174000,-857000000,-13679000000,None,None,-234000000,None,None,None,293000,11674955330,None,2577088000,2577088000,115575000,None,None,687976000,None,None,293812000,3939000000,1.02,0.0032,None,None,None,0.353,0.7617,2142453000,2436265000,2.33,2013-12-31,28.25,None,228095001000.0,3561472000,2141677000,676280000,277683000,277683000,None,776000,None,None,None,None,None,None,None,12920000000,None,None,None,0.305,18659000000,1544194000,2017278000,278848000,556710000,None,None,None,None,None,None,None,1.668,9.82,9.86,None,None,None,None,None,None,None,0.322,None,961749000,2025-10-28,annual,3.0917,USD,post-market,599510000,2055868000,0.163,0.354,0.159,31.71,386532000,None,528936000,4157073000,215.44,292.46,32.691,10271813000,9001071000,745384000,852856000,1270742000,107472000,6138560000,9418957000,31.06,None,328.46,142.27
2025-12-28,GOOG,10.14,385476002000.0,31.06,None,1.07,32.03,3273000000,None,3877174000,3877174000,1229000000,-13056000000,None,None,301000000,None,None,None,293000,11674955330,None,2577088000,2577088000,115575000,None,None,687976000,None,None,293812000,2962000000,1.02,0.0032,None,None,None,0.353,0.7617,2142453000,2436265000,2.33,2012-12-31,28.25,None,228095001000.0,3561472000,2141677000,676280000,277683000,277683000,None,776000,None,None,None,None,None,None,None,10737000000,None,None,None,0.305,16619000000,1544194000,2017278000,278848000,556710000,None,None,None,None,None,None,None,1.668,9.82,9.86,None,None,None,None,None,None,None,0.322,None,961749000,2025-10-28,annual,3.0917,USD,post-market,599510000,2055868000,0.163,0.354,0.159,31.71,386532000,None,528936000,4157073000,215.44,292.46,32.691,10271813000,9001071000,745384000,852856000,1270742000,107472000,6138560000,9418957000,31.06,None,328.46,142.27
2025-12-28,GOOG,10.14,385476002000.0,31.06,None,1.07,32.03,3438000000,None,3877174000,3877174000,807000000,-19041000000,None,None,792000000,None,None,None,293000,11674955330,None,2577088000,2577088000,115575000,None,None,687976000,None,None,293812000,1851000000,1.02,0.0032,None,None,None,0.353,0.7617,2142453000,2436265000,2.33,2011-12-31,28.25,None,228095001000.0,3561472000,2141677000,676280000,277683000,277683000,None,776000,None,None,None,None,None,None,None,9737000000,None,None,None,0.305,14565000000,1544194000,2017278000,278848000,556710000,None,None,None,None,None,None,None,1.668,9.82,9.86,None,None,None,None,None,None,None,0.322,None,961749000,2025-10-28,annual,3.0917,USD,post-market,599510000,2055868000,0.163,0.354,0.159,31.71,386532000,None,528936000,4157073000,215.44,292.46,32.691,10271813000,9001071000,745384000,852856000,1270742000,107472000,6138560000,9418957000,31.06,None,328.46,142.27
2025-12-28,GOOG,10.14,385476002000.0,31.06,None,1.07,32.03,4018000000,None,3877174000,3877174000,3050000000,-10680000000,None,None,545000000,None,None,None,293000,11674955330,None,2577088000,2577088000,115575000,None,None,687976000,None,None,293812000,1396000000,1.02,0.0032,None,None,None,0.353,0.7617,2142453000,2436265000,2.33,2010-12-31,28.25,None,228095001000.0,3561472000,2141677000,676280000,277683000,277683000,None,776000,None,None,None,None,None,None,None,8505000000,None,None,None,0.305,11081000000,1544194000,2017278000,278848000,556710000,None,None,None,None,None,None,None,1.668,9.82,9.86,None,None,None,None,None,-801000000,None,0.322,None,961749000,2025-10-28,annual,3.0917,USD,post-market,599510000,2055868000,0.163,0.354,0.159,31.71,386532000,None,528936000,4157073000,215.44,292.46,32.691,10271813000,9001071000,745384000,852856000,1270742000,107472000,6138560000,9418957000,31.06,None,328.46,142.27
2025-12-28,GOOG,10.14,385476002000.0,31.06,None,1.07,32.03,809888000,None,3877174000,3877174000,233412000,-8019205000,None,None,662842000,None,None,None,293000,11674955330,None,2577088000,2577088000,115575000,None,None,687976000,None,None,293812000,1524308000,1.02,0.0032,None,None,None,0.353,0.7617,2142453000,2436265000,2.33,2009-12-31,28.25,None,228095001000.0,3561472000,2141677000,676280000,277683000,277683000,None,776000,None,None,None,None,None,None,None,6520448000,None,None,None,0.305,9316198000,1544194000,2017278000,278848000,556710000,None,None,None,None,None,None,None,1.668,9.82,9.86,None,None,None,None,None,None,None,0.322,None,961749000,2025-10-28,annual,3.0917,USD,post-market,599510000,2055868000,0.163,0.354,0.159,31.71,386532000,None,528936000,4157073000,215.44,292.46,32.691,10271813000,9001071000,745384000,852856000,1270742000,107472000,6138560000,9418957000,31.06,None,328.46,142.27
2025-12-28,GOOG,10.14,385476002000.0,31.06,None,1.07,32.03,2358461000,None,3877174000,3877174000,87567000,-5319422000,None,None,205775000,None,None,None,293000,11674955330,None,2577088000,2577088000,115575000,None,None,687976000,None,None,293812000,1499887000,1.02,0.0032,None,None,None,0.353,0.7617,2142453000,2436265000,2.33,2008-12-31,28.25,None,228095001000.0,3561472000,2141677000,676280000,277683000,277683000,None,776000,None,None,None,None,None,None,None,4226858000,None,None,None,0.305,7852857000,1544194000,2017278000,278848000,556710000,None,None,None,None,None,None,None,1.668,9.82,9.86,None,None,None,None,None,-71521000,None,0.322,None,961749000,2025-10-28,annual,3.0917,USD,post-market,599510000,2055868000,0.163,0.354,0.159,31.71,386532000,None,528936000,4157073000,215.44,292.46,32.691,10271813000,9001071000,745384000,852856000,1270742000,107472000,6138560000,9418957000,31.06,None,328.46,142.27
2025-12-28,GOOG,10.14,385476002000.0,31.06,None,1.07,32.03,2402840000,None,3877174000,3877174000,403067000,-3681589000,None,None,270526000,None,None,None,293000,11674955330,None,2577088000,2577088000,115575000,None,None,687976000,None,None,293812000,967658000,1.02,0.0032,None,None,None,0.353,0.7617,2142453000,2436265000,2.33,2007-12-31,28.25,None,228095001000.0,3561472000,2141677000,676280000,277683000,277683000,None,776000,None,None,None,None,None,None,None,4203720000,None,None,None,0.305,5775410000,1544194000,2017278000,278848000,556710000,None,None,None,None,None,None,None,1.668,9.82,9.86,None,None,None,None,None,None,None,0.322,None,961749000,2025-10-28,annual,3.0917,USD,post-market,599510000,2055868000,0.163,0.354,0.159,31.71,386532000,None,528936000,4157073000,215.44,292.46,32.691,10271813000,9001071000,745384000,852856000,1270742000,107472000,6138560000,9418957000,31.06,None,328.46,142.27
2025-12-28,GOOG,10.14,385476002000.0,31.06,None,1.07,32.03,1902798000,None,3877174000,3877174000,2966398000,-6899150000,None,None,None,None,None,None,293000,11674955330,None,2577088000,2577088000,115575000,None,None,687976000,None,None,293812000,571939000,1.02,0.0032,None,None,None,0.353,0.7617,2142453000,2436265000,2.33,2006-12-31,28.25,None,228095001000.0,3561472000,2141677000,676280000,277683000,277683000,None,776000,None,None,None,None,None,None,None,3077446000,None,None,None,0.305,3580508000,1544194000,2017278000,278848000,556710000,None,None,None,None,None,None,None,1.668,9.82,9.86,None,None,None,None,None,None,None,0.322,None,961749000,2025-10-28,annual,3.0917,USD,post-market,599510000,2055868000,0.163,0.354,0.159,31.71,386532000,None,528936000,4157073000,215.44,292.46,32.691,10271813000,9001071000,745384000,852856000,1270742000,107472000,6138560000,9418957000,31.06,None,328.46,142.27
2025-12-28,GOOG,10.14,385476002000.0,31.06,None,1.07,32.03,838217000,None,3877174000,3877174000,4370830000,-3358193000,None,None,None,None,None,None,293000,11674955330,None,2577088000,2577088000,115575000,None,None,687976000,None,None,293812000,293812000,1.02,0.0032,None,None,None,0.353,0.7617,2142453000,2436265000,2.33,2005-12-31,28.25,None,228095001000.0,3561472000,2141677000,676280000,277683000,277683000,None,776000,None,None,None,None,None,None,None,1465397000,None,None,None,0.305,2459422000,1544194000,2017278000,278848000,556710000,None,None,None,None,None,None,None,1.668,9.82,9.86,None,None,None,None,None,None,None,0.322,None,961749000,2025-10-28,annual,3.0917,USD,post-market,599510000,2055868000,0.163,0.354,0.159,31.71,386532000,None,528936000,4157073000,215.44,292.46,32.691,10271813000,9001071000,745384000,852856000,1270742000,107472000,6138560000,9418957000,31.06,None,328.46,142.27
