date,symbol,eps,revenue_ttm,pe_ratio,accumulateddepreciationamortizationppe,beta,book_value,capitalexpenditures,capitalleaseobligations,cashandcashequivalentsatcarryingvalue,cashandshortterminvestments,cashflowfromfinancing,cashflowfrominvestment,changeincashandcashequivalents,changeinexchangerate,changeininventory,changeinoperatingassets,changeinoperatingliabilities,changeinreceivables,commonstock,commonstocksharesoutstanding,comprehensiveincomenetoftax,costofgoodsandservicessold,costofrevenue,currentaccountspayable,currentdebt,currentlongtermdebt,currentnetreceivables,deferredrevenue,depreciation,depreciationandamortization,depreciationdepletionandamortization,dividend_per_share,dividend_yield,dividendpayout,dividendpayoutcommonstock,dividendpayoutpreferredstock,earnings_growth_yoy,earnings_surprise,ebit,ebitda,estimated_eps,fiscaldateending,forward_pe,goodwill,gross_profit_ttm,grossprofit,incomebeforetax,incometaxexpense,intangibleassets,intangibleassetsexcludinggoodwill,interestanddebtexpense,interestexpense,interestincome,inventory,investmentincomenet,investments,longtermdebt,longtermdebtnoncurrent,longterminvestments,netincome,netincomefromcontinuingoperations,netinterestincome,noninterestincome,operating_margin_ttm,operatingcashflow,operatingexpenses,operatingincome,othercurrentassets,othercurrentliabilities,othernoncurrentassets,othernoncurrentliabilities,othernonoperatingincome,paymentsforoperatingactivities,paymentsforrepurchaseofcommonstock,paymentsforrepurchaseofequity,paymentsforrepurchaseofpreferredstock,peg_ratio,price_to_book,price_to_sales_ttm,proceedsfromissuanceofcommonstock,proceedsfromissuanceoflongtermdebtandcapitalsecuritiesnet,proceedsfromissuanceofpreferredstock,proceedsfromoperatingactivities,proceedsfromrepaymentsofshorttermdebt,proceedsfromrepurchaseofequity,proceedsfromsaleoftreasurystock,profit_margin,profitloss,propertyplantequipment,report_date,report_type,reported_eps,reportedcurrency,reporttime,researchanddevelopment,retainedearnings,return_on_assets_ttm,return_on_equity_ttm,revenue_growth_yoy,revenue_per_share_ttm,sellinggeneralandadministrative,shortlongtermdebttotal,shorttermdebt,shortterminvestments,sma_200,sma_50,surprise_pct,totalassets,totalcurrentassets,totalcurrentliabilities,totalliabilities,totalnoncurrentassets,totalnoncurrentliabilities,totalrevenue,totalshareholderequity,trailing_pe,treasurystock,week_52_high,week_52_low
2000-12-31,GRMN,,,,,,,,,,,,,,,,,,,,,,,,,,,,,,,,,,,,,,0.03,,,0.11,,,,,,,,,,,,,,,,,,,,,,,,,,,,,,,,,,,,,,,,,,,,,,,,,2001-02-14,,0.14,,pre-market,,,,,,,,,,,,,27.2727,,,,,,,,,,,,
2001-03-31,GRMN,,,,,,,,,,,,,,,,,,,,,,,,,,,,,,,,,,,,,,0.0,,,0.12,,,,,,,,,,,,,,,,,,,,,,,,,,,,,,,,,,,,,,,,,,,,,,,,,2001-05-03,,0.12,,pre-market,,,,,,,,,,,,,0.0,,,,,,,,,,,,
2001-06-30,GRMN,,,,,,,,,,,,,,,,,,,,,,,,,,,,,,,,,,,,,,0.0,,,0.14,,,,,,,,,,,,,,,,,,,,,,,,,,,,,,,,,,,,,,,,,,,,,,,,,2001-08-01,,0.14,,pre-market,,,,,,,,,,,,,0.0,,,,,,,,,,,,
2001-09-30,GRMN,,,,,,,,,,,,,,,,,,,,,,,,,,,,,,,,,,,,,,0.02,,,0.1,,,,,,,,,,,,,,,,,,,,,,,,,,,,,,,,,,,,,,,,,,,,,,,,,2001-11-01,,0.12,,pre-market,,,,,,,,,,,,,20.0,,,,,,,,,,,,
2001-12-31,GRMN,,,,,,,,,,,,,,,,,,,,,,,,,,,,,,,,,,,,,,0.01,,,0.11,,,,,,,,,,,,,,,,,,,,,,,,,,,,,,,,,,,,,,,,,,,,,,,,,2002-02-13,,0.12,,pre-market,,,,,,,,,,,,,9.0909,,,,,,,,,,,,
2002-03-31,GRMN,,,,,,,,,,,,,,,,,,,,,,,,,,,,,,,,,,,,,,0.01,,,0.12,,,,,,,,,,,,,,,,,,,,,,,,,,,,,,,,,,,,,,,,,,,,,,,,,2002-05-01,,0.13,,pre-market,,,,,,,,,,,,,8.3333,,,,,,,,,,,,
2002-06-30,GRMN,,,,,,,,,,,,,,,,,,,,,,,,,,,,,,,,,,,,,,0.01,,,0.14,,,,,,,,,,,,,,,,,,,,,,,,,,,,,,,,,,,,,,,,,,,,,,,,,2002-07-31,,0.15,,pre-market,,,,,,,,,,,,,7.1429,,,,,,,,,,,,
2002-09-30,GRMN,,,,,,,,,,,,,,,,,,,,,,,,,,,,,,,,,,,,,,0.02,,,0.12,,,,,,,,,,,,,,,,,,,,,,,,,,,,,,,,,,,,,,,,,,,,,,,,,2002-10-30,,0.14,,pre-market,,,,,,,,,,,,,16.6667,,,,,,,,,,,,
2002-12-31,GRMN,,,,,,,,,,,,,,,,,,,,,,,,,,,,,,,,,,,,,,0.03,,,0.18,,,,,,,,,,,,,,,,,,,,,,,,,,,,,,,,,,,,,,,,,,,,,,,,,2003-02-12,,0.21,,pre-market,,,,,,,,,,,,,16.6667,,,,,,,,,,,,
2003-03-31,GRMN,,,,,,,,,,,,,,,,,,,,,,,,,,,,,,,,,,,,,,0.03,,,0.16,,,,,,,,,,,,,,,,,,,,,,,,,,,,,,,,,,,,,,,,,,,,,,,,,2003-04-30,,0.19,,pre-market,,,,,,,,,,,,,18.75,,,,,,,,,,,,
2003-06-30,GRMN,,,,,,,,,,,,,,,,,,,,,,,,,,,,,,,,,,,,,,0.0,,,0.22,,,,,,,,,,,,,,,,,,,,,,,,,,,,,,,,,,,,,,,,,,,,,,,,,2003-07-30,,0.22,,pre-market,,,,,,,,,,,,,0.0,,,,,,,,,,,,
2003-09-30,GRMN,,,,,,,,,,,,,,,,,,,,,,,,,,,,,,,,,,,,,,0.02,,,0.18,,,,,,,,,,,,,,,,,,,,,,,,,,,,,,,,,,,,,,,,,,,,,,,,,2003-10-29,,0.2,,pre-market,,,,,,,,,,,,,11.1111,,,,,,,,,,,,
2003-12-31,GRMN,,,,,,,,,,,,,,,,,,,,,,,,,,,,,,,,,,,,,,0.01,,,0.23,,,,,,,,,,,,,,,,,,,,,,,,,,,,,,,,,,,,,,,,,,,,,,,,,2004-02-11,,0.24,,pre-market,,,,,,,,,,,,,4.3478,,,,,,,,,,,,
2004-03-31,GRMN,,,,,,,,,,,,,,,,,,,,,,,,,,,,,,,,,,,,,,0.0,,,0.19,,,,,,,,,,,,,,,,,,,,,,,,,,,,,,,,,,,,,,,,,,,,,,,,,2004-04-28,,0.19,,pre-market,,,,,,,,,,,,,0.0,,,,,,,,,,,,
2004-06-30,GRMN,,,,,,,,,,,,,,,,,,,,,,,,,,,,,,,,,,,,,,0.02,,,0.23,,,,,,,,,,,,,,,,,,,,,,,,,,,,,,,,,,,,,,,,,,,,,,,,,2004-07-28,,0.25,,pre-market,,,,,,,,,,,,,8.6957,,,,,,,,,,,,
2004-09-30,GRMN,,,,,,,,,,,,,,,,,,,,,,,,,,,,,,,,,,,,,,0.07,,,0.22,,,,,,,,,,,,,,,,,,,,,,,,,,,,,,,,,,,,,,,,,,,,,,,,,2004-10-27,,0.29,,pre-market,,,,,,,,,,,,,31.8182,,,,,,,,,,,,
2004-12-31,GRMN,,,,,,,,,,,,,,,,,,,,,,,,,,,,,,,,,,,,,,0.04,,,0.28,,,,,,,,,,,,,,,,,,,,,,,,,,,,,,,,,,,,,,,,,,,,,,,,,2005-02-09,,0.32,,pre-market,,,,,,,,,,,,,14.2857,,,,,,,,,,,,
2005-03-31,GRMN,,,,,,,,,,,,,,,,,,,,,,,,,,,,,,,,,,,,,,0.01,,,0.25,,,,,,,,,,,,,,,,,,,,,,,,,,,,,,,,,,,,,,,,,,,,,,,,,2005-04-27,,0.26,,pre-market,,,,,,,,,,,,,4.0,,,,,,,,,,,,
2005-06-30,GRMN,,,,,,,,,,,,,,,,,,,,,,,,,,,,,,,,,,,,,,0.06,,,0.29,,,,,,,,,,,,,,,,,,,,,,,,,,,,,,,,,,,,,,,,,,,,,,,,,2005-07-27,,0.35,,pre-market,,,,,,,,,,,,,20.6897,,,,,,,,,,,,
2005-09-30,GRMN,,,,,,,,,,,,,,,,,,,,,,,,,,,,,,,,,,,,,,0.03,,,0.31,,,,,,,,,,,,,,,,,,,,,,,,,,,,,,,,,,,,,,,,,,,,,,,,,2005-10-26,,0.34,,pre-market,,,,,,,,,,,,,9.6774,,,,,,,,,,,,
2005-12-31,GRMN,,,,,,,,,,,,,,,,,,,,,,,,,,,,,,,,,,,,,,0.09,,,0.35,,,,,,,,,,,,,,,,,,,,,,,,,,,,,,,,,,,,,,,,,,,,,,,,,2006-02-22,,0.44,,pre-market,,,,,,,,,,,,,25.7143,,,,,,,,,,,,
2006-03-31,GRMN,,,,,,,,,,,,,,,,,,,,,,,,,,,,,,,,,,,,,,0.09,,,0.34,,,,,,,,,,,,,,,,,,,,,,,,,,,,,,,,,,,,,,,,,,,,,,,,,2006-05-03,,0.43,,pre-market,,,,,,,,,,,,,26.4706,,,,,,,,,,,,
2006-06-30,GRMN,,,,,,,,,,,,,,,,,,,,,,,,,,,,,,,,,,,,,,0.08,,,0.47,,,,,,,,,,,,,,,,,,,,,,,,,,,,,,,,,,,,,,,,,,,,,,,,,2006-08-02,,0.55,,pre-market,,,,,,,,,,,,,17.0213,,,,,,,,,,,,
2006-09-30,GRMN,,,,,,,,,,,,,,,,,,,,,,,,,,,,,,,,,,,,,,0.0,,,0.5,,,,,,,,,,,,,,,,,,,,,,,,,,,,,,,,,,,,,,,,,,,,,,,,,2006-11-01,,0.5,,pre-market,,,,,,,,,,,,,0.0,,,,,,,,,,,,
2006-12-31,GRMN,,,,,,,,,,,,,,,,,,,,,,,,,,,,,,,,,,,,,,0.29,,,0.58,,,,,,,,,,,,,,,,,,,,,,,,,,,,,,,,,,,,,,,,,,,,,,,,,2007-02-14,,0.87,,pre-market,,,,,,,,,,,,,50.0,,,,,,,,,,,,
2007-03-31,GRMN,,,,,,,,,,,,,,,,,,,,,,,,,,,,,,,,,,,,,,0.01,,,0.58,,,,,,,,,,,,,,,,,,,,,,,,,,,,,,,,,,,,,,,,,,,,,,,,,2007-05-02,,0.59,,pre-market,,,,,,,,,,,,,1.7241,,,,,,,,,,,,
2007-06-30,GRMN,,,,,,,,,,,,,,,,,,,,,,,,,,,,,,,,,,,,,,0.26,,,0.74,,,,,,,,,,,,,,,,,,,,,,,,,,,,,,,,,,,,,,,,,,,,,,,,,2007-08-01,,1.0,,pre-market,,,,,,,,,,,,,35.1351,,,,,,,,,,,,
2007-09-30,GRMN,,,,,,,,,,,,,,,,,,,,,,,,,,,,,,,,,,,,,,0.07,,,0.82,,,,,,,,,,,,,,,,,,,,,,,,,,,,,,,,,,,,,,,,,,,,,,,,,2007-10-31,,0.89,,pre-market,,,,,,,,,,,,,8.5366,,,,,,,,,,,,
2007-12-31,GRMN,,,,,,,,,,,,,,,,,,,,,,,,,,,,,,,,,,,,,,0.2,,,1.11,,,,,,,,,,,,,,,,,,,,,,,,,,,,,,,,,,,,,,,,,,,,,,,,,2008-02-20,,1.31,,pre-market,,,,,,,,,,,,,18.018,,,,,,,,,,,,
2008-03-31,GRMN,,,,,,,,,,,,,,,,,,,,,,,,,,,,,,,,,,,,,,-0.06,,,0.75,,,,,,,,,,,,,,,,,,,,,,,,,,,,,,,,,,,,,,,,,,,,,,,,,2008-04-30,,0.69,,pre-market,,,,,,,,,,,,,-8.0,,,,,,,,,,,,
2008-06-30,GRMN,,,,,,,,,,,,,,,,,,,,,,,,,,,,,,,,,,,,,,0.18,,,1.0,,,,,,,,,,,,,,,,,,,,,,,,,,,,,,,,,,,,,,,,,,,,,,,,,2008-07-30,,1.18,,pre-market,,,,,,,,,,,,,18.0,,,,,,,,,,,,
2008-09-30,GRMN,,,,,,,,,,,,,,,,,,,,,,,,,,,,,,,,,,,,,,0.03,,,0.84,,,,,,,,,,,,,,,,,,,,,,,,,,,,,,,,,,,,,,,,,,,,,,,,,2008-10-29,,0.87,,pre-market,,,,,,,,,,,,,3.5714,,,,,,,,,,,,
2008-12-31,GRMN,,,,,,,,,,,,,,,,,,,,,,,,,,,,,,,,,,,,,,-0.05,,,0.98,,,,,,,,,,,,,,,,,,,,,,,,,,,,,,,,,,,,,,,,,,,,,,,,,2009-02-23,,0.93,,pre-market,,,,,,,,,,,,,-5.102,,,,,,,,,,,,
2009-03-31,GRMN,,,,,,,,,,,,,,,,,,,,,,,,,,,,,,,,,,,,,,-0.17,,,0.42,,,,,,,,,,,,,,,,,,,,,,,,,,,,,,,,,,,,,,,,,,,,,,,,,2009-05-06,,0.25,,pre-market,,,,,,,,,,,,,-40.4762,,,,,,,,,,,,
2009-06-30,GRMN,,,,,,,,,,,,,,,,,,,,,,,,,,,,,,,,,,,,,,0.32,,,0.51,,,,,,,,,,,,,,,,,,,,,,,,,,,,,,,,,,,,,,,,,,,,,,,,,2009-08-05,,0.83,,pre-market,,,,,,,,,,,,,62.7451,,,,,,,,,,,,
2009-09-30,GRMN,,,,,,,,,,,,,,,,,,,,,,,,,,,,,,,,,,,,,,0.33,,,0.69,,,,,,,,,,,,,,,,,,,,,,,,,,,,,,,,,,,,,,,,,,,,,,,,,2009-11-04,,1.02,,pre-market,,,,,,,,,,,,,47.8261,,,,,,,,,,,,
2009-12-31,GRMN,,,,,,,,,,,,,,,,,,,,,,,,,,,,,,,,,,,,,,0.48,,,0.95,,,,,,,,,,,,,,,,,,,,,,,,,,,,,,,,,,,,,,,,,,,,,,,,,2010-02-24,,1.43,,pre-market,,,,,,,,,,,,,50.5263,,,,,,,,,,,,
2010-03-31,GRMN,,,,,,,,,,,,,,,,,,,,,,,,,,,,,,,,,,,,,,-0.04,,,0.42,,,,,,,,,,,,,,,,,,,,,,,,,,,,,,,,,,,,,,,,,,,,,,,,,2010-05-05,,0.38,,pre-market,,,,,,,,,,,,,-9.5238,,,,,,,,,,,,
2010-06-30,GRMN,,,,,,,,,,,,,,,,,,,,,,,,,,,,,,,,,,,,,,0.12,,,0.73,,,,,,,,,,,,,,,,,,,,,,,,,,,,,,,,,,,,,,,,,,,,,,,,,2010-08-04,,0.85,,pre-market,,,,,,,,,,,,,16.4384,,,,,,,,,,,,
2010-09-30,GRMN,,,,,,,,,,,,,,,,,,,,,,,,,,,,,,,,,,,,,,-0.05,,,0.75,,,,,,,,,,,,,,,,,,,,,,,,,,,,,,,,,,,,,,,,,,,,,,,,,2010-11-03,,0.7,,pre-market,,,,,,,,,,,,,-6.6667,,,,,,,,,,,,
2010-12-31,GRMN,,,,,,,,,,,,,,,,,,,,,,,,,,,,,,,,,,,,,,-0.05,,,0.88,,,,,,,,,,,,,,,,,,,,,,,,,,,,,,,,,,,,,,,,,,,,,,,,,2011-02-23,,0.83,,pre-market,,,,,,,,,,,,,-5.6818,,,,,,,,,,,,
2011-03-31,GRMN,,,,,,,,,,,,,,,,,,,,,,,,,,,,,,,,,,,,,,0.1,,,0.33,,,,,,,,,,,,,,,,,,,,,,,,,,,,,,,,,,,,,,,,,,,,,,,,,2011-05-04,,0.43,,pre-market,,,,,,,,,,,,,30.303,,,,,,,,,,,,
2011-06-30,GRMN,,,,,,,,,,,,,,,,,,,,,,,,,,,,,,,,,,,,,,-0.05,,,0.68,,,,,,,,,,,,,,,,,,,,,,,,,,,,,,,,,,,,,,,,,,,,,,,,,2011-08-03,,0.63,,pre-market,,,,,,,,,,,,,-7.3529,,,,,,,,,,,,
2011-09-30,GRMN,,,,,,,,,,,,,,,,,,,,,,,,,,,,,,,,,,,,,,0.21,,,0.5,,,,,,,,,,,,,,,,,,,,,,,,,,,,,,,,,,,,,,,,,,,,,,,,,2011-11-02,,0.71,,pre-market,,,,,,,,,,,,,42.0,,,,,,,,,,,,
2011-12-31,GRMN,,,,,,,,,,,,,,,,,,,,,,,,,,,,,,,,,,,,,,0.3,,,0.66,,,,,,,,,,,,,,,,,,,,,,,,,,,,,,,,,,,,,,,,,,,,,,,,,2012-02-22,,0.96,,pre-market,,,,,,,,,,,,,45.4545,,,,,,,,,,,,
2012-03-31,GRMN,,,,,,,,,,,,,,,,,,,,,,,,,,,,,,,,,,,,,,0.04,,,0.41,,,,,,,,,,,,,,,,,,,,,,,,,,,,,,,,,,,,,,,,,,,,,,,,,2012-05-02,,0.45,,pre-market,,,,,,,,,,,,,9.7561,,,,,,,,,,,,
2012-06-30,GRMN,,,,,,,,,,,,,,,,,,,,,,,,,,,,,,,,,,,,,,0.31,,,0.67,,,,,,,,,,,,,,,,,,,,,,,,,,,,,,,,,,,,,,,,,,,,,,,,,2012-08-01,,0.98,,pre-market,,,,,,,,,,,,,46.2687,,,,,,,,,,,,
2012-09-30,GRMN,,,,,,,,,,,,,,,,,,,,,,,,,,,,,,,,,,,,,,0.13,,,0.61,,,,,,,,,,,,,,,,,,,,,,,,,,,,,,,,,,,,,,,,,,,,,,,,,2012-10-31,,0.74,,pre-market,,,,,,,,,,,,,21.3115,,,,,,,,,,,,
2012-12-31,GRMN,,,,,,,,,,,,,,,,,,,,,,,,,,,,,,,,,,,,,,-0.05,,,0.73,,,,,,,,,,,,,,,,,,,,,,,,,,,,,,,,,,,,,,,,,,,,,,,,,2013-02-20,,0.68,,pre-market,,,,,,,,,,,,,-6.8493,,,,,,,,,,,,
2013-03-31,GRMN,,,,,,,,,,,,,,,,,,,,,,,,,,,,,,,,,,,,,,-0.01,,,0.41,,,,,,,,,,,,,,,,,,,,,,,,,,,,,,,,,,,,,,,,,,,,,,,,,2013-05-01,,0.4,,pre-market,,,,,,,,,,,,,-2.439,,,,,,,,,,,,
2013-06-30,GRMN,,,,,,,,,,,,,,,,,,,,,,,,,,,,,,,,,,,,,,0.11,,,0.65,,,,,,,,,,,,,,,,,,,,,,,,,,,,,,,,,,,,,,,,,,,,,,,,,2013-07-31,,0.76,,pre-market,,,,,,,,,,,,,16.9231,,,,,,,,,,,,
2013-09-30,GRMN,,,,,,,,,,,,,,,,,,,,,,,,,,,,,,,,,,,,,,0.1,,,0.59,,,,,,,,,,,,,,,,,,,,,,,,,,,,,,,,,,,,,,,,,,,,,,,,,2013-10-30,,0.69,,pre-market,,,,,,,,,,,,,16.9492,,,,,,,,,,,,
2013-12-31,GRMN,,,,,,,,,,,,,,,,,,,,,,,,,,,,,,,,,,,,,,0.14,,,0.62,,,,,,,,,,,,,,,,,,,,,,,,,,,,,,,,,,,,,,,,,,,,,,,,,2014-02-19,,0.76,,pre-market,,,,,,,,,,,,,22.5806,,,,,,,,,,,,
2014-03-31,GRMN,,,,,,,,,,,,,,,,,,,,,,,,,,,,,,,,,,,,,,0.11,,,0.44,,,,,,,,,,,,,,,,,,,,,,,,,,,,,,,,,,,,,,,,,,,,,,,,,2014-04-30,,0.55,,pre-market,,,,,,,,,,,,,25.0,,,,,,,,,,,,
2014-06-30,GRMN,,,,,,,,,,,,,,,,,,,,,,,,,,,,,,,,,,,,,,0.26,,,0.76,,,,,,,,,,,,,,,,,,,,,,,,,,,,,,,,,,,,,,,,,,,,,,,,,2014-07-30,,1.02,,pre-market,,,,,,,,,,,,,34.2105,,,,,,,,,,,,
2014-09-30,GRMN,,,,,,,,,,,,,,,,,,,,,,,,,,,,,,,,,,,,,,0.05,,,0.71,,,,,,,,,,,,,,,,,,,,,,,,,,,,,,,,,,,,,,,,,,,,,,,,,2014-10-29,,0.76,,pre-market,,,,,,,,,,,,,7.0423,,,,,,,,,,,,
2014-12-31,GRMN,,,,,,,,,,,,,,,,,,,,,,,,,,,,,,,,,,,,,,-0.01,,,0.78,,,,,,,,,,,,,,,,,,,,,,,,,,,,,,,,,,,,,,,,,,,,,,,,,2015-02-18,,0.77,,pre-market,,,,,,,,,,,,,-1.2821,,,,,,,,,,,,
2015-03-31,GRMN,,,,,,,,,,,,,,,,,,,,,,,,,,,,,,,,,,,,,,-0.02,,,0.57,,,,,,,,,,,,,,,,,,,,,,,,,,,,,,,,,,,,,,,,,,,,,,,,,2015-04-29,,0.55,,pre-market,,,,,,,,,,,,,-3.5088,,,,,,,,,,,,
2015-06-30,GRMN,,,,,,,,,,,,,,,,,,,,,,,,,,,,,,,,,,,,,,-0.06,,,0.78,,,,,,,,,,,,,,,,,,,,,,,,,,,,,,,,,,,,,,,,,,,,,,,,,2015-07-29,,0.72,,pre-market,,,,,,,,,,,,,-7.6923,,,,,,,,,,,,
2015-09-30,GRMN,,,,,,,,,,,,,,,,,,,,,,,,,,,,,,,,,,,,,,-0.04,,,0.55,,,,,,,,,,,,,,,,,,,,,,,,,,,,,,,,,,,,,,,,,,,,,,,,,2015-10-28,,0.51,,pre-market,,,,,,,,,,,,,-7.2727,,,,,,,,,,,,
2015-12-31,GRMN,,,,,,,,,,,,,,,,,,,,,,,,,,,,,,,,,,,,,,0.26,,,0.48,,,,,,,,,,,,,,,,,,,,,,,,,,,,,,,,,,,,,,,,,,,,,,,,,2016-02-17,,0.74,,pre-market,,,,,,,,,,,,,54.1667,,,,,,,,,,,,
2016-03-31,GRMN,,,,,,,,,,,,,,,,,,,,,,,,,,,,,,,,,,,,,,0.07,,,0.42,,,,,,,,,,,,,,,,,,,,,,,,,,,,,,,,,,,,,,,,,,,,,,,,,2016-04-27,,0.49,,pre-market,,,,,,,,,,,,,16.6667,,,,,,,,,,,,
2016-06-30,GRMN,,,,,,,,,,,,,,,,,,,,,,,,,,,,,,,,,,,,,,0.2,,,0.67,,,,,,,,,,,,,,,,,,,,,,,,,,,,,,,,,,,,,,,,,,,,,,,,,2016-07-27,,0.87,,pre-market,,,,,,,,,,,,,29.8507,,,,,,,,,,,,
2016-09-30,GRMN,,,,,,,,,,,,,,,,,,,,,,,,,,,,,,,,,,,,,,0.21,,,0.54,,,,,,,,,,,,,,,,,,,,,,,,,,,,,,,,,,,,,,,,,,,,,,,,,2016-10-26,,0.75,,pre-market,,,,,,,,,,,,,38.8889,,,,,,,,,,,,
2016-12-31,GRMN,,,,,,,,,,,,,,,,,,,,,,,,,,,,,,,,,,,,,,0.16,,,0.57,,,,,,,,,,,,,,,,,,,,,,,,,,,,,,,,,,,,,,,,,,,,,,,,,2017-02-22,,0.73,,pre-market,,,,,,,,,,,,,28.0702,,,,,,,,,,,,
2017-03-31,GRMN,,,,,,,,,,,,,,,,,,,,,,,,,,,,,,,,,,,,,,0.07,,,0.45,,,,,,,,,,,,,,,,,,,,,,,,,,,,,,,,,,,,,,,,,,,,,,,,,2017-05-03,,0.52,,pre-market,,,,,,,,,,,,,15.5556,,,,,,,,,,,,
2017-06-30,GRMN,,,,,,,,,,,,,,,,,,,,,,,,,,,,,,,,,,,,,,0.07,,,0.81,,,,,,,,,,,,,,,,,,,,,,,,,,,,,,,,,,,,,,,,,,,,,,,,,2017-08-02,,0.88,,pre-market,,,,,,,,,,,,,8.642,,,,,,,,,,,,
2017-09-30,GRMN,,,,,,,,,,,,,,,,,,,,,,,,,,,,,,,,,,,,,,0.09,,,0.66,,,,,,,,,,,,,,,,,,,,,,,,,,,,,,,,,,,,,,,,,,,,,,,,,2017-11-01,,0.75,,pre-market,,,,,,,,,,,,,13.6364,,,,,,,,,,,,
2017-12-31,GRMN,,,,,,,,,,,,,,,,,,,,,,,,,,,,,,,,,,,,,,0.04,,,0.75,,,,,,,,,,,,,,,,,,,,,,,,,,,,,,,,,,,,,,,,,,,,,,,,,2018-02-21,,0.79,,pre-market,,,,,,,,,,,,,5.3333,,,,,,,,,,,,
2018-03-31,GRMN,,,,,,,,,,,,,,,,,,,,,,,,,,,,,,,,,,,,,,0.12,,,0.56,,,,,,,,,,,,,,,,,,,,,,,,,,,,,,,,,,,,,,,,,,,,,,,,,2018-05-02,,0.68,,pre-market,,,,,,,,,,,,,21.4286,,,,,,,,,,,,
2018-06-30,GRMN,,,,,,,,,,,,,,,,,,,,,,,,,,,,,,,,,,,,,,0.12,,,0.87,,,,,,,,,,,,,,,,,,,,,,,,,,,,,,,,,,,,,,,,,,,,,,,,,2018-08-01,,0.99,,pre-market,,,,,,,,,,,,,13.7931,,,,,,,,,,,,
2018-09-30,GRMN,,,,,,,,,,,,,,,,,,,,,,,,,,,,,,,,,,,,,,0.24,,,0.76,,,,,,,,,,,,,,,,,,,,,,,,,,,,,,,,,,,,,,,,,,,,,,,,,2018-10-31,,1.0,,pre-market,,,,,,,,,,,,,31.5789,,,,,,,,,,,,
2018-12-31,GRMN,,,,,,,,,,,,,,,,,,,,,,,,,,,,,,,,,,,,,,0.22,,,0.8,,,,,,,,,,,,,,,,,,,,,,,,,,,,,,,,,,,,,,,,,,,,,,,,,2019-02-20,,1.02,,pre-market,,,,,,,,,,,,,27.5,,,,,,,,,,,,
2019-03-31,GRMN,,,,,,,,,,,,,,,,,,,,,,,,,,,,,,,,,,,,,,0.02,,,0.71,,,,,,,,,,,,,,,,,,,,,,,,,,,,,,,,,,,,,,,,,,,,,,,,,2019-05-01,,0.73,,pre-market,,,,,,,,,,,,,2.8169,,,,,,,,,,,,
2019-06-30,GRMN,,,,,,,,,,,,,,,,,,,,,,,,,,,,,,,,,,,,,,0.15,,,1.01,,,,,,,,,,,,,,,,,,,,,,,,,,,,,,,,,,,,,,,,,,,,,,,,,2019-07-31,,1.16,,pre-market,,,,,,,,,,,,,14.8515,,,,,,,,,,,,
2019-09-30,GRMN,,,,,,,,,,,,,,,,,,,,,,,,,,,,,,,,,,,,,,0.32,,,0.95,,,,,,,,,,,,,,,,,,,,,,,,,,,,,,,,,,,,,,,,,,,,,,,,,2019-10-30,,1.27,,pre-market,,,,,,,,,,,,,33.6842,,,,,,,,,,,,
2019-12-31,GRMN,,,,,,,,,,,,,,,,,,,,,,,,,,,,,,,,,,,,,,0.25,,,1.04,,,,,,,,,,,,,,,,,,,,,,,,,,,,,,,,,,,,,,,,,,,,,,,,,2020-02-19,,1.29,,pre-market,,,,,,,,,,,,,24.0385,,,,,,,,,,,,
2020-03-31,GRMN,,,,,,,,,,,,,,,,,,,,,,,,,,,,,,,,,,,,,,0.07,,,0.84,,,,,,,,,,,,,,,,,,,,,,,,,,,,,,,,,,,,,,,,,,,,,,,,,2020-04-29,,0.91,,pre-market,,,,,,,,,,,,,8.3333,,,,,,,,,,,,
2020-06-30,GRMN,,,,,,,,,,,,,,,,,,,,,,,,,,,,,,,,,,,,,,0.52,,,0.39,,,,,,,,,,,,,,,,,,,,,,,,,,,,,,,,,,,,,,,,,,,,,,,,,2020-07-29,,0.91,,pre-market,,,,,,,,,,,,,133.3333,,,,,,,,,,,,
2020-09-30,GRMN,,,,,,,,,,,,,,,,,,,,,,,,,,,,,,,,,,,,,,0.59,,,0.99,,,,,,,,,,,,,,,,,,,,,,,,,,,,,,,,,,,,,,,,,,,,,,,,,2020-10-28,,1.58,,pre-market,,,,,,,,,,,,,59.596,,,,,,,,,,,,
2020-12-31,GRMN,,,,,,,,,,,,,,,,,,,,,,,,,,,,,,,,,,,,,,0.34,,,1.39,,,,,,,,,,,,,,,,,,,,,,,,,,,,,,,,,,,,,,,,,,,,,,,,,2021-02-17,,1.73,,pre-market,,,,,,,,,,,,,24.4604,,,,,,,,,,,,
2021-03-31,GRMN,,,,,,,,,,,,,,,,,,,,,,,,,,,,,,,,,,,,,,0.29,,,0.89,,,,,,,,,,,,,,,,,,,,,,,,,,,,,,,,,,,,,,,,,,,,,,,,,2021-04-28,,1.18,,pre-market,,,,,,,,,,,,,32.5843,,,,,,,,,,,,
2021-06-30,GRMN,,,,,,,,,,,,,,,,,,,,,,,,,,,,,,,,,,,,,,0.42,,,1.26,,,,,,,,,,,,,,,,,,,,,,,,,,,,,,,,,,,,,,,,,,,,,,,,,2021-07-28,,1.68,,pre-market,,,,,,,,,,,,,33.3333,,,,,,,,,,,,
2021-09-30,GRMN,,,,,,,,,,,,,,,,,,,,,,,,,,,,,,,,,,,,,,0.15,,,1.26,,,,,,,,,,,,,,,,,,,,,,,,,,,,,,,,,,,,,,,,,,,,,,,,,2021-10-27,,1.41,,pre-market,,,,,,,,,,,,,11.9048,,,,,,,,,,,,
2021-12-31,GRMN,,,,,,,,,,,,,,,,,,,,,,,,,,,,,,,,,,,,,,0.12,,,1.43,,,,,,,,,,,,,,,,,,,,,,,,,,,,,,,,,,,,,,,,,,,,,,,,,2022-02-16,,1.55,,pre-market,,,,,,,,,,,,,8.3916,,,,,,,,,,,,
2022-03-31,GRMN,,,,,,,,,,,,,,,,,,,,,,,,,,,,,,,,,,,,,,-0.02,,,1.13,,,,,,,,,,,,,,,,,,,,,,,,,,,,,,,,,,,,,,,,,,,,,,,,,2022-04-27,,1.11,,pre-market,,,,,,,,,,,,,-1.7699,,,,,,,,,,,,
2022-06-30,GRMN,,,,,,,,,,,,,,,,,,,,,,,,,,,,,,,,,,,,,,0.04,,,1.4,,,,,,,,,,,,,,,,,,,,,,,,,,,,,,,,,,,,,,,,,,,,,,,,,2022-07-27,,1.44,,pre-market,,,,,,,,,,,,,2.8571,,,,,,,,,,,,
2022-09-30,GRMN,,,,,,,,,,,,,,,,,,,,,,,,,,,,,,,,,,,,,,0.11,,,1.13,,,,,,,,,,,,,,,,,,,,,,,,,,,,,,,,,,,,,,,,,,,,,,,,,2022-10-26,,1.24,,pre-market,,,,,,,,,,,,,9.7345,,,,,,,,,,,,
2022-12-31,GRMN,,,,,,,,,,,,,,,,,,,,,,,,,,,,,,,,,,,,,,0.19,,,1.16,,,,,,,,,,,,,,,,,,,,,,,,,,,,,,,,,,,,,,,,,,,,,,,,,2023-02-22,,1.35,,pre-market,,,,,,,,,,,,,16.3793,,,,,,,,,,,,
2023-03-31,GRMN,,,,,,,,,,,,,,,,,,,,,,,,,,,,,,,,,,,,,,-0.04,,,1.06,,,,,,,,,,,,,,,,,,,,,,,,,,,,,,,,,,,,,,,,,,,,,,,,,2023-05-03,,1.02,,pre-market,,,,,,,,,,,,,-3.7736,,,,,,,,,,,,
2023-06-30,GRMN,,,,,,,,,,,,,,,,,,,,,,,,,,,,,,,,,,,,,,0.04,,,1.41,,,,,,,,,,,,,,,,,,,,,,,,,,,,,,,,,,,,,,,,,,,,,,,,,2023-08-02,,1.45,,pre-market,,,,,,,,,,,,,2.8369,,,,,,,,,,,,
2023-09-30,GRMN,,,,,,,,,,,,,,,,,,,,,,,,,,,,,,,,,,,,,,0.12,,,1.29,,,,,,,,,,,,,,,,,,,,,,,,,,,,,,,,,,,,,,,,,,,,,,,,,2023-11-01,,1.41,,pre-market,,,,,,,,,,,,,9.3023,,,,,,,,,,,,
2023-12-31,GRMN,,,,,,,,,,,,,,,,,,,,,,,,,,,,,,,,,,,,,,0.32,,,1.4,,,,,,,,,,,,,,,,,,,,,,,,,,,,,,,,,,,,,,,,,,,,,,,,,2024-02-21,,1.72,,pre-market,,,,,,,,,,,,,22.8571,,,,,,,,,,,,
2024-03-31,GRMN,,,,,,,,,,,,,,,,,,,,,,,,,,,,,,,,,,,,,,0.41,,,1.01,,,,,,,,,,,,,,,,,,,,,,,,,,,,,,,,,,,,,,,,,,,,,,,,,2024-05-01,,1.42,,pre-market,,,,,,,,,,,,,40.5941,,,,,,,,,,,,
2024-06-30,GRMN,,,,,,,,,,,,,,,,,,,,,,,,,,,,,,,,,,,,,,0.14,,,1.44,,,,,,,,,,,,,,,,,,,,,,,,,,,,,,,,,,,,,,,,,,,,,,,,,2024-07-31,,1.58,,pre-market,,,,,,,,,,,,,9.7222,,,,,,,,,,,,
2024-09-30,GRMN,,,,,,,,,,,,,,,,,,,,,,,,,,,,,,,,,,,,,,0.55,,,1.44,,,,,,,,,,,,,,,,,,,,,,,,,,,,,,,,,,,,,,,,,,,,,,,,,2024-10-30,,1.99,,pre-market,,,,,,,,,,,,,38.1944,,,,,,,,,,,,
2024-12-31,GRMN,,,,,,,,,,,,,,,,,,,,,,,,,,,,,,,,,,,,,,0.3889,,,2.0211,,,,,,,,,,,,,,,,,,,,,,,,,,,,,,,,,,,,,,,,,,,,,,,,,2025-02-19,,2.41,,pre-market,,,,,,,,,,,,,19.242,,,,,,,,,,,,
2025-03-31,GRMN,,,,,,,,,,,,,,,,,,,,,,,,,,,,,,,,,,,,,,0.03,,,1.58,,,,,,,,,,,,,,,,,,,,,,,,,,,,,,,,,,,,,,,,,,,,,,,,,2025-04-29,,1.61,,pre-market,,,,,,,,,,,,,1.8987,,,,,,,,,,,,
2025-06-30,GRMN,,,,,,,,,,,,,,,,,,,,,,,,,,,,,,,,,,,,,,0.31,,,1.86,,,,,,,,,,,,,,,,,,,,,,,,,,,,,,,,,,,,,,,,,,,,,,,,,2025-07-29,,2.17,,pre-market,,,,,,,,,,,,,16.6667,,,,,,,,,,,,
2025-09-30,GRMN,,,,,,,,,,,,,,,,,,,,,,,,,,,,,,,,,,,,,,0.01,,,1.98,,,,,,,,,,,,,,,,,,,,,,,,,,,,,,,,,,,,,,,,,,,,,,,,,2025-10-29,,1.99,,pre-market,,,,,,,,,,,,,0.5051,,,,,,,,,,,,
2025-12-28,GRMN,8.12,6943125000.0,25.31,,1.014,44.07,,,,,,,,,,,,,,,,,,,,,,,,,,3.6,0.0176,,,,0.005,0.01,,,1.98,,23.81,,4077968000.0,,,,,,,,,,,,,,,,,,,0.258,,,,,,,,,,,,,2.841,4.651,5.7,,,,,,,,0.226,,,2025-10-29,,1.99,,pre-market,,,0.112,0.197,0.117,36.09,,,,,215.75,210.97,0.5051,,,,,,,,,25.31,,260.57,167.16
2025-12-28,GRMN,8.12,6943125000.0,25.31,,1.014,44.07,,,,,,,,,,,,,,,None,724414000,724414000,,,,,,None,49104000,,3.6,0.0176,,,,0.005,0.01,509820000,558924000,1.98,2025-09-30,23.81,,4077968000.0,1046487000,509820000,108205000,,,None,None,32085000,,None,,,,,401615000,401615000,32085000,None,0.258,,589684000,456803000,,,,,None,,,,,2.841,4.651,5.7,,,,,,,,0.226,,,2025-10-29,quarterly,1.99,USD,pre-market,286464000,,0.112,0.197,0.117,36.09,303220000,,,,215.75,210.97,0.5051,,,,,,,1770901000,,25.31,,260.57,167.16
2025-12-28,GRMN,8.12,6943125000.0,25.31,,1.014,44.07,,,,,,,,,,,,,,,None,747552000,747552000,,,,,,None,47105000,,3.6,0.0176,,,,0.005,0.01,472295000,519400000,1.98,2025-06-30,23.81,,4077968000.0,1067012000,480251000,79429000,,,None,None,31724000,,None,,,,,400822000,400822000,31724000,None,0.258,,594717000,472295000,,,,,None,,,,,2.841,4.651,5.7,,,,,,,,0.226,,,2025-10-29,quarterly,1.99,USD,pre-market,276663000,,0.112,0.197,0.117,36.09,318054000,,,,215.75,210.97,0.5051,,,,,,,1814564000,,25.31,,260.57,167.16
2025-12-28,GRMN,8.12,6943125000.0,25.31,,1.014,44.07,,,,,,,,,,,,,,,None,650554000,650554000,,,,,,None,46298000,,3.6,0.0176,,,,0.005,0.01,332824000,379122000,1.98,2025-03-31,23.81,,4077968000.0,884545000,389078000,56309000,,,None,None,30507000,,None,,,,,332769000,332769000,30507000,None,0.258,,551721000,332824000,,,,,None,,,,,2.841,4.651,5.7,,,,,,,,0.226,,,2025-10-29,quarterly,1.99,USD,pre-market,268120000,,0.112,0.197,0.117,36.09,283601000,,,,215.75,210.97,0.5051,,,,,,,1535099000,,25.31,,260.57,167.16
2025-12-28,GRMN,8.12,6943125000.0,25.31,,1.014,44.07,,,,,,,,,,,,,,,None,742636000,742636000,,,,,,None,46543000,,3.6,0.0176,,,,0.005,0.01,516081000,562624000,1.98,2024-12-31,23.81,,4077968000.0,1079925000,516138000,80405000,,,None,None,30377000,,None,,,,,435733000,435733000,30377000,None,0.258,,563844000,516081000,,,,,None,,,,,2.841,4.651,5.7,,,,,,,,0.226,,,2025-10-29,quarterly,1.99,USD,pre-market,258753000,,0.112,0.197,0.117,36.09,305091000,,,,215.75,210.97,0.5051,,,,,,,1822561000,,25.31,,260.57,167.16
2025-12-28,GRMN,8.12,6943125000.0,25.31,,1.014,44.07,,,,,,,,,,,,,,,None,634423000,634423000,,,,,,None,44255000,,3.6,0.0176,,,,0.005,0.01,437475000,481730000,1.98,2024-09-30,23.81,,4077968000.0,951599000,486250000,87139000,,,None,None,28830000,,None,,,,,399111000,399111000,28830000,None,0.258,,514124000,437475000,,,,,None,,,,,2.841,4.651,5.7,,,,,,,,0.226,,,2025-10-29,quarterly,1.99,USD,pre-market,249162000,,0.112,0.197,0.117,36.09,264962000,,,,215.75,210.97,0.5051,,,,,,,1586022000,,25.31,,260.57,167.16
2025-12-28,GRMN,8.12,6943125000.0,25.31,,1.014,44.07,,,,,,,,,,,,,,,None,643780000,643780000,,,,,,None,44112000,,3.6,0.0176,,,,0.005,0.01,342027000,386139000,1.98,2024-06-30,23.81,,4077968000.0,862891000,365972000,65342000,,,None,None,29286000,,None,,,,,300630000,300630000,29286000,None,0.258,,520864000,342027000,,,,,None,,,,,2.841,4.651,5.7,,,,,,,,0.226,,,2025-10-29,quarterly,1.99,USD,pre-market,243151000,,0.112,0.197,0.117,36.09,277713000,,,,215.75,210.97,0.5051,,,,,,,1506671000,,25.31,,260.57,167.16
2025-12-28,GRMN,8.12,6943125000.0,25.31,,1.014,44.07,,,,,,,,,,,,,,,None,579510000,579510000,,,,,,None,44825000,,3.6,0.0176,,,,0.005,0.01,298410000,343235000,1.98,2024-03-31,23.81,,4077968000.0,802139000,327040000,51079000,,,None,None,25027000,,None,,,,,275961000,275961000,25027000,None,0.258,,503729000,298410000,,,,,None,,,,,2.841,4.651,5.7,,,,,,,,0.226,,,2025-10-29,quarterly,1.99,USD,pre-market,242535000,,0.112,0.197,0.117,36.09,261194000,,,,215.75,210.97,0.5051,,,,,,,1381649000,,25.31,,260.57,167.16
2025-12-28,GRMN,8.12,6943125000.0,25.31,,1.014,44.07,,,,,,,,,,,,,,,None,618352000,618352000,,,,,,None,45338000,,3.6,0.0176,,,,0.005,0.01,340454000,385792000,1.98,2023-12-31,23.81,,4077968000.0,864149000,383037000,-159090000,,,None,None,22841000,,None,,,,,542127000,542127000,22841000,None,0.258,,523695000,340454000,,,,,None,,,,,2.841,4.651,5.7,,,,,,,,0.226,,,2025-10-29,quarterly,1.99,USD,pre-market,237245000,,0.112,0.197,0.117,36.09,225190000,,,,215.75,210.97,0.5051,,,,,,,1482501000,,25.31,,260.57,167.16
2025-12-28,GRMN,8.12,6943125000.0,25.31,,1.014,44.07,,,,,,,,,,,,,,,None,548962000,548962000,,,,,,None,44630000,,3.6,0.0176,,,,0.005,0.01,270369000,314999000,1.98,2023-09-30,23.81,,4077968000.0,728569000,279571000,22328000,,,None,None,19803000,,None,,,,,257243000,257243000,19803000,None,0.258,,458200000,270369000,,,,,None,,,,,2.841,4.651,5.7,,,,,,,,0.226,,,2025-10-29,quarterly,1.99,USD,pre-market,221572000,,0.112,0.197,0.117,36.09,201470000,,,,215.75,210.97,0.5051,,,,,,,1277531000,,25.31,,260.57,167.16
2025-12-28,GRMN,8.12,6943125000.0,25.31,,1.014,44.07,,,,,,,,,,,,,,,None,561353000,561353000,,,,,,None,44189000,,3.6,0.0176,,,,0.005,0.01,284355000,328544000,1.98,2023-06-30,23.81,,4077968000.0,759442000,315976000,28037000,,,None,None,18760000,,None,,,,,287939000,287939000,18760000,None,0.258,,475087000,284355000,,,,,None,,,,,2.841,4.651,5.7,,,,,,,,0.226,,,2025-10-29,quarterly,1.99,USD,pre-market,224394000,,0.112,0.197,0.117,36.09,204349000,,,,215.75,210.97,0.5051,,,,,,,1320795000,,25.31,,260.57,167.16
2025-12-28,GRMN,8.12,6943125000.0,25.31,,1.014,44.07,,,,,,,,,,,,,,,None,494630000,494630000,,,,,,None,43415000,,3.6,0.0176,,,,0.005,0.01,196982000,240397000,1.98,2023-03-31,23.81,,4077968000.0,652794000,221772000,19445000,,,None,32478000,15899000,,None,,,,,202327000,202327000,15899000,None,0.258,,455812000,196982000,,,,,24790000,,,,,2.841,4.651,5.7,,,,,,,,0.226,,,2025-10-29,quarterly,1.99,USD,pre-market,221485000,,0.112,0.197,0.117,36.09,203980000,,,,215.75,210.97,0.5051,,,,,,,1147424000,,25.31,,260.57,167.16
2025-12-28,GRMN,8.12,6943125000.0,25.31,,1.014,44.07,,,,,,,,,,,,,,,None,561386000,561386000,,,,,,None,41499000,,3.6,0.0176,,,,0.005,0.01,267174000,308673000,1.98,2022-12-31,23.81,,4077968000.0,744970000,329876000,36604000,,,None,14306000,14306000,,None,,,,,293272000,293272000,14306000,None,0.258,,477795000,267174000,,,,,62701000,,,,,2.841,4.651,5.7,,,,,,,,0.226,,,2025-10-29,quarterly,1.99,USD,pre-market,215712000,,0.112,0.197,0.117,36.09,204421000,,,,215.75,210.97,0.5051,,,,,,,1306356000,,25.31,,260.57,167.16
2025-12-28,GRMN,8.12,6943125000.0,25.31,,1.014,44.07,,,,,,,,,,,,,,,None,469935000,469935000,,,,,,None,39498000,,3.6,0.0176,,,,0.005,0.01,239373000,278871000,1.98,2022-09-30,23.81,,4077968000.0,670499000,220267000,9419000,,,None,10472000,10472000,,None,,,,,210848000,210848000,10472000,None,0.258,,431126000,239373000,,,,,-19106000,,,,,2.841,4.651,5.7,,,,,,,,0.226,,,2025-10-29,quarterly,1.99,USD,pre-market,208692000,,0.112,0.197,0.117,36.09,189546000,,,,215.75,210.97,0.5051,,,,,,,1140434000,,25.31,,260.57,167.16
2025-12-28,GRMN,8.12,6943125000.0,25.31,,1.014,44.07,,,,,,,,,,,,,,,None,512007000,512007000,,,,,,None,41644000,,3.6,0.0176,,,,0.005,0.01,292740000,334384000,1.98,2022-06-30,23.81,,4077968000.0,728826000,278966000,21093000,,,None,8495000,8495000,,None,,,,,257873000,257873000,8495000,None,0.258,,436086000,292740000,,,,,-13774000,,,,,2.841,4.651,5.7,,,,,,,,0.226,,,2025-10-29,quarterly,1.99,USD,pre-market,201518000,,0.112,0.197,0.117,36.09,191211000,,,,215.75,210.97,0.5051,,,,,,,1240833000,,25.31,,260.57,167.16
2025-12-28,GRMN,8.12,6943125000.0,25.31,,1.014,44.07,,,,,,,,,,,,,,,None,510183000,510183000,,,,,,None,41212000,,3.6,0.0176,,,,0.005,0.01,228556000,269768000,1.98,2022-03-31,23.81,,4077968000.0,662479000,235864000,24272000,,,None,7553000,7553000,,None,,,,,211592000,211592000,7553000,None,0.258,,433923000,228556000,,,,,7308000,,,,,2.841,4.651,5.7,,,,,,,,0.226,,,2025-10-29,quarterly,1.99,USD,pre-market,209006000,,0.112,0.197,0.117,36.09,190784000,,,,215.75,210.97,0.5051,,,,,,,1172662000,,25.31,,260.57,167.16
2025-12-28,GRMN,8.12,6943125000.0,25.31,,1.014,44.07,,,,,,,,,,,,,,,None,619484000,619484000,,,,,,None,41061000,,3.6,0.0176,,,,0.005,0.01,315120000,356181000,1.98,2021-12-31,23.81,,4077968000.0,772105000,308837000,22702000,,,None,7005000,7005000,,None,,,,,286136000,286135000,7005000,None,0.258,,456986000,315119000,,,,,-6282000,,,,,2.841,4.651,5.7,,,,,,,,0.226,,,2025-10-29,quarterly,1.99,USD,pre-market,221772000,,0.112,0.197,0.117,36.09,174090000,,,,215.75,210.97,0.5051,,,,,,,1391589000,,25.31,,260.57,167.16
2025-12-28,GRMN,8.12,6943125000.0,25.31,,1.014,44.07,,,,,,,,,,,,,,,None,496026000,496026000,,,,,,None,39078000,,3.6,0.0176,,,,0.005,0.01,282670000,321748000,1.98,2021-09-30,23.81,,4077968000.0,695947000,275386000,16347000,,,None,6897000,6897000,,None,,,,,259039000,259039000,6897000,None,0.258,,413277000,282670000,,,,,-7284000,,,,,2.841,4.651,5.7,,,,,,,,0.226,,,2025-10-29,quarterly,1.99,USD,pre-market,214057000,,0.112,0.197,0.117,36.09,162515000,,,,215.75,210.97,0.5051,,,,,,,1191973000,,25.31,,260.57,167.16
2025-12-28,GRMN,8.12,6943125000.0,25.31,,1.014,44.07,,,,,,,,,,,,,,,None,546054000,546054000,,,,,,None,37789000,,3.6,0.0176,,,,0.005,0.01,371172000,408961000,1.98,2021-06-30,23.81,,4077968000.0,780851000,372059000,55062000,,,None,7018000,7018000,,None,,,,,316997000,316997000,7018000,None,0.258,,409679000,371172000,,,,,887000,,,,,2.841,4.651,5.7,,,,,,,,0.226,,,2025-10-29,quarterly,1.99,USD,pre-market,200981000,,0.112,0.197,0.117,36.09,165759000,,,,215.75,210.97,0.5051,,,,,,,1326905000,,25.31,,260.57,167.16
2025-12-28,GRMN,8.12,6943125000.0,25.31,,1.014,44.07,,,,,,,,,,,,,,,None,430771000,430771000,,,,,,None,36890000,,3.6,0.0176,,,,0.005,0.01,249659000,286549000,1.98,2021-03-31,23.81,,4077968000.0,641556000,250514000,30485000,,,None,7652000,7652000,,None,,,,,220029000,220029000,7652000,None,0.258,,391897000,249659000,,,,,855000,,,,,2.841,4.651,5.7,,,,,,,,0.226,,,2025-10-29,quarterly,1.99,USD,pre-market,203214000,,0.112,0.197,0.117,36.09,157622000,,,,215.75,210.97,0.5051,,,,,,,1072327000,,25.31,,260.57,167.16
2025-12-28,GRMN,8.12,6943125000.0,25.31,,1.014,44.07,,,,,,,,,,,,,,,None,560422000,560422000,,,,,,None,36605000,,3.6,0.0176,,,,0.005,0.01,371267000,407872000,1.98,2020-12-31,23.81,,4077968000.0,790983000,391465000,57918000,,,None,6744000,6744000,,None,,,,,333548000,333547000,6744000,None,0.258,,419717000,371266000,,,,,20198000,,,,,2.841,4.651,5.7,,,,,,,,0.226,,,2025-10-29,quarterly,1.99,USD,pre-market,199672000,,0.112,0.197,0.117,36.09,158910000,,,,215.75,210.97,0.5051,,,,,,,1351405000,,25.31,,260.57,167.16
2025-12-28,GRMN,8.12,6943125000.0,25.31,,1.014,44.07,,,,,,,,,,,,,,,None,441211000,441211000,,,,,,None,32578000,,3.6,0.0176,,,,0.005,0.01,317101000,349679000,1.98,2020-09-30,23.81,,4077968000.0,667983000,336717000,23300000,,,None,7777000,7777000,,None,,,,,313417000,313417000,7777000,None,0.258,,350882000,317101000,,,,,19616000,,,,,2.841,4.651,5.7,,,,,,,,0.226,,,2025-10-29,quarterly,1.99,USD,pre-market,174882000,,0.112,0.197,0.117,36.09,142134000,,,,215.75,210.97,0.5051,,,,,,,1109194000,,25.31,,260.57,167.16
2025-12-28,GRMN,8.12,6943125000.0,25.31,,1.014,44.07,,,,,,,,,,,,,,,None,354437000,354437000,,,,,,None,29328000,,3.6,0.0176,,,,0.005,0.01,188389000,217717000,1.98,2020-06-30,23.81,,4077968000.0,515430000,197592000,13412000,,,None,10455000,10455000,,None,,,,,184180000,184180000,10455000,None,0.258,,327041000,188389000,,,,,9203000,,,,,2.841,4.651,5.7,,,,,,,,0.226,,,2025-10-29,quarterly,1.99,USD,pre-market,165740000,,0.112,0.197,0.117,36.09,132016000,,,,215.75,210.97,0.5051,,,,,,,869867000,,25.31,,260.57,167.16
2025-12-28,GRMN,8.12,6943125000.0,25.31,,1.014,44.07,,,,,,,,,,,,,,,None,349168000,349168000,,,,,,None,28204000,,3.6,0.0176,,,,0.005,0.01,177482000,205686000,1.98,2020-03-31,23.81,,4077968000.0,506940000,177635000,16455000,,,None,12026000,12026000,,None,,,,,161180000,161180000,12026000,None,0.258,,329458000,177482000,,,,,153000,,,,,2.841,4.651,5.7,,,,,,,,0.226,,,2025-10-29,quarterly,1.99,USD,pre-market,165392000,,0.112,0.197,0.117,36.09,137186000,,,,215.75,210.97,0.5051,,,,,,,856108000,,25.31,,260.57,167.16
2025-12-28,GRMN,8.12,6943125000.0,25.31,,1.014,44.07,,,,,,,,,,,,,,,None,462777000,462777000,,,,,,None,28560000,,3.6,0.0176,,,,0.005,0.01,276523000,305083000,1.98,2019-12-31,23.81,,4077968000.0,639456000,287413000,-73379000,,,None,13069000,13069000,,None,,,,,360791000,360791000,13069000,None,0.258,,362933000,276523000,,,,,10890000,,,,,2.841,4.651,5.7,,,,,,,,0.226,,,2025-10-29,quarterly,1.99,USD,pre-market,162005000,,0.112,0.197,0.117,36.09,138280000,,,,215.75,210.97,0.5051,,,,,,,1102233000,,25.31,,260.57,167.16
2025-12-28,GRMN,8.12,6943125000.0,25.31,,1.014,44.07,,,,,,,,,,,,,,,None,366925000,366925000,,,,,,None,26881000,,3.6,0.0176,,,,0.005,0.01,261460000,288341000,1.98,2019-09-30,23.81,,4077968000.0,567458000,257767000,29901000,,,None,12309000,12309000,,None,,,,,227866000,227866000,12309000,None,0.258,,305998000,261460000,,,,,-3693000,,,,,2.841,4.651,5.7,,,,,,,,0.226,,,2025-10-29,quarterly,1.99,USD,pre-market,148561000,,0.112,0.197,0.117,36.09,124769000,,,,215.75,210.97,0.5051,,,,,,,934383000,,25.31,,260.57,167.16
2025-12-28,GRMN,8.12,6943125000.0,25.31,,1.014,44.07,,,,,,,,,,,,,,,None,379475000,379475000,,,,,,None,26723000,,3.6,0.0176,,,,0.005,0.01,256221000,282944000,1.98,2019-06-30,23.81,,4077968000.0,575365000,275778000,52122000,,,None,13735000,13735000,,None,,,,,223656000,223656000,13735000,None,0.258,,319144000,256221000,,,,,19557000,,,,,2.841,4.651,5.7,,,,,,,,0.226,,,2025-10-29,quarterly,1.99,USD,pre-market,148883000,,0.112,0.197,0.117,36.09,128738000,,,,215.75,210.97,0.5051,,,,,,,954840000,,25.31,,260.57,167.16
2025-12-28,GRMN,8.12,6943125000.0,25.31,,1.014,44.07,,,,,,,,,,,,,,,None,314352000,314352000,,,,,,None,24011000,,3.6,0.0176,,,,0.005,0.01,151383000,175394000,1.98,2019-03-31,23.81,,4077968000.0,451698000,166265000,26092000,,,None,13704000,13704000,,None,,,,,140173000,140173000,13704000,None,0.258,,300315000,151383000,,,,,14882000,,,,,2.841,4.651,5.7,,,,,,,,0.226,,,2025-10-29,quarterly,1.99,USD,pre-market,145919000,,0.112,0.197,0.117,36.09,126781000,,,,215.75,210.97,0.5051,,,,,,,766050000,,25.31,,260.57,167.16
2025-12-28,GRMN,8.12,6943125000.0,25.31,,1.014,44.07,,,,,,,,,,,,,,,None,382942000,382942000,,,,,,None,24718000,,3.6,0.0176,,,,0.005,0.01,222673000,247391000,1.98,2018-12-31,23.81,,4077968000.0,549166000,231873000,41723000,,,None,14837000,None,,None,,,,,190150000,190150000,None,None,0.258,,326493000,222673000,,,,,9198000,,,,,2.841,4.651,5.7,,,,,,,,0.226,,,2025-10-29,quarterly,1.99,USD,pre-market,145157000,,0.112,0.197,0.117,36.09,125942000,,,,215.75,210.97,0.5051,,,,,,,932108000,,25.31,,260.57,167.16
2025-12-28,GRMN,8.12,6943125000.0,25.31,,1.014,44.07,,,,,,,,,,,,,,,None,329264000,329264000,,,,,,None,23256000,,3.6,0.0176,,,,0.005,0.01,195959000,219215000,1.98,2018-09-30,23.81,,4077968000.0,480747000,201327000,17113000,,,None,11089000,None,,None,,,,,184214000,184214000,None,None,0.258,,284788000,195959000,,,,,5368000,,,,,2.841,4.651,5.7,,,,,,,,0.226,,,2025-10-29,quarterly,1.99,USD,pre-market,138979000,,0.112,0.197,0.117,36.09,114669000,,,,215.75,210.97,0.5051,,,,,,,810011000,,25.31,,260.57,167.16
2025-12-28,GRMN,8.12,6943125000.0,25.31,,1.014,44.07,,,,,,,,,,,,,,,None,371182000,371182000,,,,,,None,25074000,,3.6,0.0176,,,,0.005,0.01,217508000,242582000,1.98,2018-06-30,23.81,,4077968000.0,523270000,236068000,45726000,,,None,10995000,None,,None,,,,,190342000,190342000,None,None,0.258,,305762000,217508000,,,,,18560000,,,,,2.841,4.651,5.7,,,,,,,,0.226,,,2025-10-29,quarterly,1.99,USD,pre-market,141713000,,0.112,0.197,0.117,36.09,120500000,,,,215.75,210.97,0.5051,,,,,,,894452000,,25.31,,260.57,167.16
2025-12-28,GRMN,8.12,6943125000.0,25.31,,1.014,44.07,,,,,,,,,,,,,,,None,284337000,284337000,,,,,,None,23146000,,3.6,0.0176,,,,0.005,0.01,142202000,165348000,1.98,2018-03-31,23.81,,4077968000.0,426535000,153980000,24606000,,,None,10227000,None,,None,,,,,129374000,129374000,None,None,0.258,,284333000,142202000,,,,,11778000,,,,,2.841,4.651,5.7,,,,,,,,0.226,,,2025-10-29,quarterly,1.99,USD,pre-market,141957000,,0.112,0.197,0.117,36.09,117065000,,,,215.75,210.97,0.5051,,,,,,,710872000,,25.31,,260.57,167.16
2025-12-28,GRMN,8.12,6943125000.0,25.31,,1.014,44.07,,,,,,,,,,,,,,,None,388978000,388978000,,,,,,None,22553000,,3.6,0.0176,,,,0.005,0.01,179375000,201928000,1.98,2017-12-31,23.81,,4077968000.0,499518000,180491000,41711000,,,None,9994000,None,,None,,,,,138780000,138780000,None,None,0.258,,320142000,179376000,,,,,1116000,,,,,2.841,4.651,5.7,,,,,,,,0.226,,,2025-10-29,quarterly,1.99,USD,pre-market,132552000,,0.112,0.197,0.117,36.09,128880000,,,,215.75,210.97,0.5051,,,,,,,888496000,,25.31,,260.57,167.16
2025-12-28,GRMN,8.12,6943125000.0,25.31,,1.014,44.07,,,,,,,,,,,,,,,None,309412000,309412000,,,,,,None,20868000,,3.6,0.0176,,,,0.005,0.01,173648000,194516000,1.98,2017-09-30,23.81,,4077968000.0,433665000,186056000,38643000,,,None,9207000,None,,None,,,,,151074000,147413000,None,None,0.258,,263875000,169790000,,,,,16266000,,,,,2.841,4.651,5.7,,,,,,,,0.226,,,2025-10-29,quarterly,1.99,USD,pre-market,129632000,,0.112,0.197,0.117,36.09,101794000,,,,215.75,210.97,0.5051,,,,,,,743077000,,25.31,,260.57,167.16
2025-12-28,GRMN,8.12,6943125000.0,25.31,,1.014,44.07,,,,,,,,,,,,,,,None,339027000,339027000,,,,,,None,21103000,,3.6,0.0176,,,,0.005,0.01,209622000,230725000,1.98,2017-06-30,23.81,,4077968000.0,477858000,228055000,57105000,,,None,9281000,None,,None,,,,,176979000,170950000,None,None,0.258,,274508000,203350000,,,,,24705000,,,,,2.841,4.651,5.7,,,,,,,,0.226,,,2025-10-29,quarterly,1.99,USD,pre-market,127248000,,0.112,0.197,0.117,36.09,105251000,,,,215.75,210.97,0.5051,,,,,,,816885000,,25.31,,260.57,167.16
2025-12-28,GRMN,8.12,6943125000.0,25.31,,1.014,44.07,,,,,,,,,,,,,,,None,266423000,266423000,,,,,,None,21728000,,3.6,0.0176,,,,0.005,0.01,117028000,138756000,1.98,2017-03-31,23.81,,4077968000.0,372123000,87692000,-150120000,,,None,8444000,None,,None,,,,,238404000,237812000,None,None,0.258,,255778000,116345000,,,,,-28653000,,,,,2.841,4.651,5.7,,,,,,,,0.226,,,2025-10-29,quarterly,1.99,USD,pre-market,122202000,,0.112,0.197,0.117,36.09,102051000,,,,215.75,210.97,0.5051,,,,,,,638546000,,25.31,,260.57,167.16
2025-12-28,GRMN,8.12,6943125000.0,25.31,,1.014,44.07,,,,,,,,,,,,,,,None,389985000,389985000,,,,,,None,23798000,,3.6,0.0176,,,,0.005,0.01,159816000,183614000,1.98,2016-12-31,23.81,,4077968000.0,470782000,168557000,31952000,,,None,9297000,None,,None,,,,,136605000,136604000,None,None,0.258,,310966000,159816000,,,,,8741000,,,,,2.841,4.651,5.7,,,,,,,,0.226,,,2025-10-29,quarterly,1.99,USD,pre-market,128952000,,0.112,0.197,0.117,36.09,114312000,,,,215.75,210.97,0.5051,,,,,,,860767000,,25.31,,260.57,167.16
2025-12-28,GRMN,8.12,6943125000.0,25.31,,1.014,44.07,,,,,,,,,,,,,,,None,316270000,316270000,,,,,,None,21033000,,3.6,0.0176,,,,0.005,0.01,159616000,180649000,1.98,2016-09-30,23.81,,4077968000.0,405980000,149765000,24711000,,,None,8226000,None,,None,,,,,125054000,125054000,None,None,0.258,,246364000,159616000,,,,,-9851000,,,,,2.841,4.651,5.7,,,,,,,,0.226,,,2025-10-29,quarterly,1.99,USD,pre-market,116449000,,0.112,0.197,0.117,36.09,96959000,,,,215.75,210.97,0.5051,,,,,,,722250000,,25.31,,260.57,167.16
2025-12-28,GRMN,8.12,6943125000.0,25.31,,1.014,44.07,,,,,,,,,,,,,,,None,348651000,348651000,,,,,,None,21316000,,3.6,0.0176,,,,0.005,0.01,200674000,221990000,1.98,2016-06-30,23.81,,4077968000.0,462958000,203801000,42737000,,,None,8455000,None,,None,,,,,161064000,161064000,None,None,0.258,,262284000,200674000,,,,,3127000,,,,,2.841,4.651,5.7,,,,,,,,0.226,,,2025-10-29,quarterly,1.99,USD,pre-market,114355000,,0.112,0.197,0.117,36.09,103677000,,,,215.75,210.97,0.5051,,,,,,,811609000,,25.31,,260.57,167.16
2025-12-28,GRMN,8.12,6943125000.0,25.31,,1.014,44.07,,,,,,,,,,,,,,,None,284190000,284190000,,,,,,None,20193000,,3.6,0.0176,,,,0.005,0.01,103803000,123996000,1.98,2016-03-31,23.81,,4077968000.0,339850000,107547000,19455000,,,None,7428000,None,,None,,,,,88092000,88092000,None,None,0.258,,236047000,103803000,,,,,3744000,,,,,2.841,4.651,5.7,,,,,,,,0.226,,,2025-10-29,quarterly,1.99,USD,pre-market,108204000,,0.112,0.197,0.117,36.09,95610000,,,,215.75,210.97,0.5051,,,,,,,624040000,,25.31,,260.57,167.16
2025-12-28,GRMN,8.12,6943125000.0,25.31,,1.014,44.07,,,,,,,,,,,,,,,None,368214000,368214000,,,,,,None,19977000,,3.6,0.0176,,,,0.005,0.01,145762000,165739000,1.98,2015-12-31,23.81,,4077968000.0,413143000,152543000,20160000,,,None,7358000,None,,None,,,,,132383000,199175000,None,None,0.258,,267381000,145762000,,,,,-28722000,,,,,2.841,4.651,5.7,,,,,,,,0.226,,,2025-10-29,quarterly,1.99,USD,pre-market,106012000,,0.112,0.197,0.117,36.09,104555000,,,,215.75,210.97,0.5051,,,,,,,781357000,,25.31,,260.57,167.16
2025-12-28,GRMN,8.12,6943125000.0,25.31,,1.014,44.07,,,,,,,,,,,,,,,None,317500000,317500000,,,,,,None,20253000,,3.6,0.0176,,,,0.005,0.01,125457000,145710000,1.98,2015-09-30,23.81,,4077968000.0,362190000,164891000,45592000,,,None,6851000,None,,None,,,,,119299000,119299000,None,None,0.258,,236733000,125457000,,,,,39434000,,,,,2.841,4.651,5.7,,,,,,,,0.226,,,2025-10-29,quarterly,1.99,USD,pre-market,105789000,,0.112,0.197,0.117,36.09,94057000,,,,215.75,210.97,0.5051,,,,,,,679690000,,25.31,,260.57,167.16
2025-12-28,GRMN,8.12,6943125000.0,25.31,,1.014,44.07,,,,,,,,,,,,,,,None,354580000,354580000,,,,,,None,19266000,,3.6,0.0176,,,,0.005,0.01,166664000,185930000,1.98,2015-06-30,23.81,,4077968000.0,419250000,173558000,35805000,,,None,7420000,None,,None,,,,,137753000,137753000,None,None,0.258,,252586000,166664000,,,,,6894000,,,,,2.841,4.651,5.7,,,,,,,,0.226,,,2025-10-29,quarterly,1.99,USD,pre-market,109240000,,0.112,0.197,0.117,36.09,97552000,,,,215.75,210.97,0.5051,,,,,,,773830000,,25.31,,260.57,167.16
2025-12-28,GRMN,8.12,6943125000.0,25.31,,1.014,44.07,,,,,,,,,,,,,,,None,241272000,241272000,,,,,,None,18864000,,3.6,0.0176,,,,0.005,0.01,111698000,130562000,1.98,2015-03-31,23.81,,4077968000.0,344122000,76196000,9403000,,,None,8024000,None,,None,,,,,66793000,0,None,None,0.258,,232424000,111698000,,,,,None,,,,,2.841,4.651,5.7,,,,,,,,0.226,,,2025-10-29,quarterly,1.99,USD,pre-market,106002000,,0.112,0.197,0.117,36.09,98750000,,,,215.75,210.97,0.5051,,,,,,,585394000,,25.31,,260.57,167.16
2025-12-28,GRMN,8.12,6943125000.0,25.31,,1.014,44.07,,,,,,,,,,,,,,,None,372458000,372458000,,,,,,None,21450000,,3.6,0.0176,,,,0.005,0.01,176000000,197450000,1.98,2014-12-31,23.81,,4077968000.0,430848000,199896000,-10349000,,,None,6803000,None,,None,,,,,210245000,210244000,None,None,0.258,,254848000,176000000,,,,,23897000,,,,,2.841,4.651,5.7,,,,,,,,0.226,,,2025-10-29,quarterly,1.99,USD,pre-market,101554000,,0.112,0.197,0.117,36.09,99119000,,,,215.75,210.97,0.5051,,,,,,,803306000,,25.31,,260.57,167.16
2025-12-28,GRMN,8.12,6943125000.0,25.31,,1.014,44.07,,,,,,,,,,,,,,,None,308037000,308037000,,,,,,None,18107000,,3.6,0.0176,,,,0.005,0.01,175504000,193611000,1.98,2014-09-30,23.81,,4077968000.0,398246000,172662000,319496000,,,None,9344000,None,,None,,,,,-146834000,-146834000,None,None,0.258,,222742000,175504000,,,,,-2842000,,,,,2.841,4.651,5.7,,,,,,,,0.226,,,2025-10-29,quarterly,1.99,USD,pre-market,98998000,,0.112,0.197,0.117,36.09,90632000,,,,215.75,210.97,0.5051,,,,,,,706283000,,25.31,,260.57,167.16
2025-12-28,GRMN,8.12,6943125000.0,25.31,,1.014,44.07,,,,,,,,,,,,,,,None,333363000,333363000,,,,,,None,19046000,,3.6,0.0176,,,,0.005,0.01,218754000,237800000,1.98,2014-06-30,23.81,,4077968000.0,444485000,208720000,26737000,,,None,9670000,None,,None,,,,,181983000,181983000,None,None,0.258,,225731000,218754000,,,,,-10034000,,,,,2.841,4.651,5.7,,,,,,,,0.226,,,2025-10-29,quarterly,1.99,USD,pre-market,98404000,,0.112,0.197,0.117,36.09,92409000,,,,215.75,210.97,0.5051,,,,,,,777848000,,25.31,,260.57,167.16
2025-12-28,GRMN,8.12,6943125000.0,25.31,,1.014,44.07,,,,,,,,,,,,,,,None,252387000,252387000,,,,,,None,18412000,,3.6,0.0176,,,,0.005,0.01,120369000,138781000,1.98,2014-03-31,23.81,,4077968000.0,330834000,142467000,23649000,,,None,9768000,None,,None,,,,,118818000,118818000,None,None,0.258,,210465000,120369000,,,,,22098000,,,,,2.841,4.651,5.7,,,,,,,,0.226,,,2025-10-29,quarterly,1.99,USD,pre-market,96164000,,0.112,0.197,0.117,36.09,89873000,,,,215.75,210.97,0.5051,,,,,,,583221000,,25.31,,260.57,167.16
2025-12-28,GRMN,8.12,6943125000.0,25.31,,1.014,44.07,,,,,,,,,,,,,,,None,365057000,365057000,,,,,,None,18335000,,3.6,0.0176,,,,0.005,0.01,172471000,190806000,1.98,2013-12-31,23.81,,4077968000.0,394637000,204539000,40954000,,,None,9759000,None,,None,,,,,163585000,163586000,None,None,0.258,,222166000,172471000,,,,,32068000,,,,,2.841,4.651,5.7,,,,,,,,0.226,,,2025-10-29,quarterly,1.99,USD,pre-market,92573000,,0.112,0.197,0.117,36.09,94671000,,,,215.75,210.97,0.5051,,,,,,,759694000,,25.31,,260.57,167.16
2025-12-28,GRMN,8.12,6943125000.0,25.31,,1.014,44.07,,,,,,,,,,,,,,,None,290748000,290748000,,,,,,None,18550000,,3.6,0.0176,,,,0.005,0.01,133199000,151749000,1.98,2013-09-30,23.81,,4077968000.0,352889000,160800000,-26869000,,,None,8435000,None,,None,,,,,187669000,187669000,None,None,0.258,,201140000,151749000,,,,,9051000,,,,,2.841,4.651,5.7,,,,,,,,0.226,,,2025-10-29,quarterly,1.99,USD,pre-market,88427000,,0.112,0.197,0.117,36.09,86462000,,,,215.75,210.97,0.5051,,,,,,,643637000,,25.31,,260.57,167.16
2025-12-28,GRMN,8.12,6943125000.0,25.31,,1.014,44.07,,,,,,,,,,,,,,,None,312923000,312923000,,,,,,None,20028000,,3.6,0.0176,,,,0.005,0.01,149858000,169886000,1.98,2013-06-30,23.81,,4077968000.0,383640000,206585000,34094000,,,None,8179000,None,,None,,,,,172491000,172491000,None,None,0.258,,213754000,169886000,,,,,36699000,,,,,2.841,4.651,5.7,,,,,,,,0.226,,,2025-10-29,quarterly,1.99,USD,pre-market,96232000,,0.112,0.197,0.117,36.09,88039000,,,,215.75,210.97,0.5051,,,,,,,696563000,,25.31,,260.57,167.16
2025-12-28,GRMN,8.12,6943125000.0,25.31,,1.014,44.07,,,,,,,,,,,,,,,None,255824000,255824000,,,,,,None,21891000,,3.6,0.0176,,,,0.005,0.01,58035000,79926000,1.98,2013-03-31,23.81,,4077968000.0,276133000,81634000,-7032000,,,None,8898000,None,,None,,,,,88666000,88666000,None,None,0.258,,196207000,79926000,,,,,1708000,,,,,2.841,4.651,5.7,,,,,,,,0.226,,,2025-10-29,quarterly,1.99,USD,pre-market,87689000,,0.112,0.197,0.117,36.09,86269000,,,,215.75,210.97,0.5051,,,,,,,531957000,,25.31,,260.57,167.16
2025-12-28,GRMN,8.12,6943125000.0,25.31,,1.014,44.07,,,,,,,,,,,,,,,None,394694000,394694000,,,,,,None,27537000,,3.6,0.0176,,,,0.005,0.01,170127000,197664000,1.98,2012-12-31,23.81,,4077968000.0,373854000,154910000,25616000,,,None,8830000,None,,None,,,,,129294000,129293000,None,None,0.258,,224095000,149759000,,,,,5150000,,,,,2.841,4.651,5.7,,,,,,,,0.226,,,2025-10-29,quarterly,1.99,USD,pre-market,83263000,,0.112,0.197,0.117,36.09,94026000,,,,215.75,210.97,0.5051,,,,,,,768548000,,25.31,,260.57,167.16
2025-12-28,GRMN,8.12,6943125000.0,25.31,,1.014,44.07,,,,,,,,,,,,,,,None,313321000,313321000,,,,,,None,11870000,,3.6,0.0176,,,,0.005,0.01,158349000,170219000,1.98,2012-09-30,23.81,,4077968000.0,359055000,162627000,22279000,,,None,7987000,None,,None,,,,,140348000,140348000,None,None,0.258,,198993000,160062000,,,,,2565000,,,,,2.841,4.651,5.7,,,,,,,,0.226,,,2025-10-29,quarterly,1.99,USD,pre-market,82489000,,0.112,0.197,0.117,36.09,86402000,,,,215.75,210.97,0.5051,,,,,,,672376000,,25.31,,260.57,167.16
2025-12-28,GRMN,8.12,6943125000.0,25.31,,1.014,44.07,,,,,,,,,,,,,,,None,296341000,296341000,,,,,,None,25661000,,3.6,0.0176,,,,0.005,0.01,178345000,204006000,1.98,2012-06-30,23.81,,4077968000.0,421813000,207436000,21532000,,,None,8620000,None,,None,,,,,185904000,185904000,None,None,0.258,,217807000,204006000,,,,,3430000,,,,,2.841,4.651,5.7,,,,,,,,0.226,,,2025-10-29,quarterly,1.99,USD,pre-market,80303000,,0.112,0.197,0.117,36.09,99246000,,,,215.75,210.97,0.5051,,,,,,,718154000,,25.31,,260.57,167.16
2025-12-28,GRMN,8.12,6943125000.0,25.31,,1.014,44.07,,,,,,,,,,,,,,,None,272838000,272838000,,,,,,None,25399000,,3.6,0.0176,,,,0.005,0.01,64934000,90333000,1.98,2012-03-31,23.81,,4077968000.0,283759000,99556000,12698000,,,None,9671000,None,,None,,,,,86858000,86858000,None,None,0.258,,193426000,90333000,,,,,9223000,,,,,2.841,4.651,5.7,,,,,,,,0.226,,,2025-10-29,quarterly,1.99,USD,pre-market,79719000,,0.112,0.197,0.117,36.09,90116000,,,,215.75,210.97,0.5051,,,,,,,556597000,,25.31,,260.57,167.16
2025-12-28,GRMN,8.12,6943125000.0,25.31,,1.014,44.07,,,,,,,,,,,,,,,None,475857000,475857000,,,,,,None,34205000,,3.6,0.0176,,,,0.005,0.01,230483000,264688000,1.98,2011-12-31,23.81,,4077968000.0,433787000,185127000,19571000,,,None,9494000,None,,None,,,,,165556000,165556000,None,None,0.258,,233698000,200089000,,,,,-14962000,,,,,2.841,4.651,5.7,,,,,,,,0.226,,,2025-10-29,quarterly,1.99,USD,pre-market,84655000,,0.112,0.197,0.117,36.09,93383000,,,,215.75,210.97,0.5051,,,,,,,909644000,,25.31,,260.57,167.16
2025-12-28,GRMN,8.12,6943125000.0,25.31,,1.014,44.07,,,,,,,,,,,,,,,None,322662000,322662000,,,,,,None,22076000,,3.6,0.0176,,,,0.005,0.01,125258000,147334000,1.98,2011-09-30,23.81,,4077968000.0,344331000,175036000,24655000,,,None,8464000,None,,None,,,,,150381000,150381000,None,None,0.258,,196997000,147334000,,,,,27702000,,,,,2.841,4.651,5.7,,,,,,,,0.226,,,2025-10-29,quarterly,1.99,USD,pre-market,72936000,,0.112,0.197,0.117,36.09,88751000,,,,215.75,210.97,0.5051,,,,,,,666993000,,25.31,,260.57,167.16
2025-12-28,GRMN,8.12,6943125000.0,25.31,,1.014,44.07,,,,,,,,,,,,,,,None,351999000,351999000,,,,,,None,15832000,,3.6,0.0176,,,,0.005,0.01,115759000,131591000,1.98,2011-06-30,23.81,,4077968000.0,322100000,127072000,17595000,,,None,7639000,None,,None,,,,,109477000,109477000,None,None,0.258,,190509000,131591000,,,,,-4519000,,,,,2.841,4.651,5.7,,,,,,,,0.226,,,2025-10-29,quarterly,1.99,USD,pre-market,70515000,,0.112,0.197,0.117,36.09,85896000,,,,215.75,210.97,0.5051,,,,,,,674099000,,25.31,,260.57,167.16
2025-12-28,GRMN,8.12,6943125000.0,25.31,,1.014,44.07,,,,,,,,,,,,,,,None,269460000,269460000,,,,,,None,22422000,,3.6,0.0176,,,,0.005,0.01,52331000,74753000,1.98,2011-03-31,23.81,,4077968000.0,238374000,96926000,1444000,,,None,7214000,None,,None,,,,,95482000,95482000,None,None,0.258,,163621000,74753000,,,,,22173000,,,,,2.841,4.651,5.7,,,,,,,,0.226,,,2025-10-29,quarterly,1.99,USD,pre-market,70478000,,0.112,0.197,0.117,36.09,73187000,,,,215.75,210.97,0.5051,,,,,,,507834000,,25.31,,260.57,167.16
2025-12-28,GRMN,8.12,6943125000.0,25.31,,1.014,44.07,,,,,,,,,,,,,,,None,457922000,457922000,,,,,,None,22425000,,3.6,0.0176,,,,0.005,0.01,126491000,148916000,1.98,2010-12-31,23.81,,4077968000.0,379793000,156424000,23517000,,,None,5369000,None,,None,,,,,132907000,132906000,None,None,0.258,,195144000,184649000,,,,,-26978000,,,,,2.841,4.651,5.7,,,,,,,,0.226,,,2025-10-29,quarterly,1.99,USD,pre-market,71929000,,0.112,0.197,0.117,36.09,79445000,,,,215.75,210.97,0.5051,,,,,,,837715000,,25.31,,260.57,167.16
2025-12-28,GRMN,8.12,6943125000.0,25.31,,1.014,44.07,,,,,,,,,,,,,,,None,348344000,348344000,,,,,,None,20671000,,3.6,0.0176,,,,0.005,0.01,166637000,187308000,1.98,2010-09-30,23.81,,4077968000.0,344020000,210916000,-68636000,,,None,5695000,None,,None,,,,,279552000,279552000,None,None,0.258,,177383000,166637000,,,,,44279000,,,,,2.841,4.651,5.7,,,,,,,,0.226,,,2025-10-29,quarterly,1.99,USD,pre-market,69512000,,0.112,0.197,0.117,36.09,66869000,,,,215.75,210.97,0.5051,,,,,,,692364000,,25.31,,260.57,167.16
2025-12-28,GRMN,8.12,6943125000.0,25.31,,1.014,44.07,,,,,,,,,,,,,,,None,337113000,337113000,,,,,,None,29678000,,3.6,0.0176,,,,0.005,0.01,172365000,202043000,1.98,2010-06-30,23.81,,4077968000.0,391652000,164409000,29593000,,,None,5791000,None,,None,,,,,134816000,134816000,None,None,0.258,,189609000,202043000,,,,,-37634000,,,,,2.841,4.651,5.7,,,,,,,,0.226,,,2025-10-29,quarterly,1.99,USD,pre-market,73337000,,0.112,0.197,0.117,36.09,73832000,,,,215.75,210.97,0.5051,,,,,,,728765000,,25.31,,260.57,167.16
2025-12-28,GRMN,8.12,6943125000.0,25.31,,1.014,44.07,,,,,,,,,,,,,,,None,200158000,200158000,,,,,,None,21877000,,3.6,0.0176,,,,0.005,0.01,61471000,83348000,1.98,2010-03-31,23.81,,4077968000.0,230909000,45523000,8194000,,,None,6879000,None,,None,,,,,37329000,37329000,None,None,0.258,,147561000,83348000,,,,,-37825000,,,,,2.841,4.651,5.7,,,,,,,,0.226,,,2025-10-29,quarterly,1.99,USD,pre-market,62483000,,0.112,0.197,0.117,36.09,67678000,,,,215.75,210.97,0.5051,,,,,,,431067000,,25.31,,260.57,167.16
2025-12-28,GRMN,8.12,6943125000.0,25.31,,1.014,44.07,,,,,,,,,,,,,,,None,572623000,572623000,,,,,,None,30596000,,3.6,0.0176,,,,0.005,0.01,314657000,345253000,1.98,2009-12-31,23.81,,4077968000.0,486760000,292208000,13800000,,,None,6873000,None,,None,,,,,278408000,0,None,None,0.258,,194744000,292016000,,,,,None,,,,,2.841,4.651,5.7,,,,,,,,0.226,,,2025-10-29,quarterly,1.99,USD,pre-market,71583000,,0.112,0.197,0.117,36.09,70741000,,,,215.75,210.97,0.5051,,,,,,,1059383000,,25.31,,260.57,167.16
2025-12-28,GRMN,8.12,6943125000.0,25.31,,1.014,44.07,,,,,,,,,,,,,,,None,371512000,371512000,,,,,,None,23641000,,3.6,0.0176,,,,0.005,0.01,213242000,236883000,1.98,2009-09-30,23.81,,4077968000.0,409742000,256679000,41546000,,,None,6360000,None,,None,,,,,215133000,215133000,None,None,0.258,,172859000,236883000,,,,,19796000,,,,,2.841,4.651,5.7,,,,,,,,0.226,,,2025-10-29,quarterly,1.99,USD,pre-market,55507000,,0.112,0.197,0.117,36.09,71499000,,,,215.75,210.97,0.5051,,,,,,,781254000,,25.31,,260.57,167.16
2025-12-28,GRMN,8.12,6943125000.0,25.31,,1.014,44.07,,,,,,,,,,,,,,,None,317490000,317490000,,,,,,None,20587000,,3.6,0.0176,,,,0.005,0.01,178565000,199152000,1.98,2009-06-30,23.81,,4077968000.0,351614000,199841000,37970000,,,None,5190000,None,,None,,,,,161871000,161871000,None,None,0.258,,152462000,199152000,,,,,689000,,,,,2.841,4.651,5.7,,,,,,,,0.226,,,2025-10-29,quarterly,1.99,USD,pre-market,56253000,,0.112,0.197,0.117,36.09,62186000,,,,215.75,210.97,0.5051,,,,,,,669104000,,25.31,,260.57,167.16
2025-12-28,GRMN,8.12,6943125000.0,25.31,,1.014,44.07,,,,,,,,,,,,,,,None,240704000,240704000,,,,,,None,21662000,,3.6,0.0176,,,,0.005,0.01,36297000,57959000,1.98,2009-03-31,23.81,,4077968000.0,195995000,59924000,11386000,,,None,5097000,None,,None,,,,,48538000,0,None,None,0.258,,138036000,57959000,,,,,None,,,,,2.841,4.651,5.7,,,,,,,,0.226,,,2025-10-29,quarterly,1.99,USD,pre-market,55034000,,0.112,0.197,0.117,36.09,59777000,,,,215.75,210.97,0.5051,,,,,,,436699000,,25.31,,260.57,167.16
2025-12-28,GRMN,8.12,6943125000.0,25.31,,1.014,44.07,,,,,,,,,,,,,,,None,617614000,617614000,,,,,,None,23797000,,3.6,0.0176,,,,0.005,0.01,289375000,313172000,1.98,2008-12-31,23.81,,4077968000.0,430633000,204347000,46614000,,,None,125198000,None,,None,,,,,157733000,0,None,None,0.258,,194214000,236419000,,,,,None,,,,,2.841,4.651,5.7,,,,,,,,0.226,,,2025-10-29,quarterly,1.99,USD,pre-market,50205000,,0.112,0.197,0.117,36.09,144000000,,,,215.75,210.97,0.5051,,,,,,,1048247000,,25.31,,260.57,167.16
2025-12-28,GRMN,8.12,6943125000.0,25.31,,1.014,44.07,,,,,,,,,,,,,,,None,484716000,484716000,,,,,,None,27500000,,3.6,0.0176,,,,0.005,0.01,186863000,214363000,1.98,2008-09-30,23.81,,4077968000.0,385639000,211412000,40168000,,,None,14672000,None,,None,,,,,171244000,0,None,None,0.258,,171276000,214363000,,,,,None,,,,,2.841,4.651,5.7,,,,,,,,0.226,,,2025-10-29,quarterly,1.99,USD,pre-market,52749000,,0.112,0.197,0.117,36.09,67785000,,,,215.75,210.97,0.5051,,,,,,,870355000,,25.31,,260.57,167.16
2025-12-28,GRMN,8.12,6943125000.0,25.31,,1.014,44.07,,,,,,,,,,,,,,,None,494543000,494543000,,,,,,None,9484000,,3.6,0.0176,,,,0.005,0.01,229019000,238503000,1.98,2008-06-30,23.81,,4077968000.0,417128000,316163000,60071000,,,None,145664000,None,,None,,,,,256092000,0,None,None,0.258,,178625000,238503000,,,,,None,,,,,2.841,4.651,5.7,,,,,,,,0.226,,,2025-10-29,quarterly,1.99,USD,pre-market,53597000,,0.112,0.197,0.117,36.09,66701000,,,,215.75,210.97,0.5051,,,,,,,911671000,,25.31,,260.57,167.16
2025-12-28,GRMN,8.12,6943125000.0,25.31,,1.014,44.07,,,,,,,,,,,,,,,None,343690000,343690000,,,,,,None,17636000,,3.6,0.0176,,,,0.005,0.01,155096000,172732000,1.98,2008-03-31,23.81,,4077968000.0,320115000,182443000,34664000,,,None,11095000,None,,None,,,,,147779000,0,None,None,0.258,,147383000,172732000,,,,,None,,,,,2.841,4.651,5.7,,,,,,,,0.226,,,2025-10-29,quarterly,1.99,USD,pre-market,49558000,,0.112,0.197,0.117,36.09,59696000,,,,215.75,210.97,0.5051,,,,,,,663805000,,25.31,,260.57,167.16
2025-12-28,GRMN,8.12,6943125000.0,25.31,,1.014,44.07,,,,,,,,,,,,,,,None,708036000,708036000,,,,,,None,22448000,,3.6,0.0176,,,,0.005,0.01,313302000,335750000,1.98,2007-12-31,23.81,,4077968000.0,508985000,348103000,40836000,,,None,59483000,None,,None,,,,,307267000,0,None,None,0.258,,195683000,313302000,,,,,None,,,,,2.841,4.651,5.7,,,,,,,,0.226,,,2025-10-29,quarterly,1.99,USD,pre-market,47543000,,0.112,0.197,0.117,36.09,148100000,,,,215.75,210.97,0.5051,,,,,,,1217021000,,25.31,,260.57,167.16
2025-12-28,GRMN,8.12,6943125000.0,25.31,,1.014,44.07,,,,,,,,,,,,,,,None,386822000,386822000,,,,,,None,12254000,,3.6,0.0176,,,,0.005,0.01,201903000,214157000,1.98,2007-09-30,23.81,,4077968000.0,341851000,222626000,29119000,,,None,5413000,None,,None,,,,,193507000,0,None,None,0.258,,127694000,214157000,,,,,None,,,,,2.841,4.651,5.7,,,,,,,,0.226,,,2025-10-29,quarterly,1.99,USD,pre-market,40634000,,0.112,0.197,0.117,36.09,87100000,,,,215.75,210.97,0.5051,,,,,,,728673000,,25.31,,260.57,167.16
2025-12-28,GRMN,8.12,6943125000.0,25.31,,1.014,44.07,,,,,,,,,,,,,,,None,367799000,367799000,,,,,,None,13250000,,3.6,0.0176,,,,0.005,0.01,228317000,241567000,1.98,2007-06-30,23.81,,4077968000.0,374667000,246637000,32260000,,,None,678000,None,,None,,,,,214377000,0,None,None,0.258,,133100000,241567000,,,,,None,,,,,2.841,4.651,5.7,,,,,,,,0.226,,,2025-10-29,quarterly,1.99,USD,pre-market,37727000,,0.112,0.197,0.117,36.09,95400000,,,,215.75,210.97,0.5051,,,,,,,742466000,,25.31,,260.57,167.16
2025-12-28,GRMN,8.12,6943125000.0,25.31,,1.014,44.07,,,,,,,,,,,,,,,None,254407000,254407000,,,,,,None,16085000,,3.6,0.0176,,,,0.005,0.01,122239000,138324000,1.98,2007-03-31,23.81,,4077968000.0,237752000,160907000,21047000,,,None,35839000,None,,None,,,,,139860000,0,None,None,0.258,,99428000,138324000,,,,,None,,,,,2.841,4.651,5.7,,,,,,,,0.226,,,2025-10-29,quarterly,1.99,USD,pre-market,33503000,,0.112,0.197,0.117,36.09,65900000,,,,215.75,210.97,0.5051,,,,,,,492159000,,25.31,,260.57,167.16
2025-12-28,GRMN,8.12,6943125000.0,25.31,,1.014,44.07,,,,,,,,,,,,,,,None,306771000,306771000,,,,,,None,9184000,,3.6,0.0176,,,,0.005,0.01,198898000,208082000,1.98,2006-12-31,23.81,,4077968000.0,304453000,199550000,19205000,,,None,9102000,None,,None,,,,,180345000,0,None,None,0.258,,105555000,198898000,,,,,None,,,,,2.841,4.651,5.7,,,,,,,,0.226,,,2025-10-29,quarterly,1.99,USD,pre-market,31209000,,0.112,0.197,0.117,36.09,74300000,,,,215.75,210.97,0.5051,,,,,,,611224000,,25.31,,260.57,167.16
2025-12-28,GRMN,8.12,6943125000.0,25.31,,1.014,44.07,,,,,,,,,,,,,,,None,209137000,209137000,,,,,,None,8025000,,3.6,0.0176,,,,0.005,0.01,112947000,120972000,1.98,2006-09-30,23.81,,4077968000.0,198860000,145536000,22558000,,,None,39508000,None,,None,,,,,122978000,0,None,None,0.258,,77888000,120972000,,,,,None,,,,,2.841,4.651,5.7,,,,,,,,0.226,,,2025-10-29,quarterly,1.99,USD,pre-market,30399000,,0.112,0.197,0.117,36.09,47500000,,,,215.75,210.97,0.5051,,,,,,,407997000,,25.31,,260.57,167.16
2025-12-28,GRMN,8.12,6943125000.0,25.31,,1.014,44.07,,,,,,,,,,,,,,,None,216184000,216184000,,,,,,None,13294000,,3.6,0.0176,,,,0.005,0.01,121282000,134576000,1.98,2006-06-30,23.81,,4077968000.0,216284000,145900000,22614000,,,None,14115000,None,,None,,,,,123286000,0,None,None,0.258,,81708000,134576000,,,,,None,,,,,2.841,4.651,5.7,,,,,,,,0.226,,,2025-10-29,quarterly,1.99,USD,pre-market,26793000,,0.112,0.197,0.117,36.09,54900000,,,,215.75,210.97,0.5051,,,,,,,432468000,,25.31,,260.57,167.16
2025-12-28,GRMN,8.12,6943125000.0,25.31,,1.014,44.07,,,,,,,,,,,,,,,None,159521000,159521000,,,,,,None,13972000,,3.6,0.0176,,,,0.005,0.01,86141000,100113000,1.98,2006-03-31,23.81,,4077968000.0,162790000,103569000,16053000,,,None,385000,None,,None,,,,,87516000,0,None,None,0.258,,62677000,100113000,,,,,None,,,,,2.841,4.651,5.7,,,,,,,,0.226,,,2025-10-29,quarterly,1.99,USD,pre-market,24913000,,0.112,0.197,0.117,36.09,37800000,,,,215.75,210.97,0.5051,,,,,,,322311000,,25.31,,260.57,167.16
2025-12-28,GRMN,8.12,6943125000.0,25.31,,1.014,44.07,,,,,,,,,,,,,,,None,156857000,156857000,,,,,,None,9458000,,3.6,0.0176,,,,0.005,0.01,98191000,107649000,1.98,2005-12-31,23.81,,4077968000.0,162439000,95610000,8476000,,,None,11631000,None,,None,,,,,87134000,0,None,None,0.258,,64248000,98191000,,,,,None,,,,,2.841,4.651,5.7,,,,,,,,0.226,,,2025-10-29,quarterly,1.99,USD,pre-market,20017000,,0.112,0.197,0.117,36.09,44200000,,,,215.75,210.97,0.5051,,,,,,,319296000,,25.31,,260.57,167.16
2025-12-28,GRMN,8.12,6943125000.0,25.31,,1.014,44.07,,,,,,,,,,,,,,,None,121877000,121877000,,,,,,None,9193000,,3.6,0.0176,,,,0.005,0.01,75963000,85156000,1.98,2005-09-30,23.81,,4077968000.0,129452000,126127000,23637000,,,None,77219000,None,,None,,,,,102490000,0,None,None,0.258,,44296000,85156000,,,,,None,,,,,2.841,4.651,5.7,,,,,,,,0.226,,,2025-10-29,quarterly,1.99,USD,pre-market,20116000,,0.112,0.197,0.117,36.09,24200000,,,,215.75,210.97,0.5051,,,,,,,251329000,,25.31,,260.57,167.16
2025-12-28,GRMN,8.12,6943125000.0,25.31,,1.014,44.07,,,,,,,,,,,,,,,None,2600348000,2600348000,,,,,,None,179735000,,3.6,0.0176,,,,0.005,0.01,1593994000,1773729000,1.98,2024-12-31,23.81,,4077968000.0,3696555000,1695401000,283965000,,,None,None,113520000,,None,,,,,1411436000,1411436000,113520000,None,0.258,,2102561000,1593994000,,,,,None,,,,,2.841,4.651,5.7,,,,,,,,0.226,,,2025-10-29,annual,1.99,USD,pre-market,993601000,,0.112,0.197,0.117,36.09,917375000,,,,215.75,210.97,0.5051,,,,,,,6296903000,,25.31,,260.57,167.16
2025-12-28,GRMN,8.12,6943125000.0,25.31,,1.014,44.07,,,,,,,,,,,,,,,None,2223297000,2223297000,,,,,,None,177572000,,3.6,0.0176,,,,0.005,0.01,1092160000,1269732000,1.98,2023-12-31,23.81,,4077968000.0,3004955000,1200356000,-89280000,,,None,None,77302000,,None,,,,,1289636000,1289636000,77302000,None,0.258,,1912795000,1092160000,,,,,None,,,,,2.841,4.651,5.7,,,,,,,,0.226,,,2025-10-29,annual,1.99,USD,pre-market,904696000,,0.112,0.197,0.117,36.09,834990000,,,,215.75,210.97,0.5051,,,,,,,5228252000,,25.31,,260.57,167.16
2025-12-28,GRMN,8.12,6943125000.0,25.31,,1.014,44.07,,,,,,,,,,,,,,,None,2053511000,2053511000,,,,,,None,163853000,,3.6,0.0176,,,,0.005,0.01,1027845000,1191698000,1.98,2022-12-31,23.81,,4077968000.0,2806775000,1064974000,91389000,,,None,40826000,40826000,,None,,,,,973585000,973585000,40826000,None,0.258,,1778930000,1027845000,,,,,37129000,,,,,2.841,4.651,5.7,,,,,,,,0.226,,,2025-10-29,annual,1.99,USD,pre-market,834927000,,0.112,0.197,0.117,36.09,775963000,,,,215.75,210.97,0.5051,,,,,,,4860286000,,25.31,,260.57,167.16
2025-12-28,GRMN,8.12,6943125000.0,25.31,,1.014,44.07,,,,,,,,,,,,,,,None,2092336000,2092336000,,,,,,None,154818000,,3.6,0.0176,,,,0.005,0.01,1218620000,1373438000,1.98,2021-12-31,23.81,,4077968000.0,2890459000,1206796000,124596000,,,None,57087000,28573000,,None,,,,,1082200000,1082200000,28573000,None,0.258,,1671839000,1218620000,,,,,-11824000,,,,,2.841,4.651,5.7,,,,,,,,0.226,,,2025-10-29,annual,1.99,USD,pre-market,840024000,,0.112,0.197,0.117,36.09,659986000,,,,215.75,210.97,0.5051,,,,,,,4982795000,,25.31,,260.57,167.16
2025-12-28,GRMN,8.12,6943125000.0,25.31,,1.014,44.07,,,,,,,,,,,,,,,None,1705237000,1705237000,,,,,,None,126715000,,3.6,0.0176,,,,0.005,0.01,1054240000,1180955000,1.98,2020-12-31,23.81,,4077968000.0,2481336000,1103410000,111086000,,,None,51995000,37002000,,None,,,,,992324000,992324000,37002000,None,0.258,,1427096000,1054240000,,,,,49170000,,,,,2.841,4.651,5.7,,,,,,,,0.226,,,2025-10-29,annual,1.99,USD,pre-market,705685000,,0.112,0.197,0.117,36.09,570245000,,,,215.75,210.97,0.5051,,,,,,,4186573000,,25.31,,260.57,167.16
2025-12-28,GRMN,8.12,6943125000.0,25.31,,1.014,44.07,,,,,,,,,,,,,,,None,1523529000,1523529000,,,,,,None,106175000,,3.6,0.0176,,,,0.005,0.01,945586000,1051761000,1.98,2019-12-31,23.81,,4077968000.0,2233976000,987222000,34736000,,,None,24837000,52817000,,None,,,,,952486000,952486000,52817000,None,0.258,,1288390000,945586000,,,,,41636000,,,,,2.841,4.651,5.7,,,,,,,,0.226,,,2025-10-29,annual,1.99,USD,pre-market,605366000,,0.112,0.197,0.117,36.09,518568000,,,,215.75,210.97,0.5051,,,,,,,3757505000,,25.31,,260.57,167.16
2025-12-28,GRMN,8.12,6943125000.0,25.31,,1.014,44.07,,,,,,,,,,,,,,,None,1367725000,1367725000,,,,,,None,96194000,,3.6,0.0176,,,,0.005,0.01,778343000,874537000,1.98,2018-12-31,23.81,,4077968000.0,1979719000,823247000,129167000,,,None,47147000,47147000,,None,,,,,694080000,694080000,47147000,None,0.258,,1201376000,778343000,,,,,44904000,,,,,2.841,4.651,5.7,,,,,,,,0.226,,,2025-10-29,annual,1.99,USD,pre-market,567805000,,0.112,0.197,0.117,36.09,478177000,,,,215.75,210.97,0.5051,,,,,,,3347444000,,25.31,,260.57,167.16
2025-12-28,GRMN,8.12,6943125000.0,25.31,,1.014,44.07,,,,,,,,,,,,,,,None,1303840000,1303840000,,,,,,None,86252000,,3.6,0.0176,,,,0.005,0.01,683637000,769889000,1.98,2017-12-31,23.81,,4077968000.0,1783164000,682294000,-12661000,,,None,36925000,36925000,,None,,,,,694955000,694955000,36925000,None,0.258,,1114304000,668860000,,,,,13434000,,,,,2.841,4.651,5.7,,,,,,,,0.226,,,2025-10-29,annual,1.99,USD,pre-market,511634000,,0.112,0.197,0.117,36.09,437977000,,,,215.75,210.97,0.5051,,,,,,,3087004000,,25.31,,260.57,167.16
2025-12-28,GRMN,8.12,6943125000.0,25.31,,1.014,44.07,,,,,,,,,,,,,,,None,1339095000,1339095000,,,,,,None,86340000,,3.6,0.0176,,,,0.005,0.01,632864000,719204000,1.98,2016-12-31,23.81,,4077968000.0,1679570000,629670000,118856000,,,None,33406000,33406000,,None,,,,,510814000,510814000,33406000,None,0.258,,1055661000,623909000,,,,,5761000,,,,,2.841,4.651,5.7,,,,,,,,0.226,,,2025-10-29,annual,1.99,USD,pre-market,467960000,,0.112,0.197,0.117,36.09,410558000,,,,215.75,210.97,0.5051,,,,,,,3018665000,,25.31,,260.57,167.16
2025-12-28,GRMN,8.12,6943125000.0,25.31,,1.014,44.07,,,,,,,,,,,,,,,None,1281566000,1281566000,,,,,,None,78360000,,3.6,0.0176,,,,0.005,0.01,549581000,627941000,1.98,2015-12-31,23.81,,4077968000.0,1538704000,567187000,110960000,,,None,29653000,6188000,,None,,,,,456227000,456227000,None,None,0.258,,989123000,549581000,,,,,17606000,,,,,2.841,4.651,5.7,,,,,,,,0.226,,,2025-10-29,annual,1.99,USD,pre-market,427043000,,0.112,0.197,0.117,36.09,394914000,,,,215.75,210.97,0.5051,,,,,,,2820270000,,25.31,,260.57,167.16
2025-12-28,GRMN,8.12,6943125000.0,25.31,,1.014,44.07,,,,,,,,,,,,,,,None,1266246000,1266246000,,,,,,None,77015000,,3.6,0.0176,,,,0.005,0.01,690626000,767641000,1.98,2014-12-31,23.81,,4077968000.0,1604412000,723745000,359534000,,,None,35584000,None,,None,,,,,364211000,364211000,None,None,0.258,,913786000,690626000,,,,,33119000,,,,,2.841,4.651,5.7,,,,,,,,0.226,,,2025-10-29,annual,1.99,USD,pre-market,395121000,,0.112,0.197,0.117,36.09,372032000,,,,215.75,210.97,0.5051,,,,,,,2870658000,,25.31,,260.57,167.16
2025-12-28,GRMN,8.12,6943125000.0,25.31,,1.014,44.07,,,,,,,,,,,,,,,None,1224551000,1224551000,,,,,,None,78804000,,3.6,0.0176,,,,0.005,0.01,574032000,652836000,1.98,2013-12-31,23.81,,4077968000.0,1407300000,653558000,41146000,,,None,35271000,None,,None,,,,,612412000,612412000,None,None,0.258,,833268000,574032000,,,,,79526000,,,,,2.841,4.651,5.7,,,,,,,,0.226,,,2025-10-29,annual,1.99,USD,pre-market,364923000,,0.112,0.197,0.117,36.09,355440000,,,,215.75,210.97,0.5051,,,,,,,2631851000,,25.31,,260.57,167.16
2025-12-28,GRMN,8.12,6943125000.0,25.31,,1.014,44.07,,,,,,,,,,,,,,,None,1277195000,1277195000,,,,,,None,90467000,,3.6,0.0176,,,,0.005,0.01,604160000,694627000,1.98,2012-12-31,23.81,,4077968000.0,1438480000,624528000,82125000,,,None,35108000,None,,None,,,,,542403000,542403000,None,None,0.258,,834320000,604160000,,,,,20368000,,,,,2.841,4.651,5.7,,,,,,,,0.226,,,2025-10-29,annual,1.99,USD,pre-market,325773000,,0.112,0.197,0.117,36.09,369790000,,,,215.75,210.97,0.5051,,,,,,,2715675000,,25.31,,260.57,167.16
2025-12-28,GRMN,8.12,6943125000.0,25.31,,1.014,44.07,,,,,,,,,,,,,,,None,1419977000,1419977000,,,,,,None,94535000,,3.6,0.0176,,,,0.005,0.01,553767000,648302000,1.98,2011-12-31,23.81,,4077968000.0,1338592000,584161000,63265000,,,None,32812000,None,,None,,,,,520896000,520896000,None,None,0.258,,784825000,553767000,,,,,30394000,,,,,2.841,4.651,5.7,,,,,,,,0.226,,,2025-10-29,annual,1.99,USD,pre-market,298584000,,0.112,0.197,0.117,36.09,341217000,,,,215.75,210.97,0.5051,,,,,,,2758569000,,25.31,,260.57,167.16
2025-12-28,GRMN,8.12,6943125000.0,25.31,,1.014,44.07,,,,,,,,,,,,,,,None,1343537000,1343537000,,,,,,None,94651000,,3.6,0.0176,,,,0.005,0.01,577272000,671923000,1.98,2010-12-31,23.81,,4077968000.0,1346374000,577272000,-7331000,,,None,1246000,None,,None,,,,,584603000,584603000,None,None,0.258,,709698000,636676000,,,,,-58158000,,,,,2.841,4.651,5.7,,,,,,,,0.226,,,2025-10-29,annual,1.99,USD,pre-market,277261000,,0.112,0.197,0.117,36.09,287824000,,,,215.75,210.97,0.5051,,,,,,,2689911000,,25.31,,260.57,167.16
2025-12-28,GRMN,8.12,6943125000.0,25.31,,1.014,44.07,,,,,,,,,,,,,,,None,1502329000,1502329000,,,,,,None,96486000,,3.6,0.0176,,,,0.005,0.01,808651000,905137000,1.98,2009-12-31,23.81,,4077968000.0,1444111000,808651000,104701000,,,None,23519000,None,,None,,,,,703950000,703950000,None,None,0.258,,658101000,786010000,,,,,22641000,,,,,2.841,4.651,5.7,,,,,,,,0.226,,,2025-10-29,annual,1.99,USD,pre-market,238378000,,0.112,0.197,0.117,36.09,264202000,,,,215.75,210.97,0.5051,,,,,,,2946440000,,25.31,,260.57,167.16
2025-12-28,GRMN,8.12,6943125000.0,25.31,,1.014,44.07,,,,,,,,,,,,,,,None,1940562000,1940562000,,,,,,None,78417000,,3.6,0.0176,,,,0.005,0.01,914973000,993390000,1.98,2008-12-31,23.81,,4077968000.0,1553515000,914366000,181518000,,,None,607000,None,,None,,,,,732848000,None,None,None,0.258,,691498000,862017000,,,,,None,,,,,2.841,4.651,5.7,,,,,,,,0.226,,,2025-10-29,annual,1.99,USD,pre-market,206109000,,0.112,0.197,0.117,36.09,485400000,,,,215.75,210.97,0.5051,,,,,,,3494077000,,25.31,,260.57,167.16
2025-12-28,GRMN,8.12,6943125000.0,25.31,,1.014,44.07,,,,,,,,,,,,,,,None,1717064000,1717064000,,,,,,None,64037000,,3.6,0.0176,,,,0.005,0.01,978480000,1042517000,1.98,2007-12-31,23.81,,4077968000.0,1463255000,978273000,123262000,,,None,207000,None,,None,,,,,855011000,None,None,None,0.258,,555904000,907351000,,,,,None,,,,,2.841,4.651,5.7,,,,,,,,0.226,,,2025-10-29,annual,1.99,USD,pre-market,159406000,,0.112,0.197,0.117,36.09,396500000,,,,215.75,210.97,0.5051,,,,,,,3180319000,,25.31,,260.57,167.16
2025-12-28,GRMN,8.12,6943125000.0,25.31,,1.014,44.07,,,,,,,,,,,,,,,None,891614000,891614000,,,,,,None,44475000,,3.6,0.0176,,,,0.005,0.01,554559000,599034000,1.98,2006-12-31,23.81,,4077968000.0,882386000,594554000,80431000,,,None,44134000,None,,None,,,,,514123000,None,None,None,0.258,,327827000,554559000,,,,,None,,,,,2.841,4.651,5.7,,,,,,,,0.226,,,2025-10-29,annual,1.99,USD,pre-market,113314000,,0.112,0.197,0.117,36.09,214500000,,,,215.75,210.97,0.5051,,,,,,,1774000000,,25.31,,260.57,167.16
2025-12-28,GRMN,8.12,6943125000.0,25.31,,1.014,44.07,,,,,,,,,,,,,,,None,492703000,492703000,,,,,,None,43596000,,3.6,0.0176,,,,0.005,0.01,338170000,381766000,1.98,2005-12-31,23.81,,4077968000.0,535070000,372600000,61381000,,,None,49322000,None,,None,,,,,311219000,None,None,None,0.258,,196900000,338170000,,,,,None,,,,,2.841,4.651,5.7,,,,,,,,0.226,,,2025-10-29,annual,1.99,USD,pre-market,74879000,,0.112,0.197,0.117,36.09,122000000,,,,215.75,210.97,0.5051,,,,,,,1027773000,,25.31,,260.57,167.16
2025-12-28,GRMN,8.12,6943125000.0,25.31,None,1.014,44.07,,155771000,2072845000,2072845000,,,,,,,,,19490000,193533000,None,492703000,492703000,378021000,None,None,955614000,None,None,43596000,,3.6,0.0176,,,,0.005,0.01,338170000,381766000,1.98,2025-09-30,23.81,757290000,4077968000.0,535070000,372600000,61381000,205985000,205985000,None,49322000,None,1887930000,None,None,None,None,1376624000,311219000,None,None,None,0.258,,196900000,338170000,427769000,975815000,None,914000,None,,,,,2.841,4.651,5.7,,,,,,,,0.226,,None,2025-10-29,quarterly,1.99,USD,pre-market,74879000,6441534000,0.112,0.197,0.117,36.09,122000000,155771000,None,466785000,215.75,210.97,0.5051,10522878000,5810943000,1752296000,2044637000,4711935000,292341000,1027773000,8478241000,25.31,None,260.57,167.16
2025-12-28,GRMN,8.12,6943125000.0,25.31,None,1.014,44.07,,148608000,2072208000,2072208000,,,,,,,,,19490000,193416000,None,492703000,492703000,397303000,None,None,1010578000,None,None,43596000,,3.6,0.0176,,,,0.005,0.01,338170000,381766000,1.98,2025-06-30,23.81,640554000,4077968000.0,535070000,372600000,61381000,147285000,147285000,None,49322000,None,1788020000,None,None,None,None,1285887000,311219000,None,None,None,0.258,,196900000,338170000,433587000,1143327000,None,844000,None,,,,,2.841,4.651,5.7,,,,,,,,0.226,,None,2025-10-29,quarterly,1.99,USD,pre-market,74879000,6039512000,0.112,0.197,0.117,36.09,122000000,148608000,None,515038000,215.75,210.97,0.5051,10324076000,5819431000,1932062000,2198965000,4504645000,266903000,1027773000,8125111000,25.31,None,260.57,167.16
2025-12-28,GRMN,8.12,6943125000.0,25.31,None,1.014,44.07,,140235000,2175515000,2175515000,,,,,,,,,19490000,193717000,None,492703000,492703000,344804000,None,None,787133000,None,None,43596000,,3.6,0.0176,,,,0.005,0.01,338170000,381766000,1.98,2025-03-31,23.81,616955000,4077968000.0,535070000,372600000,61381000,150026000,150026000,None,49322000,None,1581952000,None,None,None,None,1226464000,311219000,None,None,None,0.258,,196900000,338170000,401589000,546969000,None,803000,None,,,,,2.841,4.651,5.7,,,,,,,,0.226,,None,2025-10-29,quarterly,1.99,USD,pre-market,74879000,6331735000,0.112,0.197,0.117,36.09,122000000,140235000,None,498995000,215.75,210.97,0.5051,9787622000,5445184000,1329706000,1608144000,4342438000,278438000,1027773000,8179478000,25.31,None,260.57,167.16
2025-12-28,GRMN,8.12,6943125000.0,25.31,None,1.014,44.07,,134886000,2079468000,2079468000,,,,,,,,,19490000,193759000,None,492703000,492703000,359365000,None,None,983404000,None,None,43596000,,3.6,0.0176,,,,0.005,0.01,338170000,381766000,1.98,2024-12-31,23.81,603947000,4077968000.0,535070000,372600000,61381000,154163000,154163000,None,49322000,None,1473978000,None,None,None,None,1198331000,311219000,None,None,None,0.258,,196900000,338170000,378033000,742914000,None,776000,None,,,,,2.841,4.651,5.7,,,,,,,,0.226,,None,2025-10-29,quarterly,1.99,USD,pre-market,74879000,5999183000,0.112,0.197,0.117,36.09,122000000,134886000,None,421270000,215.75,210.97,0.5051,9630527000,5336153000,1507858000,1782129000,4294374000,274271000,1027773000,7848398000,25.31,None,260.57,167.16
2025-12-28,GRMN,8.12,6943125000.0,25.31,None,1.014,44.07,,109832000,2009361000,2009361000,,,,,,,,,19490000,193171000,None,492703000,492703000,374025000,None,None,922034000,None,None,43596000,,3.6,0.0176,,,,0.005,0.01,338170000,381766000,1.98,2024-09-30,23.81,611884000,4077968000.0,535070000,372600000,61381000,168230000,168230000,None,49322000,None,1505536000,None,None,None,None,1106532000,311219000,None,None,None,0.258,,196900000,338170000,357873000,863855000,None,602000,None,,,,,2.841,4.651,5.7,,,,,,,,0.226,,None,2025-10-29,quarterly,1.99,USD,pre-market,74879000,5563576000,0.112,0.197,0.117,36.09,122000000,109832000,227735000,414701000,215.75,210.97,0.5051,9347732000,5209505000,1578664000,1841185000,4138227000,262521000,1027773000,7506547000,25.31,None,260.57,167.16
2025-12-28,GRMN,8.12,6943125000.0,25.31,None,1.014,44.07,,102167000,1937483000,1937483000,,,,,,,,,19490000,192899000,None,492703000,492703000,331938000,None,None,808446000,None,None,43596000,,3.6,0.0176,,,,0.005,0.01,338170000,381766000,1.98,2024-06-30,23.81,599606000,4077968000.0,535070000,372600000,61381000,168392000,168392000,None,49322000,None,1319643000,None,None,None,None,1192190000,311219000,None,None,None,0.258,,196900000,338170000,342987000,949678000,None,571000,None,,,,,2.841,4.651,5.7,,,,,,,,0.226,,None,2025-10-29,quarterly,1.99,USD,pre-market,74879000,5164227000,0.112,0.197,0.117,36.09,122000000,102167000,236708000,288659000,215.75,210.97,0.5051,8883322000,4676272000,1624323000,1878340000,4207050000,254017000,1027773000,7004982000,25.31,None,260.57,167.16
2025-12-28,GRMN,8.12,6943125000.0,25.31,None,1.014,44.07,,105859000,1921782000,1921782000,,,,,,,,,19490000,192698000,None,492703000,492703000,243087000,None,None,694690000,None,None,43596000,,3.6,0.0176,,,,0.005,0.01,338170000,381766000,1.98,2024-03-31,23.81,601618000,4077968000.0,535070000,372600000,61381000,176647000,176647000,None,49322000,None,1302230000,None,None,None,None,1133958000,311219000,None,None,None,0.258,,196900000,338170000,305674000,517117000,None,550000,None,,,,,2.841,4.651,5.7,,,,,,,,0.226,,None,2025-10-29,quarterly,1.99,USD,pre-market,74879000,5440200000,0.112,0.197,0.117,36.09,122000000,105859000,256442000,274579000,215.75,210.97,0.5051,8633880000,4498955000,1117386000,1387783000,4134925000,270397000,1027773000,7246097000,25.31,None,260.57,167.16
2025-12-28,GRMN,8.12,6943125000.0,25.31,None,1.014,44.07,,113035000,1693452000,1693452000,,,,,,,,,19588000,192557000,None,492703000,492703000,253790000,None,None,815243000,None,None,43596000,,3.6,0.0176,,,,0.005,0.01,338170000,381766000,1.98,2023-12-31,23.81,608474000,4077968000.0,535070000,372600000,61381000,186601000,186601000,None,49322000,None,1345955000,None,None,None,None,1125191000,311219000,None,None,None,0.258,,196900000,338170000,334872000,730233000,None,436000,None,,,,,2.841,4.651,5.7,,,,,,,,0.226,,None,2025-10-29,quarterly,1.99,USD,pre-market,74879000,5263528000,0.112,0.197,0.117,36.09,122000000,113035000,225475000,274618000,215.75,210.97,0.5051,8603569000,4464140000,1310687000,1591509000,4139429000,280822000,1027773000,7012060000,25.31,None,260.57,167.16
2025-12-28,GRMN,8.12,6943125000.0,25.31,None,1.014,44.07,,111035000,1422855000,1422855000,,,,,,,,,19588000,191868000,None,492703000,492703000,268030000,None,None,721137000,None,None,43596000,,3.6,0.0176,,,,0.005,0.01,338170000,381766000,1.98,2023-09-30,23.81,594449000,4077968000.0,535070000,372600000,61381000,185835000,185835000,None,49322000,None,1439894000,None,None,None,None,1081674000,311219000,None,None,None,0.258,,196900000,338170000,284682000,1059768001,None,388000,None,,,,,2.841,4.651,5.7,,,,,,,,0.226,,1328010000,2025-10-29,quarterly,1.99,USD,pre-market,74879000,4721555000,0.112,0.197,0.117,36.09,122000000,111035000,98289001,273050000,215.75,210.97,0.5051,7965022000,4156914000,1327798000,1615742000,3808108000,287944000,1027773000,6349280000,25.31,None,260.57,167.16
2025-12-28,GRMN,8.12,6943125000.0,25.31,None,1.014,44.07,,110740000,1425526000,1425526000,,,,,,,,,19588000,191597000,None,492703000,492703000,253803000,None,None,716802000,None,None,43596000,,3.6,0.0176,,,,0.005,0.01,338170000,381766000,1.98,2023-06-30,23.81,572985000,4077968000.0,535070000,372600000,61381000,165591000,165591000,None,49322000,None,1402225000,None,None,None,None,1100259000,311219000,None,None,None,0.258,,196900000,338170000,312759000,901145000,None,382000,None,,,,,2.841,4.651,5.7,,,,,,,,0.226,,None,2025-10-29,quarterly,1.99,USD,pre-market,74879000,4464682000,0.112,0.197,0.117,36.09,122000000,110740000,199087000,253689000,215.75,210.97,0.5051,7871800000,4111001000,1449653000,1747978000,3760799000,298325000,1027773000,6123822000,25.31,None,260.57,167.16
2025-12-28,GRMN,8.12,6943125000.0,25.31,None,1.014,44.07,,111388000,1361593000,1361593000,,,,,,,,,17979000,191886000,None,492703000,492703000,208796000,None,None,610654000,None,None,43596000,,3.6,0.0176,,,,0.005,0.01,338170000,381766000,1.98,2023-03-31,23.81,571534000,4077968000.0,535070000,372600000,61381000,172685000,172685000,None,49322000,None,1478997000,None,None,None,None,1163989000,311219000,None,None,None,0.258,,196900000,338170000,323876000,454083000,None,35308000,None,,,,,2.841,4.651,5.7,,,,,,,,0.226,,1165035000,2025-10-29,quarterly,1.99,USD,pre-market,74879000,4935730000,0.112,0.197,0.117,36.09,122000000,111388000,None,188878000,215.75,210.97,0.5051,7726031000,3963998000,1008200000,1321027000,3762033000,312827000,1027773000,6405004000,25.31,-510478000,260.57,167.16
2025-12-28,GRMN,8.12,6943125000.0,25.31,None,1.014,44.07,,114541000,1279194000,1279194000,,,,,,,,,17979000,192104000,None,492703000,492703000,212417000,None,None,656847000,None,None,43596000,,3.6,0.0176,,,,0.005,0.01,338170000,381766000,1.98,2022-12-31,23.81,567994000,4077968000.0,535070000,372600000,61381000,178461000,178461000,None,49322000,None,1515045000,None,None,None,None,1208360000,311219000,None,None,None,0.258,,196900000,338170000,330777000,661946000,None,34987000,None,,,,,2.841,4.651,5.7,,,,,,,,0.226,,1147005000,2025-10-29,quarterly,1.99,USD,pre-market,74879000,4733517000,0.112,0.197,0.117,36.09,122000000,114541000,25149000,173288000,215.75,210.97,0.5051,7731170000,3955151000,1211635000,1526830000,3776019000,315195000,1027773000,6204340000,25.31,-475095000,260.57,167.16
2025-12-28,GRMN,8.12,6943125000.0,25.31,None,1.014,44.07,,100181000,1082338000,1082338000,,,,,,,,,17979000,193105000,None,492703000,492703000,268674000,None,None,641072000,None,None,43596000,,3.6,0.0176,,,,0.005,0.01,338170000,381766000,1.98,2022-09-30,23.81,540740000,4077968000.0,535070000,372600000,61381000,179890000,179890000,None,49322000,None,1533271000,None,None,None,None,1236350000,311219000,None,None,None,0.258,,196900000,338170000,332737000,916021000,None,51304000,None,,,,,2.841,4.651,5.7,,,,,,,,0.226,,1222194000,2025-10-29,quarterly,1.99,USD,pre-market,74879000,4439004000,0.112,0.197,0.117,36.09,122000000,100181000,None,378705000,215.75,210.97,0.5051,7627606000,3953725000,1442923000,1749417000,3673881000,306494000,1027773000,5878189000,25.31,-398974000,260.57,167.16
2025-12-28,GRMN,8.12,6943125000.0,25.31,None,1.014,44.07,,106952000,1087381000,1087381000,,,,,,,,,17979000,193450000,None,492703000,492703000,319732000,None,None,698859000,None,None,43596000,,3.6,0.0176,,,,0.005,0.01,338170000,381766000,1.98,2022-06-30,23.81,561395000,4077968000.0,535070000,372600000,61381000,194070000,194070000,None,49322000,None,1454868000,None,None,None,None,1247490000,311219000,None,None,None,0.258,,196900000,338170000,354870000,1089916000,None,60566000,None,,,,,2.841,4.651,5.7,,,,,,,,0.226,,1113562000,2025-10-29,quarterly,1.99,USD,pre-market,74879000,4225521000,0.112,0.197,0.117,36.09,122000000,106952000,None,526639000,215.75,210.97,0.5051,7813696000,4122617000,1623886000,1947763000,3691079000,323877000,1027773000,5865933000,25.31,-315886000,260.57,167.16
2025-12-28,GRMN,8.12,6943125000.0,25.31,None,1.014,44.07,,82127000,1417531000,1417531000,,,,,,,,,17979000,193579000,None,492703000,492703000,298992000,None,None,599733000,None,None,43596000,,3.6,0.0176,,,,0.005,0.01,338170000,381766000,1.98,2022-03-31,23.81,572996000,4077968000.0,535070000,372600000,61381000,209325000,209325000,None,49322000,None,1339530000,None,None,None,None,1238500000,311219000,None,None,None,0.258,,196900000,338170000,350172000,618797000,None,63069000,None,,,,,2.841,4.651,5.7,,,,,,,,0.226,,1092520000,2025-10-29,quarterly,1.99,USD,pre-market,74879000,4532102000,0.112,0.197,0.117,36.09,122000000,82127000,None,375237000,215.75,210.97,0.5051,7703249000,4082203000,1152501000,1454407000,3621046000,301906000,1027773000,6248842000,25.31,-294711000,260.57,167.16
2025-12-28,GRMN,8.12,6943125000.0,25.31,None,1.014,44.07,,70044000,1498058000,1498058000,,,,,,,,,17979000,193306000,None,492703000,492703000,370048000,None,None,843445000,None,None,43596000,,3.6,0.0176,,,,0.005,0.01,338170000,381766000,1.98,2021-12-31,23.81,575080000,4077968000.0,535070000,372600000,61381000,215993000,215993000,None,49322000,None,1227609000,None,None,None,None,1268698000,311219000,None,None,None,0.258,,196900000,338170000,344680000,862363000,None,62863000,None,,,,,2.841,4.651,5.7,,,,,,,,0.226,,1067478000,2025-10-29,quarterly,1.99,USD,pre-market,74879000,4320737000,0.112,0.197,0.117,36.09,122000000,70044000,20503000,347980000,215.75,210.97,0.5051,7854427000,4261772000,1448148000,1740268000,3592655000,292120000,1027773000,6114159000,25.31,-303114000,260.57,167.16
2025-12-28,GRMN,8.12,6943125000.0,25.31,None,1.014,44.07,,71527000,1639056000,1639056000,,,,,,,,,17979000,193185000,None,492703000,492703000,318604000,None,None,639345000,None,None,43596000,,3.6,0.0176,,,,0.005,0.01,338170000,381766000,1.98,2021-09-30,23.81,None,4077968000.0,535070000,372600000,61381000,809163000,809163000,None,49322000,None,1113503000,None,None,None,None,1253589000,311219000,None,None,None,0.258,,196900000,338170000,271848000,857703000,None,23354000,None,,,,,2.841,4.651,5.7,,,,,,,,0.226,,1064915000,2025-10-29,quarterly,1.99,USD,pre-market,74879000,4034912000,0.112,0.197,0.117,36.09,122000000,71527000,None,345214000,215.75,210.97,0.5051,7571489000,4008966000,1373939000,1716751000,3562523000,342812000,1027773000,5854738000,25.31,-303373000,260.57,167.16
2025-12-28,GRMN,8.12,6943125000.0,25.31,None,1.014,44.07,,74336000,1639447000,1639447000,,,,,,,,,17979000,192871000,None,492703000,492703000,303947000,None,None,737268000,None,None,43596000,,3.6,0.0176,,,,0.005,0.01,338170000,381766000,1.98,2021-06-30,23.81,None,4077968000.0,535070000,372600000,61381000,820116000,820116000,None,49322000,None,938607000,None,None,None,None,1203705000,311219000,None,None,None,0.258,,196900000,338170000,237876000,990198000,None,20051000,None,,,,,2.841,4.651,5.7,,,,,,,,0.226,,1051021000,2025-10-29,quarterly,1.99,USD,pre-market,74879000,3775874000,0.112,0.197,0.117,36.09,122000000,74336000,None,330567000,215.75,210.97,0.5051,7402724000,3883765000,1458830000,1818476000,3518959000,359646000,1027773000,5584248000,25.31,-303369000,260.57,167.16
2025-12-28,GRMN,8.12,6943125000.0,25.31,None,1.014,44.07,,74741000,1599475000,1599475000,,,,,,,,,17979000,192810000,None,492703000,492703000,250789000,None,None,558192000,None,None,43596000,,3.6,0.0176,,,,0.005,0.01,338170000,381766000,1.98,2021-03-31,23.81,None,4077968000.0,535070000,372600000,61381000,822229000,822229000,None,49322000,None,837934000,None,None,None,None,1212798000,311219000,None,None,None,0.258,,196900000,338170000,219663000,531381000,None,18079000,None,,,,,2.841,4.651,5.7,,,,,,,,0.226,,954324000,2025-10-29,quarterly,1.99,USD,pre-market,74879000,3974184000,0.112,0.197,0.117,36.09,122000000,74741000,None,342656000,215.75,210.97,0.5051,6999729000,3557920000,933125000,1283902000,3441809000,350777000,1027773000,5715827000,25.31,-309522000,260.57,167.16
2025-12-28,GRMN,8.12,6943125000.0,25.31,None,1.014,44.07,,75958000,1458442000,1458442000,,,,,,,,,17979000,192303000,None,492703000,492703000,258885000,None,None,849469000,None,None,43596000,,3.6,0.0176,,,,0.005,0.01,338170000,381766000,1.98,2020-12-31,23.81,584210000,4077968000.0,535070000,372600000,61381000,244356000,244356000,None,49322000,None,762084000,None,None,None,None,1131175000,311219000,None,None,None,0.258,,196900000,338170000,211714000,749882000,None,108304000,None,,,,,2.841,4.651,5.7,,,,,,,,0.226,,855539000,2025-10-29,quarterly,1.99,USD,pre-market,74879000,3754372000,0.112,0.197,0.117,36.09,122000000,75958000,75958000,387642000,215.75,210.97,0.5051,7031373000,3669351000,1164217000,1515257000,3362022000,351040000,1027773000,5516116000,25.31,-320016000,260.57,167.16
2025-12-28,GRMN,8.12,6943125000.0,25.31,None,1.014,44.07,,58416000,1223516000,1223516000,,,,,,,,,17979000,191998000,None,492703000,492703000,235467000,None,None,658000000,None,None,43596000,,3.6,0.0176,,,,0.005,0.01,338170000,381766000,1.98,2020-09-30,23.81,None,4077968000.0,535070000,372600000,61381000,818781000,818781000,None,49322000,None,821377000,None,None,None,None,1058103000,311219000,None,None,None,0.258,,196900000,338170000,208813000,751105000,None,87495000,None,,,,,2.841,4.651,5.7,,,,,,,,0.226,,813561000,2025-10-29,quarterly,1.99,USD,pre-market,74879000,3421159000,0.112,0.197,0.117,36.09,122000000,58416000,52715000,430164000,215.75,210.97,0.5051,6550669000,3341870000,1122956000,1446328000,3208799000,323372000,1027773000,5104341000,25.31,-326294000,260.57,167.16
2025-12-28,GRMN,8.12,6943125000.0,25.31,None,1.014,44.07,,60000000,1354924000,1354924000,,,,,,,,,17979000,191597000,None,492703000,492703000,193216000,None,None,523901000,None,None,43596000,,3.6,0.0176,,,,0.005,0.01,338170000,381766000,1.98,2020-06-30,23.81,None,4077968000.0,535070000,372600000,61381000,656898000,656898000,None,49322000,None,813243000,None,None,None,None,993021000,311219000,None,None,None,0.258,,196900000,338170000,185491000,828090000,None,96811000,None,,,,,2.841,4.651,5.7,,,,,,,,0.226,,791175000,2025-10-29,quarterly,1.99,USD,pre-market,74879000,3107768000,0.112,0.197,0.117,36.09,122000000,60000000,60000000,380880000,215.75,210.97,0.5051,6220042000,3258439000,1163927000,1479181000,2961603000,315254000,1027773000,4740861000,25.31,-326310000,260.57,167.16
2025-12-28,GRMN,8.12,6943125000.0,25.31,None,1.014,44.07,,52834000,1048604000,1048604000,,,,,,,,,17979000,191684000,None,492703000,492703000,200281000,None,None,500242000,None,None,43596000,,3.6,0.0176,,,,0.005,0.01,338170000,381766000,1.98,2020-03-31,23.81,None,4077968000.0,535070000,372600000,61381000,658777000,658777000,None,49322000,None,790180000,None,None,None,None,1199613000,311219000,None,None,None,0.258,,196900000,338170000,198214000,437308000,None,105103000,None,,,,,2.841,4.651,5.7,,,,,,,,0.226,,754549000,2025-10-29,quarterly,1.99,USD,pre-market,74879000,3390053000,0.112,0.197,0.117,36.09,122000000,52834000,52834,391646000,215.75,210.97,0.5051,6053993000,2928886000,781872000,1119593000,3125107000,337721000,1027773000,4934400000,25.31,-335491000,260.57,167.16
2025-12-28,GRMN,8.12,6943125000.0,25.31,-677076000,1.014,44.07,,49238000,1027567000,1027567000,,,,,,,,,17979000,191225000,None,492703000,492703000,240831000,None,None,706763000,None,None,43596000,,3.6,0.0176,,,,0.005,0.01,338170000,381766000,1.98,2019-12-31,23.81,467108000,4077968000.0,535070000,372600000,61381000,192521000,192521000,None,49322000,None,752908000,None,None,None,None,1205475000,311219000,None,None,None,0.258,,196900000,338170000,194149000,643627000,None,106049000,None,,,,,2.841,4.651,5.7,,,,,,,,0.226,,728921000,2025-10-29,quarterly,1.99,USD,pre-market,74879000,3229061000,0.112,0.197,0.117,36.09,122000000,49238000,49238000,376463000,215.75,210.97,0.5051,6166799000,3057850000,1035933000,1373303000,3108949000,337370000,1027773000,4793496000,25.31,-345040000,260.57,167.16
2025-12-28,GRMN,8.12,6943125000.0,25.31,None,1.014,44.07,,42855000,976402000,976402000,,,,,,,,,17979000,190962000,None,492703000,492703000,235548000,None,None,558299000,None,None,43596000,,3.6,0.0176,,,,0.005,0.01,338170000,381766000,1.98,2019-09-30,23.81,None,4077968000.0,535070000,372600000,61381000,637716000,637716000,None,49322000,None,749825000,None,None,None,None,1252219000,311219000,None,None,None,0.258,,196900000,338170000,172775000,651107000,None,105576000,None,,,,,2.841,4.651,5.7,,,,,,,,0.226,,710591000,2025-10-29,quarterly,1.99,USD,pre-market,74879000,2868816000,0.112,0.197,0.117,36.09,122000000,42855000,42855000,300542000,215.75,210.97,0.5051,5755105000,2757843000,1042955000,1374211000,2997262000,331256000,1027773000,4380894000,25.31,-368187000,260.57,167.16
2025-12-28,GRMN,8.12,6943125000.0,25.31,None,1.014,44.07,,46281000,820181000,820181000,,,,,,,,,17979000,190714000,None,492703000,492703000,214763000,None,None,583913000,None,None,43596000,,3.6,0.0176,,,,0.005,0.01,338170000,381766000,1.98,2019-06-30,23.81,None,4077968000.0,535070000,372600000,61381000,653014000,653014000,None,49322000,None,648140000,None,None,None,None,1319026000,311219000,None,None,None,0.258,,196900000,338170000,168579000,678079000,None,122270000,None,,,,,2.841,4.651,5.7,,,,,,,,0.226,,702108000,2025-10-29,quarterly,1.99,USD,pre-market,74879000,2641371000,0.112,0.197,0.117,36.09,122000000,46281000,46281000,239765000,215.75,210.97,0.5051,5524783000,2460578000,1027701000,1373817000,3064205000,346116000,1027773000,4150966000,25.31,-368200000,260.57,167.16
2025-12-28,GRMN,8.12,6943125000.0,25.31,None,1.014,44.07,,43277000,1115951000,1115951000,,,,,,,,,17979000,190599000,None,492703000,492703000,170474000,None,13095000,453069000,None,None,43596000,,3.6,0.0176,,,,0.005,0.01,338170000,381766000,1.98,2019-03-31,23.81,None,4077968000.0,535070000,372600000,61381000,411162000,411162000,None,49322000,None,598387000,None,None,43277000,None,1337771000,311219000,None,None,None,0.258,,196900000,338170000,147345000,302470000,None,127566000,None,,,,,2.841,4.651,5.7,,,,,,,,0.226,,672299000,2025-10-29,quarterly,1.99,USD,pre-market,74879000,2850588000,0.112,0.197,0.117,36.09,122000000,43277000,43277000,197385000,215.75,210.97,0.5051,5280145000,2512137000,622526000,964859000,2768008000,342333000,1027773000,4315286000,25.31,-381815000,260.57,167.16
2025-12-28,GRMN,8.12,6943125000.0,25.31,-609967000,1.014,44.07,,None,1201732000,1201732000,,,,,,,,,17979000,190177000,None,492703000,492703000,204985000,None,None,569833000,None,None,43596000,,3.6,0.0176,,,,0.005,0.01,338170000,381766000,1.98,2018-12-31,23.81,301017000,4077968000.0,535070000,372600000,61381000,116063000,116063000,None,49322000,None,561840000,None,None,None,None,1330123000,311219000,None,None,None,0.258,,196900000,338170000,148974000,568314000,None,129061000,None,,,,,2.841,4.651,5.7,,,,,,,,0.226,,663527000,2025-10-29,quarterly,1.99,USD,pre-market,74879000,2710619000,0.112,0.197,0.117,36.09,122000000,None,None,182989000,215.75,210.97,0.5051,5382858000,2665368000,921313000,1219884000,2717490000,298571000,1027773000,4162974000,25.31,-397692000,260.57,167.16
2025-12-28,GRMN,8.12,6943125000.0,25.31,None,1.014,44.07,,None,1056397000,1056397000,,,,,,,,,17979000,190005000,None,492703000,492703000,197069000,None,None,467784000,None,None,43596000,,3.6,0.0176,,,,0.005,0.01,338170000,381766000,1.98,2018-09-30,23.81,0,4077968000.0,535070000,372600000,61381000,424776000,424776000,None,49322000,None,556640000,None,None,0,None,1301111000,311219000,None,None,None,0.258,,196900000,338170000,146101000,515834000,None,128753000,None,,,,,2.841,4.651,5.7,,,,,,,,0.226,,650805000,2025-10-29,quarterly,1.99,USD,pre-market,74879000,2520828000,0.112,0.197,0.117,36.09,122000000,None,None,173697000,215.75,210.97,0.5051,5095967000,2400619000,854026000,1143259000,2695348000,289233000,1027773000,3952708000,25.31,-433274000,260.57,167.16
2025-12-28,GRMN,8.12,6943125000.0,25.31,None,1.014,44.07,,None,946656000,946656000,,,,,,,,,17979000,189461000,None,492703000,492703000,166499000,None,None,533076000,None,None,43596000,,3.6,0.0176,,,,0.005,0.01,338170000,381766000,1.98,2018-06-30,23.81,0,4077968000.0,535070000,372600000,61381000,409459000,409459000,None,49322000,None,501490000,None,None,0,None,1302447000,311219000,None,None,None,0.258,,196900000,338170000,169042000,624106000,None,142444000,None,,,,,2.841,4.651,5.7,,,,,,,,0.226,,637245000,2025-10-29,quarterly,1.99,USD,pre-market,74879000,2336614000,0.112,0.197,0.117,36.09,122000000,None,None,173318000,215.75,210.97,0.5051,4988720000,2323582000,929147000,1229839000,2665138000,300692000,1027773000,3758881000,25.31,-433959000,260.57,167.16
2025-12-28,GRMN,8.12,6943125000.0,25.31,None,1.014,44.07,,None,898981000,898981000,,,,,,,,,17979000,189292000,None,492703000,492703000,136132000,None,None,409704000,None,None,43596000,,3.6,0.0176,,,,0.005,0.01,338170000,381766000,1.98,2018-03-31,23.81,0,4077968000.0,535070000,372600000,61381000,421006000,421006000,None,49322000,None,547412000,None,None,0,None,1309185000,311219000,None,None,None,0.258,,196900000,338170000,167441000,285226000,None,142250000,None,,,,,2.841,4.651,5.7,,,,,,,,0.226,,604813000,2025-10-29,quarterly,1.99,USD,pre-market,74879000,2546400000,0.112,0.197,0.117,36.09,122000000,None,None,167745000,215.75,210.97,0.5051,4855222000,2191283000,557843000,858029000,2663939000,300186000,1027773000,3997193000,25.31,-450160000,260.57,167.16
2025-12-28,GRMN,8.12,6943125000.0,25.31,-566473000,1.014,44.07,,None,891488000,891488000,,,,,,,,,17979000,188915000,None,492703000,492703000,169640000,None,None,590882000,None,None,43596000,,3.6,0.0176,,,,0.005,0.01,338170000,381766000,1.98,2017-12-31,23.81,286982000,4077968000.0,535070000,372600000,61381000,122819000,122819000,None,49322000,None,517644000,None,None,0,None,1260033000,311219000,None,None,None,0.258,,196900000,338170000,184437000,485697000,None,140083000,None,,,,,2.841,4.651,5.7,,,,,,,,0.226,,595684000,2025-10-29,quarterly,1.99,USD,pre-market,74879000,2368874000,0.112,0.197,0.117,36.09,122000000,None,None,161687000,215.75,210.97,0.5051,5010260000,2363925000,828656000,1207794000,2646335000,379138000,1027773000,3802466000,25.31,-468818000,260.57,167.16
2025-12-28,GRMN,8.12,6943125000.0,25.31,None,1.014,44.07,,None,891279000,891279000,,,,,,,,,17979000,188490000,None,492703000,492703000,158591000,None,None,457391000,None,None,43596000,,3.6,0.0176,,,,0.005,0.01,338170000,381766000,1.98,2017-09-30,23.81,0,4077968000.0,535070000,372600000,61381000,313269000,313269000,None,49322000,None,575335000,None,None,0,None,1210323000,311219000,None,None,None,0.258,,196900000,338170000,154770000,533634000,None,125643000,None,,,,,2.841,4.651,5.7,,,,,,,,0.226,,554441000,2025-10-29,quarterly,1.99,USD,pre-market,74879000,2230489000,0.112,0.197,0.117,36.09,122000000,None,None,253699000,215.75,210.97,0.5051,4835391000,2332474000,846045000,1195706000,2502917000,349661000,1027773000,3639685000,25.31,-506799000,260.57,167.16
2025-12-28,GRMN,8.12,6943125000.0,25.31,None,1.014,44.07,,None,859560000,859560000,,,,,,,,,17979000,188492000,None,492703000,492703000,161398000,None,None,514942000,None,None,43596000,,3.6,0.0176,,,,0.005,0.01,338170000,381766000,1.98,2017-06-30,23.81,0,4077968000.0,535070000,372600000,61381000,309318000,309318000,None,49322000,None,525167000,None,None,0,None,1200432000,311219000,None,None,None,0.258,,196900000,338170000,156361000,610547000,None,133543000,None,,,,,2.841,4.651,5.7,,,,,,,,0.226,,517290000,2025-10-29,quarterly,1.99,USD,pre-market,74879000,2083076000,0.112,0.197,0.117,36.09,122000000,None,None,248904000,215.75,210.97,0.5051,4748772000,2304934000,928509000,1264325000,2443838000,335816000,1027773000,3484447000,25.31,-496342000,260.57,167.16
2025-12-28,GRMN,8.12,6943125000.0,25.31,None,1.014,44.07,,None,833577000,833577000,,,,,,,,,17979000,189031000,None,492703000,492703000,136901000,None,None,391345000,None,None,43596000,,3.6,0.0176,,,,0.005,0.01,338170000,381766000,1.98,2017-03-31,23.81,0,4077968000.0,535070000,372600000,61381000,303414000,303414000,None,49322000,None,533151000,None,None,0,None,1211141000,311219000,None,None,None,0.258,,196900000,338170000,140437000,273818000,None,125902000,None,,,,,2.841,4.651,5.7,,,,,,,,0.226,,503840000,2025-10-29,quarterly,1.99,USD,pre-market,74879000,2294654000,0.112,0.197,0.117,36.09,122000000,None,None,258400000,215.75,210.97,0.5051,4600681000,2156910000,571459000,898619000,2443771000,327160000,1027773000,3702062000,25.31,-474859000,260.57,167.16
2025-12-28,GRMN,8.12,6943125000.0,25.31,-496981000,1.014,44.07,,None,846883000,846883000,,,,,,,,,17979000,189171000,None,492703000,492703000,172404000,None,None,527062000,None,None,43596000,,3.6,0.0176,,,,0.005,0.01,338170000,381766000,1.98,2016-12-31,23.81,224553000,4077968000.0,535070000,372600000,61381000,80449000,80449000,None,49322000,None,484821000,None,None,0,None,1213285000,311219000,None,None,None,0.258,,196900000,338170000,137298000,447604000,None,122768000,None,,,,,2.841,4.651,5.7,,,,,,,,0.226,,482878000,2025-10-29,quarterly,1.99,USD,pre-market,74879000,2056702000,0.112,0.197,0.117,36.09,122000000,None,None,266952000,215.75,210.97,0.5051,4525133000,2263016000,782735000,1107130000,2262117000,324395000,1027773000,3418003000,25.31,-455964000,260.57,167.16
2025-12-28,GRMN,8.12,6943125000.0,25.31,None,1.014,44.07,,None,912559000,912559000,,,,,,,,,17979000,189238000,None,492703000,492703000,148030000,None,None,461355000,None,None,43596000,,3.6,0.0176,,,,0.005,0.01,338170000,381766000,1.98,2016-09-30,23.81,0,4077968000.0,535070000,372600000,61381000,301983000,301983000,None,49322000,None,534683000,None,None,0,None,1327347000,311219000,None,None,None,0.258,,196900000,338170000,137302000,601577000,None,118983000,None,,,,,2.841,4.651,5.7,,,,,,,,0.226,,454246000,2025-10-29,quarterly,1.99,USD,pre-market,74879000,1919846000,0.112,0.197,0.117,36.09,122000000,None,None,201560000,215.75,210.97,0.5051,4591906000,2247459000,919995000,1229677000,2344447000,309682000,1027773000,3362229000,25.31,-464163000,260.57,167.16
2025-12-28,GRMN,8.12,6943125000.0,25.31,None,1.014,44.07,,None,801464000,801464000,,,,,,,,,1797435000,189356000,None,492703000,492703000,151904000,None,None,510309000,None,None,43596000,,3.6,0.0176,,,,0.005,0.01,338170000,381766000,1.98,2016-06-30,23.81,0,4077968000.0,535070000,372600000,61381000,303348000,303348000,None,49322000,None,508161000,None,None,0,None,1306159000,311219000,None,None,None,0.258,,196900000,338170000,140400000,683224000,None,113344000,None,,,,,2.841,4.651,5.7,,,,,,,,0.226,,450654000,2025-10-29,quarterly,1.99,USD,pre-market,74879000,1794792000,0.112,0.197,0.117,36.09,122000000,None,None,252253000,215.75,210.97,0.5051,4527583000,2212587000,1010429000,1308748000,2314996000,298319000,1027773000,3218835000,25.31,-445268000,260.57,167.16
2025-12-28,GRMN,8.12,6943125000.0,25.31,None,1.014,44.07,,None,857679000,857679000,,,,,,,,,1797435000,189651000,None,492703000,492703000,137162000,None,None,408283000,None,None,43596000,,3.6,0.0176,,,,0.005,0.01,338170000,381766000,1.98,2016-03-31,23.81,0,4077968000.0,535070000,372600000,61381000,306303000,306303000,None,49322000,None,517767000,None,None,0,None,1279799000,311219000,None,None,None,0.258,,196900000,338170000,147257000,374069000,None,104711000,None,,,,,2.841,4.651,5.7,,,,,,,,0.226,,448967000,2025-10-29,quarterly,1.99,USD,pre-market,74879000,2018609000,0.112,0.197,0.117,36.09,122000000,None,None,198147000,215.75,210.97,0.5051,4410324000,2129133000,680720000,973077000,2281191000,292357000,1027773000,3437247000,25.31,-434346000,260.57,167.16
2025-12-28,GRMN,8.12,6943125000.0,25.31,-462560000,1.014,44.07,,None,833070000,833070000,,,,,,,,,1797435000,189900000,None,492703000,492703000,178905000,None,None,531481000,None,None,43596000,,3.6,0.0176,,,,0.005,0.01,338170000,381766000,1.98,2015-12-31,23.81,187791000,4077968000.0,535070000,372600000,61381000,57761000,57761000,None,49322000,None,500554000,None,None,0,None,1343387000,311219000,None,None,None,0.258,,196900000,338170000,130821000,500437000,None,103326000,None,,,,,2.841,4.651,5.7,,,,,,,,0.226,,446089000,2025-10-29,quarterly,1.99,USD,pre-market,74879000,1930517000,0.112,0.197,0.117,36.09,122000000,None,None,215161000,215.75,210.97,0.5051,4499391000,2211087000,865998000,1154265000,2288304000,288267000,1027773000,3345126000,25.31,-414637000,260.57,167.16
2025-12-28,GRMN,8.12,6943125000.0,25.31,None,1.014,44.07,,None,914907000,914907000,,,,,,,,,1797435000,190822000,None,492703000,492703000,158663000,None,None,431942000,None,None,43596000,,3.6,0.0176,,,,0.005,0.01,338170000,381766000,1.98,2015-09-30,23.81,0,4077968000.0,535070000,372600000,61381000,220848000,220848000,None,49322000,None,503183000,None,None,0,None,1290147000,311219000,None,None,None,0.258,,196900000,338170000,170087000,548547000,None,97871000,None,,,,,2.841,4.651,5.7,,,,,,,,0.226,,439094000,2025-10-29,quarterly,1.99,USD,pre-market,74879000,1795900000,0.112,0.197,0.117,36.09,122000000,None,None,211834000,215.75,210.97,0.5051,4388472000,2231953000,894656000,1153787000,2156519000,259131000,1027773000,3234685000,25.31,-425380000,260.57,167.16
2025-12-28,GRMN,8.12,6943125000.0,25.31,None,1.014,44.07,,None,938183000,938183000,,,,,,,,,1797435000,191600000,None,492703000,492703000,146088000,None,None,502034000,None,None,43596000,,3.6,0.0176,,,,0.005,0.01,338170000,381766000,1.98,2015-06-30,23.81,0,4077968000.0,535070000,372600000,61381000,222968000,222968000,None,49322000,None,458451000,None,None,0,None,1309405000,311219000,None,None,None,0.258,,196900000,338170000,185621000,630619000,None,86970000,None,,,,,2.841,4.651,5.7,,,,,,,,0.226,,445672000,2025-10-29,quarterly,1.99,USD,pre-market,74879000,1676601000,0.112,0.197,0.117,36.09,122000000,None,None,199007000,215.75,210.97,0.5051,4423409000,2283296000,961681000,1214904000,2140113000,253223000,1027773000,3208505000,25.31,-374839000,260.57,167.16
2025-12-28,GRMN,8.12,6943125000.0,25.31,None,1.014,44.07,,None,1171388000,1171388000,,,,,,,,,1797435000,192341000,None,492703000,492703000,125745000,None,None,425650000,None,None,43596000,,3.6,0.0176,,,,0.005,0.01,338170000,381766000,1.98,2015-03-31,23.81,0,4077968000.0,535070000,372600000,61381000,224381000,224381000,None,49322000,None,470444000,None,None,0,None,1259102000,311219000,None,None,None,0.258,,196900000,338170000,162613000,322023000,None,80034000,None,,,,,2.841,4.651,5.7,,,,,,,,0.226,,436104000,2025-10-29,quarterly,1.99,USD,pre-market,74879000,1928165000,0.112,0.197,0.117,36.09,122000000,None,None,270212000,215.75,210.97,0.5051,4543279000,2500307000,824261000,1065649000,2042972000,241388000,1027773000,3477630000,25.31,-345143000,260.57,167.16
2025-12-28,GRMN,8.12,6943125000.0,25.31,-428709000,1.014,44.07,,None,1196268000,1196268000,,,,,,,,,1797435000,192356000,None,492703000,492703000,149094000,None,None,570191000,None,None,43596000,,3.6,0.0176,,,,0.005,0.01,338170000,381766000,1.98,2014-12-31,23.81,178638000,4077968000.0,535070000,372600000,61381000,39445000,39445000,None,49322000,None,420475000,None,None,0,None,1407344000,311219000,None,None,None,0.258,,196900000,338170000,156053000,498309000,None,82048000,None,,,,,2.841,4.651,5.7,,,,,,,,0.226,,430887000,2025-10-29,quarterly,1.99,USD,pre-market,74879000,1859972000,0.112,0.197,0.117,36.09,122000000,None,None,167989000,215.75,210.97,0.5051,4693303000,2510976000,1033261000,1289936000,2182327000,256675000,1027773000,3403367000,25.31,-330132000,260.57,167.16
2025-12-28,GRMN,8.12,6943125000.0,25.31,None,1.014,44.07,,None,1154558000,1154558000,,,,,,,,,1797435000,192239000,None,492703000,492703000,144882000,None,None,478722000,None,None,43596000,,3.6,0.0176,,,,0.005,0.01,338170000,381766000,1.98,2014-09-30,23.81,0,4077968000.0,535070000,372600000,61381000,221566000,221566000,None,49322000,None,466482000,None,None,0,None,1453047000,311219000,None,None,None,0.258,,196900000,338170000,170357000,570134000,None,137370000,None,,,,,2.841,4.651,5.7,,,,,,,,0.226,,431753000,2025-10-29,quarterly,1.99,USD,pre-market,74879000,1649727000,0.112,0.197,0.117,36.09,122000000,None,None,151366000,215.75,210.97,0.5051,4669364000,2421485000,1123483000,1432951000,2247879000,309468000,1027773000,3236413000,25.31,-350063000,260.57,167.16
2025-12-28,GRMN,8.12,6943125000.0,25.31,None,1.014,44.07,,None,1234886000,1234886000,,,,,,,,,1797435000,194955000,None,492703000,492703000,132581000,None,None,496979000,None,None,43596000,,3.6,0.0176,,,,0.005,0.01,338170000,381766000,1.98,2014-06-30,23.81,0,4077968000.0,535070000,372600000,61381000,213242000,213242000,None,49322000,None,429673000,None,None,0,None,1456103000,311219000,None,None,None,0.258,,196900000,338170000,174130000,581455000,None,149071000,None,,,,,2.841,4.651,5.7,,,,,,,,0.226,,428482000,2025-10-29,quarterly,1.99,USD,pre-market,74879000,1796561000,0.112,0.197,0.117,36.09,122000000,None,None,160901000,215.75,210.97,0.5051,4741802000,2496569000,969250000,1261186000,2245233000,291936000,1027773000,3480616000,25.31,-274030000,260.57,167.16
2025-12-28,GRMN,8.12,6943125000.0,25.31,None,1.014,44.07,,None,1136691000,1136691000,,,,,,,,,1797435000,195860000,None,492703000,492703000,124241000,None,None,427457000,None,None,43596000,,3.6,0.0176,,,,0.005,0.01,338170000,381766000,1.98,2014-03-31,23.81,0,4077968000.0,535070000,372600000,61381000,216260000,216260000,None,49322000,None,442025000,None,None,0,None,1571166000,311219000,None,None,None,0.258,,196900000,338170000,217662000,298573000,None,143022000,None,,,,,2.841,4.651,5.7,,,,,,,,0.226,,417164000,2025-10-29,quarterly,1.99,USD,pre-market,74879000,1984405000,0.112,0.197,0.117,36.09,122000000,None,None,163660000,215.75,210.97,0.5051,4738914000,2387495000,697108000,986544000,2351419000,289436000,1027773000,3752370000,25.31,-145609000,260.57,167.16
2025-12-28,GRMN,8.12,6943125000.0,25.31,None,1.014,44.07,,None,1179149000,1179149000,,,,,,,,,1797435000,196338000,None,492703000,492703000,146582000,None,None,701965000,None,None,43596000,,3.6,0.0176,,,,0.005,0.01,338170000,381766000,1.98,2013-12-31,23.81,179290000,4077968000.0,535070000,372600000,61381000,40204000,40204000,None,49322000,None,382226000,None,None,0,None,None,311219000,None,None,None,0.258,,196900000,338170000,182434000,463771000,None,141823000,None,,,,,2.841,4.651,5.7,,,,,,,,0.226,,98324000,2025-10-29,quarterly,1.99,USD,pre-market,74879000,1865587000,0.112,0.197,0.117,36.09,122000000,None,None,149862000,215.75,210.97,0.5051,4879603000,2595636000,905304000,1219897000,2283967000,314593000,1027773000,3659706000,25.31,-120620000,260.57,167.16
2025-12-28,GRMN,8.12,6943125000.0,25.31,None,1.014,44.07,,None,1068700000,1068700000,,,,,,,,,1797435000,196300000,None,492703000,492703000,151798000,None,None,475707000,None,None,43596000,,3.6,0.0176,,,,0.005,0.01,338170000,381766000,1.98,2013-09-30,23.81,0,4077968000.0,535070000,372600000,61381000,221979000,221979000,None,49322000,None,416725000,None,None,0,None,1594144000,311219000,None,None,None,0.258,,196900000,338170000,349253000,778175000,None,122008000,None,,,,,2.841,4.651,5.7,,,,,,,,0.226,,413675000,2025-10-29,quarterly,1.99,USD,pre-market,74879000,1701823000,0.112,0.197,0.117,36.09,122000000,None,None,134253000,215.75,210.97,0.5051,4823226000,2444638000,974033000,1265722000,2378588000,291689000,1027773000,3557504000,25.31,-100912000,260.57,167.16
2025-12-28,GRMN,8.12,6943125000.0,25.31,None,1.014,44.07,,None,1083490000,1083490000,,,,,,,,,1797435000,196300000,None,492703000,492703000,128078000,None,None,484246000,None,None,43596000,,3.6,0.0176,,,,0.005,0.01,338170000,381766000,1.98,2013-06-30,23.81,0,4077968000.0,535070000,372600000,61381000,220531000,220531000,None,49322000,None,383492000,None,None,0,None,1475761000,311219000,None,None,None,0.258,,196900000,338170000,252449000,486193000,None,174602000,None,,,,,2.841,4.651,5.7,,,,,,,,0.226,,410533000,2025-10-29,quarterly,1.99,USD,pre-market,74879000,1514153000,0.112,0.197,0.117,36.09,122000000,None,None,142582000,215.75,210.97,0.5051,4599181000,2346259000,889735000,1232824000,2252922000,343089000,1027773000,3366357000,25.31,-93587000,260.57,167.16
2025-12-28,GRMN,8.12,6943125000.0,25.31,None,1.014,44.07,,None,1093440000,1093440000,,,,,,,,,1797435000,196457000,None,492703000,492703000,112170000,None,None,450594000,None,None,43596000,,3.6,0.0176,,,,0.005,0.01,338170000,381766000,1.98,2013-03-31,23.81,0,4077968000.0,535070000,372600000,61381000,223316000,223316000,None,49322000,None,396010000,None,None,0,None,1479764000,311219000,None,None,None,0.258,,196900000,338170000,228433000,215040000,None,172911000,None,,,,,2.841,4.651,5.7,,,,,,,,0.226,,407591000,2025-10-29,quarterly,1.99,USD,pre-market,74879000,1693291000,0.112,0.197,0.117,36.09,122000000,None,None,145478000,215.75,210.97,0.5051,4570420000,2313955000,605101000,952095000,2256465000,346994000,1027773000,3618325000,25.31,-79479000,260.57,167.16
2025-12-28,GRMN,8.12,6943125000.0,25.31,-349987000,1.014,44.07,,None,1231180000,1231180000,,,,,,,,,1797435000,196275000,None,492703000,492703000,131263000,None,None,603673000,None,None,43596000,,3.6,0.0176,,,,0.005,0.01,338170000,381766000,1.98,2012-12-31,23.81,176059000,4077968000.0,535070000,372600000,61381000,56538000,56538000,None,49322000,None,389931000,None,None,0,None,1488312000,311219000,None,None,None,0.258,,196900000,338170000,193772999,1302819000,None,182788000,None,,,,,2.841,4.651,5.7,,,,,,,,0.226,,409751000,2025-10-29,quarterly,1.99,USD,pre-market,74879000,1604625000,0.112,0.197,0.117,36.09,122000000,None,None,153083000,215.75,210.97,0.5051,4819124000,2536120000,909026000,1287328000,2130660000,378302000,1027773000,3531796000,25.31,-81280000,260.57,167.16
2025-12-28,GRMN,8.12,6943125000.0,25.31,None,1.014,44.07,,None,1247073000,1247073000,,,,,,,,,1797435000,196161000,None,492703000,492703000,147866000,None,None,508725000,None,None,43596000,,3.6,0.0176,,,,0.005,0.01,338170000,381766000,1.98,2012-09-30,23.81,0,4077968000.0,535070000,372600000,61381000,252895000,252895000,None,49322000,None,443416000,None,None,0,None,1349176000,311219000,None,None,None,0.258,,196900000,338170000,151386000,452897000,None,172649000,None,,,,,2.841,4.651,5.7,,,,,,,,0.226,,407853000,2025-10-29,quarterly,1.99,USD,pre-market,74879000,1477504000,0.112,0.197,0.117,36.09,122000000,None,None,122448000,215.75,210.97,0.5051,4630742000,2473048000,883554000,1242995000,2157694000,359441000,1027773000,3387747000,25.31,-95322000,260.57,167.16
2025-12-28,GRMN,8.12,6943125000.0,25.31,None,1.014,44.07,,None,1267719000,1267719000,,,,,,,,,1797435000,196261000,None,492703000,492703000,138582000,None,None,486395000,None,None,43596000,,3.6,0.0176,,,,0.005,0.01,338170000,381766000,1.98,2012-06-30,23.81,0,4077968000.0,535070000,372600000,61381000,246335000,246335000,None,49322000,None,384207000,None,None,0,None,1280354000,311219000,None,None,None,0.258,,196900000,338170000,145716000,503917000,None,166731000,None,,,,,2.841,4.651,5.7,,,,,,,,0.226,,407850000,2025-10-29,quarterly,1.99,USD,pre-market,74879000,1336460000,0.112,0.197,0.117,36.09,122000000,None,None,97177000,215.75,210.97,0.5051,4462762000,2381214000,901952000,1252075000,2081548000,350123000,1027773000,3210687000,25.31,-96780000,260.57,167.16
2025-12-28,GRMN,8.12,6943125000.0,25.31,None,1.014,44.07,,None,1285791000,1285791000,,,,,,,,,1797435000,195673000,None,492703000,492703000,109232000,None,None,430145000,None,None,43596000,,3.6,0.0176,,,,0.005,0.01,338170000,381766000,1.98,2012-03-31,23.81,0,4077968000.0,535070000,372600000,61381000,254937000,254937000,None,49322000,None,407476000,None,None,0,None,1161109000,311219000,None,None,None,0.258,,196900000,338170000,136498000,219852000,None,166516000,None,,,,,2.841,4.651,5.7,,,,,,,,0.226,,412592000,2025-10-29,quarterly,1.99,USD,pre-market,74879000,1500390000,0.112,0.197,0.117,36.09,122000000,None,None,89356000,215.75,210.97,0.5051,4324793000,2349266000,594542000,945388000,1975527000,350846000,1027773000,3379405000,25.31,-98778000,260.57,167.16
2025-12-28,GRMN,8.12,6943125000.0,25.31,-294263000,1.014,44.07,,None,1287160000,1287160000,,,,,,,,,1797435000,195100000,None,492703000,492703000,164010000,None,None,607450000,None,None,43596000,,3.6,0.0176,,,,0.005,0.01,338170000,381766000,1.98,2011-12-31,23.81,179475000,4077968000.0,535070000,372600000,61381000,67171000,67171000,None,49322000,None,397741000,None,None,0,None,1097002000,311219000,None,None,None,0.258,,196900000,338170000,171333000,427498000,None,163395000,None,,,,,2.841,4.651,5.7,,,,,,,,0.226,,417105000,2025-10-29,quarterly,1.99,USD,pre-market,74879000,1413582000,0.112,0.197,0.117,36.09,122000000,None,None,124639000,215.75,210.97,0.5051,4471338000,2569770000,858279000,1214757000,1901568000,356478000,1027773000,3256581000,25.31,-103498000,260.57,167.16
2025-12-28,GRMN,8.12,6943125000.0,25.31,None,1.014,44.07,,None,1389406000,1389406000,,,,,,,,,1797435000,194828000,None,492703000,492703000,182651000,None,None,519226000,None,None,43596000,,3.6,0.0176,,,,0.005,0.01,338170000,381766000,1.98,2011-09-30,23.81,0,4077968000.0,535070000,372600000,61381000,263221000,263221000,None,49322000,None,461304000,None,None,0,None,983563000,311219000,None,None,None,0.258,,196900000,338170000,111194000,571730000,None,167067000,None,,,,,2.841,4.651,5.7,,,,,,,,0.226,,423041000,2025-10-29,quarterly,1.99,USD,pre-market,74879000,1248443000,0.112,0.197,0.117,36.09,122000000,None,None,72784000,215.75,210.97,0.5051,4334885000,2553914000,914072000,1266693000,1780971000,352621000,1027773000,3068192000,25.31,-113681000,260.57,167.16
2025-12-28,GRMN,8.12,6943125000.0,25.31,None,1.014,44.07,,None,1418871000,1418871000,,,,,,,,,1797435000,194875000,None,492703000,492703000,125680000,None,None,493057000,None,None,43596000,,3.6,0.0176,,,,0.005,0.01,338170000,381766000,1.98,2011-06-30,23.81,None,4077968000.0,535070000,372600000,61381000,189309000,189309000,None,49322000,None,385678000,None,None,None,None,1016869000,311219000,None,None,None,0.258,,196900000,338170000,102295000,642271000,None,159521000,None,,,,,2.841,4.651,5.7,,,,,,,,0.226,,423697000,2025-10-29,quarterly,1.99,USD,pre-market,74879000,1097970000,0.112,0.197,0.117,36.09,122000000,None,None,62626000,215.75,210.97,0.5051,4198455000,2462527000,916087000,1235761000,1735928000,319674000,1027773000,2962694000,25.31,-116099000,260.57,167.16
2025-12-28,GRMN,8.12,6943125000.0,25.31,None,1.014,44.07,,None,1210615000,1210615000,,,,,,,,,1797435000,194720000,None,492703000,492703000,118845000,None,None,434935000,None,None,43596000,,3.6,0.0176,,,,0.005,0.01,338170000,381766000,1.98,2011-03-31,23.81,0,4077968000.0,535070000,372600000,61381000,189479000,189479000,None,49322000,None,411021000,None,None,0,None,1027381000,311219000,None,None,None,0.258,,196900000,338170000,94543000,216291000,None,148504000,None,,,,,2.841,4.651,5.7,,,,,,,,0.226,,427110000,2025-10-29,quarterly,1.99,USD,pre-market,74879000,1377007000,0.112,0.197,0.117,36.09,122000000,None,None,41723000,215.75,210.97,0.5051,3937509000,2192837000,469913000,744280000,1744672000,274367000,1027773000,3193229000,25.31,-118018000,260.57,167.16
2025-12-28,GRMN,8.12,6943125000.0,25.31,-249904000,1.014,44.07,,None,1260936000,1260936000,,,,,,,,,1797435000,194900000,None,492703000,492703000,132348000,None,None,747249000,None,None,43596000,,3.6,0.0176,,,,0.005,0.01,338170000,381766000,1.98,2010-12-31,23.81,136548000,4077968000.0,535070000,372600000,61381000,185152000,185152000,None,49322000,None,387577000,None,None,0,None,777401000,311219000,None,None,None,0.258,,196900000,338170000,78575000,390950000,None,155027000,None,,,,,2.841,4.651,5.7,,,,,,,,0.226,,427805000,2025-10-29,quarterly,1.99,USD,pre-market,74879000,1264613000,0.112,0.197,0.117,36.09,122000000,None,None,24418000,215.75,210.97,0.5051,3988688000,2498755000,669037000,939126000,1489933000,270089000,1027773000,3049562000,25.31,-106758000,260.57,167.16
2025-12-28,GRMN,8.12,6943125000.0,25.31,None,1.014,44.07,,None,1235965000,1235965000,,,,,,,,,1792768000,195305000,None,492703000,492703000,194894000,None,None,524924000,None,None,43596000,,3.6,0.0176,,,,0.005,0.01,338170000,381766000,1.98,2010-09-30,23.81,0,4077968000.0,535070000,372600000,61381000,198191000,198191000,None,49322000,None,494354000,None,None,0,None,639118000,311219000,None,None,None,0.258,,196900000,338170000,94235000,269943000,None,156271000,None,,,,,2.841,4.651,5.7,,,,,,,,0.226,,427856000,2025-10-29,quarterly,1.99,USD,pre-market,74879000,1136374000,0.112,0.197,0.117,36.09,122000000,None,None,21920000,215.75,210.97,0.5051,3658018000,2371398000,569527000,807769000,1286620000,238242000,1027773000,2850249000,25.31,-123563000,260.57,167.16
2025-12-28,GRMN,8.12,6943125000.0,25.31,None,1.014,44.07,,None,1173169000,1173169000,,,,,,,,,987000,200102000,None,492703000,492703000,150519000,None,None,499324000,None,None,43596000,,3.6,0.0176,,,,0.005,0.01,338170000,381766000,1.98,2010-06-30,23.81,0,4077968000.0,535070000,372600000,61381000,187419000,187419000,None,49322000,None,358576000,None,None,0,None,636184000,311219000,None,None,None,0.258,,196900000,338170000,109826000,227985000,None,277193000,None,,,,,2.841,4.651,5.7,,,,,,,,0.226,,426805000,2025-10-29,quarterly,1.99,USD,pre-market,74879000,2648589000,0.112,0.197,0.117,36.09,122000000,None,None,18622000,215.75,210.97,0.5051,3431359000,2159517000,436436000,779745000,1271842000,343309000,1027773000,2651614000,25.31,0,260.57,167.16
2025-12-28,GRMN,8.12,6943125000.0,25.31,None,1.014,44.07,,None,1291343000,1291343000,,,,,,,,,994000,201091000,None,492703000,492703000,109904000,None,None,418520000,None,None,43596000,,3.6,0.0176,,,,0.005,0.01,338170000,381766000,1.98,2010-03-31,23.81,0,4077968000.0,535070000,372600000,61381000,207074000,207074000,None,49322000,None,356073000,None,None,0,None,681049000,311219000,None,None,None,0.258,,196900000,338170000,123788000,508001000,None,261009000,None,,,,,2.841,4.651,5.7,,,,,,,,0.226,,432606000,2025-10-29,quarterly,1.99,USD,pre-market,74879000,2552920000,0.112,0.197,0.117,36.09,122000000,None,None,19635000,215.75,210.97,0.5051,3551528000,2209359000,679556000,996593000,1342169000,317037000,1027773000,2554935000,25.31,0,260.57,167.16
2025-12-28,GRMN,8.12,6943125000.0,25.31,-198971000,1.014,44.07,,None,1091581000,1091581000,,,,,,,,,1001000,201600000,None,492703000,492703000,203388000,None,None,874110000,None,None,43596000,,3.6,0.0176,,,,0.005,0.01,338170000,381766000,1.98,2009-12-31,23.81,129066000,4077968000.0,535070000,372600000,61381000,221656000,221656000,None,49322000,None,309938000,None,None,0,None,746464000,311219000,None,None,None,0.258,,196900000,338170000,100867000,429524000,None,257015000,None,,,,,2.841,4.651,5.7,,,,,,,,0.226,,441338000,2025-10-29,quarterly,1.99,USD,pre-market,74879000,2816607000,0.112,0.197,0.117,36.09,122000000,None,None,19583000,215.75,210.97,0.5051,3825874000,2393871000,683668000,989427000,1432003000,305759000,1027773000,2836447000,25.31,0,260.57,167.16
2025-12-28,GRMN,8.12,6943125000.0,25.31,None,1.014,44.07,,None,1011763000,1011763000,,,,,,,,,1002000,201599000,None,492703000,492703000,185668000,None,None,573847000,None,None,43596000,,3.6,0.0176,,,,0.005,0.01,338170000,381766000,1.98,2009-09-30,23.81,0,4077968000.0,535070000,372600000,61381000,220955000,220955000,None,49322000,None,373290000,None,None,0,None,770444000,311219000,None,None,None,0.258,,196900000,338170000,102393000,463654000,None,240661000,None,,,,,2.841,4.651,5.7,,,,,,,,0.226,,444172000,2025-10-29,quarterly,1.99,USD,pre-market,74879000,2537598000,0.112,0.197,0.117,36.09,122000000,None,None,17643000,215.75,210.97,0.5051,3516551000,2078936000,712045000,961153000,1437615000,249108000,1027773000,2555398000,25.31,0,260.57,167.16
2025-12-28,GRMN,8.12,6943125000.0,25.31,None,1.014,44.07,,None,958909000,958909000,,,,,,,,,1000000,200853000,None,492703000,492703000,137360000,None,None,519433000,None,None,43596000,,3.6,0.0176,,,,0.005,0.01,338170000,381766000,1.98,2009-06-30,23.81,None,4077968000.0,535070000,372600000,61381000,229535000,229535000,None,49322000,None,323161000,None,None,None,None,524935000,311219000,None,None,None,0.258,,196900000,338170000,124412000,272036000,None,238158000,None,,,,,2.841,4.651,5.7,,,,,,,,0.226,,443026000,2025-10-29,quarterly,1.99,USD,pre-market,74879000,2472912000,0.112,0.197,0.117,36.09,122000000,None,None,18889000,215.75,210.97,0.5051,3144366000,1944804000,429538000,682210000,1199562000,252672000,1027773000,2462156000,25.31,None,260.57,167.16
2025-12-28,GRMN,8.12,6943125000.0,25.31,None,1.014,44.07,,None,922329000,922329000,,,,,,,,,1000000,200725000,None,492703000,492703000,79453000,None,None,420081000,None,None,43596000,,3.6,0.0176,,,,0.005,0.01,338170000,381766000,1.98,2009-03-31,23.81,None,4077968000.0,535070000,372600000,61381000,220212000,220212000,None,49322000,None,353532000,None,None,None,None,None,311219000,None,None,None,0.258,,196900000,338170000,116143000,202395000,None,None,None,,,,,2.841,4.651,5.7,,,,,,,,0.226,,440611000,2025-10-29,quarterly,1.99,USD,pre-market,74879000,2311044000,0.112,0.197,0.117,36.09,122000000,None,None,15747000,215.75,210.97,0.5051,2794189000,1827832000,302162000,535716000,966357000,233554000,1027773000,2258473000,25.31,None,260.57,167.16
2025-12-28,GRMN,8.12,6943125000.0,25.31,None,1.014,44.07,,None,696335000,696335000,,,,,,,,,1002000,201800000,None,492703000,492703000,160094000,None,None,741321000,None,None,43596000,,3.6,0.0176,,,,0.005,0.01,338170000,381766000,1.98,2008-12-31,23.81,127429000,4077968000.0,535070000,372600000,61381000,230954000,230954000,None,49322000,None,425312000,None,None,None,None,None,311219000,None,None,None,0.258,,196900000,338170000,108571000,319082000,None,None,None,,,,,2.841,4.651,5.7,,,,,,,,0.226,,445252000,2025-10-29,quarterly,1.99,USD,pre-market,74879000,2262503000,0.112,0.197,0.117,36.09,122000000,None,49825000,12886000,215.75,210.97,0.5051,2924581000,1984425000,479176000,698727000,940156000,219551000,1027773000,2225854000,25.31,None,260.57,167.16
2025-12-28,GRMN,8.12,6943125000.0,25.31,None,1.014,44.07,,None,521540000,521540000,,,,,,,,,1511000,208107000,None,492703000,492703000,217122000,None,None,678750000,None,None,43596000,,3.6,0.0176,,,,0.005,0.01,338170000,381766000,1.98,2008-09-30,23.81,None,4077968000.0,535070000,372600000,61381000,214372000,214372000,None,49322000,None,698927000,None,None,None,None,None,311219000,None,None,None,0.258,,196900000,338170000,119313000,428926000,None,None,None,,,,,2.841,4.651,5.7,,,,,,,,0.226,,453419000,2025-10-29,quarterly,1.99,USD,pre-market,74879000,2139214000,0.112,0.197,0.117,36.09,122000000,None,None,18048000,215.75,210.97,0.5051,3015313000,2036578000,697042000,875473000,978735000,178431000,1027773000,2139840000,25.31,None,260.57,167.16
2025-12-28,GRMN,8.12,6943125000.0,25.31,None,1.014,44.07,,None,624482000,624482000,,,,,,,,,1054000,215572000,None,492703000,492703000,179212000,None,None,679789000,None,None,43596000,,3.6,0.0176,,,,0.005,0.01,338170000,381766000,1.98,2008-06-30,23.81,None,4077968000.0,535070000,372600000,61381000,214186000,214186000,None,49322000,None,656018000,None,None,None,None,None,311219000,None,None,None,0.258,,196900000,338170000,120947000,443152000,None,None,None,,,,,2.841,4.651,5.7,,,,,,,,0.226,,449727000,2025-10-29,quarterly,1.99,USD,pre-market,74879000,2258730000,0.112,0.197,0.117,36.09,122000000,None,None,36335000,215.75,210.97,0.5051,3132031000,2117571000,673468000,822378000,1014460000,148910000,1027773000,2309653000,25.31,None,260.57,167.16
2025-12-28,GRMN,8.12,6943125000.0,25.31,None,1.014,44.07,,None,598815000,598815000,,,,,,,,,1079000,218979000,None,492703000,492703000,213766000,None,None,515648000,None,None,43596000,,3.6,0.0176,,,,0.005,0.01,338170000,381766000,1.98,2008-03-31,23.81,None,4077968000.0,535070000,372600000,61381000,215770000,215770000,None,49322000,None,676051000,None,None,None,None,None,311219000,None,None,None,0.258,,196900000,338170000,122635000,236784000,None,None,None,,,,,2.841,4.651,5.7,,,,,,,,0.226,,392001000,2025-10-29,quarterly,1.99,USD,pre-market,74879000,2318914000,0.112,0.197,0.117,36.09,122000000,None,None,17976000,215.75,210.97,0.5051,3083398000,1931125000,466713000,615953000,1152273000,149240000,1027773000,2467445000,25.31,None,260.57,167.16
2025-12-28,GRMN,8.12,6943125000.0,25.31,None,1.014,44.07,,None,707689000,707689000,,,,,,,,,1086000,220900000,None,492703000,492703000,341053000,None,None,952513000,None,None,43596000,,3.6,0.0176,,,,0.005,0.01,338170000,381766000,1.98,2007-12-31,23.81,98494000,4077968000.0,535070000,372600000,61381000,196030000,196030000,None,49322000,None,505467000,None,None,None,None,None,311219000,None,None,None,0.258,,196900000,338170000,129555000,383935000,None,None,None,,,,,2.841,4.651,5.7,,,,,,,,0.226,,374147000,2025-10-29,quarterly,1.99,USD,pre-market,74879000,2171134000,0.112,0.197,0.117,36.09,122000000,None,244864000,37551000,215.75,210.97,0.5051,3291460000,2332775000,801883000,940846000,958685000,138963000,1027773000,2350614000,25.31,None,260.57,167.16
2025-12-28,GRMN,8.12,6943125000.0,25.31,None,1.014,44.07,,None,703749000,703749000,,,,,,,,,1086000,220644000,None,492703000,492703000,236044000,None,None,520538000,None,None,43596000,,3.6,0.0176,,,,0.005,0.01,338170000,381766000,1.98,2007-09-30,23.81,None,4077968000.0,535070000,372600000,61381000,163675000,163675000,None,49322000,None,493739000,None,None,603000,None,None,311219000,None,None,None,0.258,,196900000,338170000,81238000,296885000,None,None,None,,,,,2.841,4.651,5.7,,,,,,,,0.226,,358578000,2025-10-29,quarterly,1.99,USD,pre-market,74879000,1863867000,0.112,0.197,0.117,36.09,122000000,603000,None,58668000,215.75,210.97,0.5051,2645500000,1857932000,567962000,660289000,787568000,92327000,1027773000,1985211000,25.31,None,260.57,167.16
2025-12-28,GRMN,8.12,6943125000.0,25.31,None,1.014,44.07,,None,667671000,667671000,,,,,,,,,1085000,219078000,None,492703000,492703000,167339000,None,None,506483000,None,None,43596000,,3.6,0.0176,,,,0.005,0.01,338170000,381766000,1.98,2007-06-30,23.81,None,4077968000.0,535070000,372600000,61381000,145990000,145990000,None,49322000,None,290682000,None,None,None,None,None,311219000,None,None,None,0.258,,196900000,338170000,76038000,243838000,None,None,None,,,,,2.841,4.651,5.7,,,,,,,,0.226,,350299000,2025-10-29,quarterly,1.99,USD,pre-market,74879000,1832891000,0.112,0.197,0.117,36.09,122000000,None,None,147435000,215.75,210.97,0.5051,2444601000,1688309000,428152000,519632000,756292000,91480000,1027773000,1924969000,25.31,None,260.57,167.16
2025-12-28,GRMN,8.12,6943125000.0,25.31,None,1.014,44.07,,None,479380000,479380000,,,,,,,,,1083000,218704000,None,492703000,492703000,110119000,None,None,334010000,None,None,43596000,,3.6,0.0176,,,,0.005,0.01,338170000,381766000,1.98,2007-03-31,23.81,None,4077968000.0,535070000,372600000,61381000,149396000,149396000,None,49322000,None,283200000,None,None,233000,None,None,311219000,None,None,None,0.258,,196900000,338170000,80274000,121383000,None,None,None,,,,,2.841,4.651,5.7,,,,,,,,0.226,,257935000,2025-10-29,quarterly,1.99,USD,pre-market,74879000,1618515000,0.112,0.197,0.117,36.09,122000000,233000,None,93674000,215.75,210.97,0.5051,2017168000,1270538000,243420000,321486000,746630000,78066000,1027773000,1695682000,25.31,None,260.57,167.16
2025-12-28,GRMN,8.12,6943125000.0,25.31,None,1.014,44.07,,None,337321000,337321000,,,,,,,,,1082000,218600000,None,492703000,492703000,88375000,None,None,403524000,None,None,43596000,,3.6,0.0176,,,,0.005,0.01,338170000,381766000,1.98,2006-12-31,23.81,24457000,4077968000.0,535070000,372600000,61381000,67580000,67580000,None,49322000,None,271008000,None,None,248000,None,None,311219000,None,None,None,0.258,,196900000,338170000,84198000,154639000,None,None,None,,,,,2.841,4.651,5.7,,,,,,,,0.226,,250988000,2025-10-29,quarterly,1.99,USD,pre-market,74879000,1478655000,0.112,0.197,0.117,36.09,122000000,248000,82375000,73033000,215.75,210.97,0.5051,1897020000,1169084000,337682000,339121000,727936000,1439000,1027773000,1557899000,25.31,None,260.57,167.16
2025-12-28,GRMN,8.12,6943125000.0,25.31,None,1.014,44.07,,None,351723000,351723000,,,,,,,,,1080000,218866000,None,492703000,492703000,125236000,None,None,249849000,None,None,43596000,,3.6,0.0176,,,,0.005,0.01,338170000,381766000,1.98,2006-09-30,23.81,None,4077968000.0,535070000,372600000,61381000,31417000,31417000,None,49322000,None,333471000,None,None,None,None,None,311219000,None,None,None,0.258,,196900000,338170000,87693000,233909000,None,None,None,,,,,2.841,4.651,5.7,,,,,,,,0.226,,209135000,2025-10-29,quarterly,1.99,USD,pre-market,74879000,1297843000,0.112,0.197,0.117,36.09,122000000,None,None,109609000,215.75,210.97,0.5051,1799537000,1132345000,445165000,458165000,667192000,13000000,1027773000,1341372000,25.31,None,260.57,167.16
2025-12-28,GRMN,8.12,6943125000.0,25.31,None,1.014,44.07,,None,373944000,373944000,,,,,,,,,1085000,219344000,None,492703000,492703000,89635000,None,None,295795000,None,None,43596000,,3.6,0.0176,,,,0.005,0.01,338170000,381766000,1.98,2006-06-30,23.81,None,4077968000.0,535070000,372600000,61381000,33017000,33017000,None,49322000,None,227912000,None,None,None,None,None,311219000,None,None,None,0.258,,196900000,338170000,79407000,220707000,None,None,None,,,,,2.841,4.651,5.7,,,,,,,,0.226,,195383000,2025-10-29,quarterly,1.99,USD,pre-market,74879000,1174866000,0.112,0.197,0.117,36.09,122000000,None,None,46805000,215.75,210.97,0.5051,1661857000,1023863000,373640000,384990000,637994000,11350000,1027773000,1276867000,25.31,None,260.57,167.16
2025-12-28,GRMN,8.12,6943125000.0,25.31,None,1.014,44.07,,None,314623000,314623000,,,,,,,,,1084000,218871649,None,492703000,492703000,68809000,None,None,200251000,None,None,43596000,,3.6,0.0176,,,,0.005,0.01,338170000,381766000,1.98,2006-03-31,23.81,None,4077968000.0,535070000,372600000,61381000,34432000,34432000,None,49322000,None,200253000,None,None,None,None,None,311219000,None,None,None,0.258,,196900000,338170000,83084000,59395000,None,None,None,,,,,2.841,4.651,5.7,,,,,,,,0.226,,188820000,2025-10-29,quarterly,1.99,USD,pre-market,74879000,1159970000,0.112,0.197,0.117,36.09,122000000,None,None,46249000,215.75,210.97,0.5051,1471499000,844460000,197083000,206813000,627039000,9730000,1027773000,1264686000,25.31,None,260.57,167.16
2025-12-28,GRMN,8.12,6943125000.0,25.31,None,1.014,44.07,,None,334352000,334352000,,,,,,,,,1081000,218300000,None,492703000,492703000,76516000,None,None,170997000,None,None,43596000,,3.6,0.0176,,,,0.005,0.01,338170000,381766000,1.98,2005-12-31,23.81,13701000,4077968000.0,535070000,372600000,61381000,35866000,35866000,None,49322000,None,199841000,None,None,None,None,None,311219000,None,None,None,0.258,,196900000,338170000,63927000,55815000,None,None,None,,,,,2.841,4.651,5.7,,,,,,,,0.226,,179173000,2025-10-29,quarterly,1.99,USD,pre-market,74879000,1072454000,0.112,0.197,0.117,36.09,122000000,None,26200000,32050000,215.75,210.97,0.5051,1362235000,801167000,195485000,204971000,561068000,9486000,1027773000,1157264000,25.31,None,260.57,167.16
2025-12-28,GRMN,8.12,6943125000.0,25.31,None,1.014,44.07,,None,331245000,331245000,,,,,,,,,1080000,435720000,None,492703000,492703000,50210000,None,None,151777000,None,None,43596000,,3.6,0.0176,,,,0.005,0.01,338170000,381766000,1.98,2005-09-30,23.81,None,4077968000.0,535070000,372600000,61381000,None,None,None,49322000,None,173198000,None,None,None,None,None,311219000,None,None,None,0.258,,196900000,338170000,65455000,108237000,None,None,None,,,,,2.841,4.651,5.7,,,,,,,,0.226,,177064000,2025-10-29,quarterly,1.99,USD,pre-market,74879000,985293000,0.112,0.197,0.117,36.09,122000000,None,None,36048000,215.75,210.97,0.5051,1304726000,757723000,222191000,236294000,547003000,14103000,1027773000,1068432000,25.31,None,260.57,167.16
2025-12-28,GRMN,8.12,6943125000.0,25.31,None,1.014,44.07,,134886000,2079468000,2079468000,,,,,,,,,19490000,193465000,None,492703000,492703000,359365000,None,None,983404000,None,None,43596000,,3.6,0.0176,,,,0.005,0.01,338170000,381766000,1.98,2024-12-31,23.81,603947000,4077968000.0,535070000,372600000,61381000,154163000,154163000,None,49322000,None,1473978000,None,None,None,None,1198331000,311219000,None,None,None,0.258,,196900000,338170000,378033000,715013000,None,776000,None,,,,,2.841,4.651,5.7,,,,,,,,0.226,,None,2025-10-29,annual,1.99,USD,pre-market,74879000,5999183000,0.112,0.197,0.117,36.09,122000000,162787000,27901000,421270000,215.75,210.97,0.5051,9630527000,5336153000,1507858000,1782129000,4294374000,274271000,1027773000,7848398000,25.31,None,260.57,167.16
2025-12-28,GRMN,8.12,6943125000.0,25.31,None,1.014,44.07,,113035000,1693452000,1693452000,,,,,,,,,19588000,192058000,None,492703000,492703000,253790000,None,None,815243000,None,None,43596000,,3.6,0.0176,,,,0.005,0.01,338170000,381766000,1.98,2023-12-31,23.81,608474000,4077968000.0,535070000,372600000,61381000,186601000,186601000,None,49322000,None,1345955000,None,None,None,None,1125191000,311219000,None,None,None,0.258,,196900000,338170000,334872000,730233000,None,436000,None,,,,,2.841,4.651,5.7,,,,,,,,0.226,,None,2025-10-29,annual,1.99,USD,pre-market,74879000,5263528000,0.112,0.197,0.117,36.09,122000000,113035000,225475000,274618000,215.75,210.97,0.5051,8603569000,4464140000,1310687000,1591509000,4139429000,280822000,1027773000,7012060000,25.31,None,260.57,167.16
2025-12-28,GRMN,8.12,6943125000.0,25.31,None,1.014,44.07,,114541000,1279194000,1279194000,,,,,,,,,17979000,193042000,None,492703000,492703000,212417000,None,None,656847000,None,None,43596000,,3.6,0.0176,,,,0.005,0.01,338170000,381766000,1.98,2022-12-31,23.81,567994000,4077968000.0,535070000,372600000,61381000,178461000,178461000,None,49322000,None,1515045000,None,None,None,None,1208360000,311219000,None,None,None,0.258,,196900000,338170000,330777000,661946000,None,34987000,None,,,,,2.841,4.651,5.7,,,,,,,,0.226,,1147005000,2025-10-29,annual,1.99,USD,pre-market,74879000,4733517000,0.112,0.197,0.117,36.09,122000000,114541000,25149000,173288000,215.75,210.97,0.5051,7731170000,3955151000,1211635000,1526830000,3776019000,315195000,1027773000,6204340000,25.31,-475095000,260.57,167.16
2025-12-28,GRMN,8.12,6943125000.0,25.31,None,1.014,44.07,,70044000,1498058000,1498058000,,,,,,,,,17979000,193043000,None,492703000,492703000,370048000,None,None,843445000,None,None,43596000,,3.6,0.0176,,,,0.005,0.01,338170000,381766000,1.98,2021-12-31,23.81,575080000,4077968000.0,535070000,372600000,61381000,215993000,215993000,None,49322000,None,1227609000,None,None,None,None,1268698000,311219000,None,None,None,0.258,,196900000,338170000,344680000,862363000,None,62863000,None,,,,,2.841,4.651,5.7,,,,,,,,0.226,,1067478000,2025-10-29,annual,1.99,USD,pre-market,74879000,4320737000,0.112,0.197,0.117,36.09,122000000,70044000,20503000,347980000,215.75,210.97,0.5051,7854427000,4261772000,1448148000,1740268000,3592655000,292120000,1027773000,6114159000,25.31,-303114000,260.57,167.16
2025-12-28,GRMN,8.12,6943125000.0,25.31,None,1.014,44.07,,75958000,1458442000,1458442000,,,,,,,,,17979000,191895000,None,492703000,492703000,258885000,None,None,849469000,None,None,43596000,,3.6,0.0176,,,,0.005,0.01,338170000,381766000,1.98,2020-12-31,23.81,584210000,4077968000.0,535070000,372600000,61381000,244356000,244356000,None,49322000,None,762084000,None,None,None,None,1131175000,311219000,None,None,None,0.258,,196900000,338170000,211714000,749882000,None,108304000,None,,,,,2.841,4.651,5.7,,,,,,,,0.226,,855539000,2025-10-29,annual,1.99,USD,pre-market,74879000,3754372000,0.112,0.197,0.117,36.09,122000000,75958000,18874000,387642000,215.75,210.97,0.5051,7031373000,3669351000,1164217000,1515257000,3362022000,351040000,1027773000,5516116000,25.31,-320016000,260.57,167.16
2025-12-28,GRMN,8.12,6943125000.0,25.31,-677076000,1.014,44.07,,49238000,1027567000,1027567000,,,,,,,,,17979000,190899000,None,492703000,492703000,240831000,None,None,706763000,None,None,43596000,,3.6,0.0176,,,,0.005,0.01,338170000,381766000,1.98,2019-12-31,23.81,467108000,4077968000.0,535070000,372600000,61381000,192521000,192521000,None,49322000,None,752908000,None,None,None,None,1205475000,311219000,None,None,None,0.258,,196900000,338170000,194149000,643627000,None,106049000,None,,,,,2.841,4.651,5.7,,,,,,,,0.226,,728921000,2025-10-29,annual,1.99,USD,pre-market,74879000,3229061000,0.112,0.197,0.117,36.09,122000000,49238000,14762000,376463000,215.75,210.97,0.5051,6166799000,3057850000,1035933000,1373303000,3108949000,337370000,1027773000,4793496000,25.31,-345040000,260.57,167.16
2025-12-28,GRMN,8.12,6943125000.0,25.31,-609967000,1.014,44.07,,None,1201732000,1201732000,,,,,,,,,17979000,189734000,None,492703000,492703000,204985000,None,None,569833000,None,None,43596000,,3.6,0.0176,,,,0.005,0.01,338170000,381766000,1.98,2018-12-31,23.81,301017000,4077968000.0,535070000,372600000,61381000,116063000,116063000,None,49322000,None,561840000,None,None,None,None,1330123000,311219000,None,None,None,0.258,,196900000,338170000,148974000,568314000,None,129061000,None,,,,,2.841,4.651,5.7,,,,,,,,0.226,,663527000,2025-10-29,annual,1.99,USD,pre-market,74879000,2710619000,0.112,0.197,0.117,36.09,122000000,None,None,182989000,215.75,210.97,0.5051,5382858000,2665368000,921313000,1219884000,2717490000,298571000,1027773000,4162974000,25.31,-397692000,260.57,167.16
2025-12-28,GRMN,8.12,6943125000.0,25.31,-566473000,1.014,44.07,,None,891488000,891488000,,,,,,,,,17979000,188732000,None,492703000,492703000,169640000,None,None,590882000,None,None,43596000,,3.6,0.0176,,,,0.005,0.01,338170000,381766000,1.98,2017-12-31,23.81,286982000,4077968000.0,535070000,372600000,61381000,122819000,122819000,None,49322000,None,517644000,None,None,0,None,1260033000,311219000,None,None,None,0.258,,196900000,338170000,184437000,485697000,None,140083000,None,,,,,2.841,4.651,5.7,,,,,,,,0.226,,595684000,2025-10-29,annual,1.99,USD,pre-market,74879000,2368874000,0.112,0.197,0.117,36.09,122000000,None,None,161687000,215.75,210.97,0.5051,5010260000,2363925000,828656000,1207794000,2646335000,379138000,1027773000,3802466000,25.31,-468818000,260.57,167.16
2025-12-28,GRMN,8.12,6943125000.0,25.31,-496981000,1.014,44.07,,None,846883000,846883000,,,,,,,,,17979000,189343000,None,492703000,492703000,172404000,None,None,527062000,None,None,43596000,,3.6,0.0176,,,,0.005,0.01,338170000,381766000,1.98,2016-12-31,23.81,224553000,4077968000.0,535070000,372600000,61381000,80449000,80449000,None,49322000,None,484821000,None,None,0,None,1213285000,311219000,None,None,None,0.258,,196900000,338170000,137298000,447604000,None,122768000,None,,,,,2.841,4.651,5.7,,,,,,,,0.226,,482878000,2025-10-29,annual,1.99,USD,pre-market,74879000,2056702000,0.112,0.197,0.117,36.09,122000000,None,None,266952000,215.75,210.97,0.5051,4525133000,2263016000,782735000,1107130000,2262117000,324395000,1027773000,3418003000,25.31,-455964000,260.57,167.16
2025-12-28,GRMN,8.12,6943125000.0,25.31,-462560000,1.014,44.07,,None,833070000,833070000,,,,,,,,,1797435000,191107000,None,492703000,492703000,178905000,None,None,531481000,None,None,43596000,,3.6,0.0176,,,,0.005,0.01,338170000,381766000,1.98,2015-12-31,23.81,187791000,4077968000.0,535070000,372600000,61381000,57761000,57761000,None,49322000,None,500554000,None,None,0,None,1343387000,311219000,None,None,None,0.258,,196900000,338170000,130821000,500437000,None,103326000,None,,,,,2.841,4.651,5.7,,,,,,,,0.226,,446089000,2025-10-29,annual,1.99,USD,pre-market,74879000,1930517000,0.112,0.197,0.117,36.09,122000000,None,None,215161000,215.75,210.97,0.5051,4499391000,2211087000,865998000,1154265000,2288304000,288267000,1027773000,3345126000,25.31,-414637000,260.57,167.16
2025-12-28,GRMN,8.12,6943125000.0,25.31,None,1.014,44.07,,None,1196268000,1196268000,,,,,,,,,1797435000,194165000,None,492703000,492703000,149094000,None,None,570191000,None,None,43596000,,3.6,0.0176,,,,0.005,0.01,338170000,381766000,1.98,2014-12-31,23.81,178638000,4077968000.0,535070000,372600000,61381000,39445000,39445000,None,49322000,None,420475000,None,None,0,None,1407344000,311219000,None,None,None,0.258,,196900000,338170000,156053000,498309000,None,None,None,,,,,2.841,4.651,5.7,,,,,,,,0.226,,430887000,2025-10-29,annual,1.99,USD,pre-market,74879000,1859972000,0.112,0.197,0.117,36.09,122000000,None,None,167989000,215.75,210.97,0.5051,4693303000,2510976000,1033261000,1289936000,2182327000,256675000,1027773000,3403367000,25.31,-330132000,260.57,167.16
2025-12-28,GRMN,8.12,6943125000.0,25.31,None,1.014,44.07,,None,1179149000,1179149000,,,,,,,,,1797435000,196339000,None,492703000,492703000,146582000,None,None,701965000,None,None,43596000,,3.6,0.0176,,,,0.005,0.01,338170000,381766000,1.98,2013-12-31,23.81,179290000,4077968000.0,535070000,372600000,61381000,40204000,40204000,None,49322000,None,382226000,None,None,0,None,None,311219000,None,None,None,0.258,,196900000,338170000,182434000,463771000,None,141823000,None,,,,,2.841,4.651,5.7,,,,,,,,0.226,,98324000,2025-10-29,annual,1.99,USD,pre-market,74879000,1865587000,0.112,0.197,0.117,36.09,122000000,None,None,149862000,215.75,210.97,0.5051,4879603000,2595636000,905304000,1219897000,2283967000,314593000,1027773000,3659706000,25.31,-120620000,260.57,167.16
2025-12-28,GRMN,8.12,6943125000.0,25.31,-349987000,1.014,44.07,,None,1231180000,1231180000,,,,,,,,,1797435000,196213000,None,492703000,492703000,131263000,None,None,603673000,None,None,43596000,,3.6,0.0176,,,,0.005,0.01,338170000,381766000,1.98,2012-12-31,23.81,176059000,4077968000.0,535070000,372600000,61381000,56538000,56538000,None,49322000,None,389931000,None,None,0,None,1488312000,311219000,None,None,None,0.258,,196900000,338170000,193772999,866095000,None,182788000,None,,,,,2.841,4.651,5.7,,,,,,,,0.226,,409751000,2025-10-29,annual,1.99,USD,pre-market,74879000,1604625000,0.112,0.197,0.117,36.09,122000000,None,None,153083000,215.75,210.97,0.5051,4819124000,2536120000,909026000,1287328000,2130660000,378302000,1027773000,3531796000,25.31,-81280000,260.57,167.16
2025-12-28,GRMN,8.12,6943125000.0,25.31,-294263000,1.014,44.07,,None,1287160000,1287160000,,,,,,,,,1797435000,194894000,None,492703000,492703000,164010000,None,None,607450000,None,None,43596000,,3.6,0.0176,,,,0.005,0.01,338170000,381766000,1.98,2011-12-31,23.81,179500000,4077968000.0,535070000,372600000,61381000,252163000,252163000,None,49322000,None,397741000,None,None,0,None,1097002000,311219000,None,None,None,0.258,,196900000,338170000,171333000,427498000,None,163395000,None,,,,,2.841,4.651,5.7,,,,,,,,0.226,,417105000,2025-10-29,annual,1.99,USD,pre-market,74879000,1413582000,0.112,0.197,0.117,36.09,122000000,None,None,124639000,215.75,210.97,0.5051,4471338000,2569770000,858279000,1214757000,1901568000,356478000,1027773000,3256581000,25.31,-103498000,260.57,167.16
2025-12-28,GRMN,8.12,6943125000.0,25.31,-249904000,1.014,44.07,,None,1260936000,1260936000,,,,,,,,,1797435000,198009000,None,492703000,492703000,132348000,None,None,747249000,None,None,43596000,,3.6,0.0176,,,,0.005,0.01,338170000,381766000,1.98,2010-12-31,23.81,136500000,4077968000.0,535070000,372600000,61381000,185152000,185152000,None,49322000,None,387577000,None,None,0,None,777401000,311219000,None,None,None,0.258,,196900000,338170000,78575000,390950000,None,155027000,None,,,,,2.841,4.651,5.7,,,,,,,,0.226,,427805000,2025-10-29,annual,1.99,USD,pre-market,74879000,1264613000,0.112,0.197,0.117,36.09,122000000,None,None,24418000,215.75,210.97,0.5051,3988688000,2498755000,669037000,939126000,1489933000,270089000,1027773000,3049562000,25.31,-106758000,260.57,167.16
2025-12-28,GRMN,8.12,6943125000.0,25.31,-198971000,1.014,44.07,,None,1091581000,1091581000,,,,,,,,,1001000,201161000,None,492703000,492703000,203388000,None,None,874110000,None,None,43596000,,3.6,0.0176,,,,0.005,0.01,338170000,381766000,1.98,2009-12-31,23.81,129100000,4077968000.0,535070000,372600000,61381000,221656000,221656000,None,49322000,None,309938000,None,None,0,None,746464000,311219000,None,None,None,0.258,,196900000,338170000,132815000,429524000,None,257015000,None,,,,,2.841,4.651,5.7,,,,,,,,0.226,,441338000,2025-10-29,annual,1.99,USD,pre-market,74879000,2816607000,0.112,0.197,0.117,36.09,122000000,None,None,19583000,215.75,210.97,0.5051,3825874000,2393871000,683668000,989427000,1432003000,305759000,1027773000,2836447000,25.31,0,260.57,167.16
2025-12-28,GRMN,8.12,6943125000.0,25.31,None,1.014,44.07,,None,696335000,696335000,,,,,,,,,1002000,210680000,None,492703000,492703000,160094000,None,None,741321000,None,None,43596000,,3.6,0.0176,,,,0.005,0.01,338170000,381766000,1.98,2008-12-31,23.81,127429000,4077968000.0,535070000,372600000,61381000,230954000,230954000,None,49322000,None,425312000,None,None,None,None,None,311219000,None,None,None,0.258,,196900000,338170000,108571000,299007000,None,None,None,,,,,2.841,4.651,5.7,,,,,,,,0.226,,445252000,2025-10-29,annual,1.99,USD,pre-market,74879000,2262503000,0.112,0.197,0.117,36.09,122000000,None,None,12886000,215.75,210.97,0.5051,2924581000,1984425000,479176000,698727000,940156000,219551000,1027773000,2225854000,25.31,None,260.57,167.16
2025-12-28,GRMN,8.12,6943125000.0,25.31,None,1.014,44.07,,None,707689000,707689000,,,,,,,,,1086000,219875000,None,492703000,492703000,341053000,None,None,952513000,None,None,43596000,,3.6,0.0176,,,,0.005,0.01,338170000,381766000,1.98,2007-12-31,23.81,98494000,4077968000.0,535070000,372600000,61381000,196030000,196030000,None,49322000,None,505467000,None,None,None,None,None,311219000,None,None,None,0.258,,196900000,338170000,129555000,383935000,None,None,None,,,,,2.841,4.651,5.7,,,,,,,,0.226,,374147000,2025-10-29,annual,1.99,USD,pre-market,74879000,2171134000,0.112,0.197,0.117,36.09,122000000,None,None,37551000,215.75,210.97,0.5051,3291460000,2332775000,801883000,940846000,958685000,138963000,1027773000,2350614000,25.31,None,260.57,167.16
2025-12-28,GRMN,8.12,6943125000.0,25.31,None,1.014,44.07,,None,337321000,337321000,,,,,,,,,1082000,218775745,None,492703000,492703000,88375000,None,None,403524000,None,None,43596000,,3.6,0.0176,,,,0.005,0.01,338170000,381766000,1.98,2006-12-31,23.81,24457000,4077968000.0,535070000,372600000,61381000,67580000,67580000,None,49322000,None,271008000,None,None,248000,None,None,311219000,None,None,None,0.258,,196900000,338170000,84198000,154639000,None,None,None,,,,,2.841,4.651,5.7,,,,,,,,0.226,,250988000,2025-10-29,annual,1.99,USD,pre-market,74879000,1478655000,0.112,0.197,0.117,36.09,122000000,248000,None,73033000,215.75,210.97,0.5051,1897020000,1169084000,337682000,339121000,727936000,1439000,1027773000,1557899000,25.31,None,260.57,167.16
2025-12-28,GRMN,8.12,6943125000.0,25.31,None,1.014,44.07,,None,334352000,334352000,,,,,,,,,1081000,218399298,None,492703000,492703000,76516000,None,None,170997000,None,None,43596000,,3.6,0.0176,,,,0.005,0.01,338170000,381766000,1.98,2005-12-31,23.81,13701000,4077968000.0,535070000,372600000,61381000,35866000,35866000,None,49322000,None,199841000,None,None,None,None,None,311219000,None,None,None,0.258,,196900000,338170000,63927000,55815000,None,None,None,,,,,2.841,4.651,5.7,,,,,,,,0.226,,179173000,2025-10-29,annual,1.99,USD,pre-market,74879000,1072454000,0.112,0.197,0.117,36.09,122000000,None,None,32050000,215.75,210.97,0.5051,1362235000,801167000,195485000,204971000,561068000,9486000,1027773000,1157264000,25.31,None,260.57,167.16
2025-12-28,GRMN,8.12,6943125000.0,25.31,None,1.014,44.07,60535000,None,334352000,334352000,-209733000,-267716999,None,None,-118604000,None,None,None,1081000,218399298,None,492703000,492703000,76516000,None,None,170997000,None,None,43596000,49104000,3.6,0.0176,173171000,173171000,None,0.005,0.01,338170000,381766000,1.98,2025-09-30,23.81,13701000,4077968000.0,535070000,372600000,61381000,35866000,35866000,None,49322000,None,199841000,None,None,None,None,None,401615000,None,None,None,0.258,485615000,196900000,338170000,63927000,55815000,None,None,None,None,None,None,None,2.841,4.651,5.7,None,None,None,None,None,-36562000,None,0.226,None,179173000,2025-10-29,quarterly,1.99,USD,pre-market,74879000,1072454000,0.112,0.197,0.117,36.09,122000000,None,None,32050000,215.75,210.97,0.5051,1362235000,801167000,195485000,204971000,561068000,9486000,1027773000,1157264000,25.31,None,260.57,167.16
2025-12-28,GRMN,8.12,6943125000.0,25.31,None,1.014,44.07,45676000,None,334352000,334352000,-210938000,-113509000,None,None,-104037000,None,None,None,1081000,218399298,None,492703000,492703000,76516000,None,None,170997000,None,None,43596000,29682000,3.6,0.0176,173182000,173182000,None,0.005,0.01,338170000,381766000,1.98,2025-06-30,23.81,13701000,4077968000.0,535070000,372600000,61381000,35866000,35866000,None,49322000,None,199841000,None,None,None,None,None,400822000,None,None,None,0.258,173171000,196900000,338170000,63927000,55815000,None,None,None,None,None,None,None,2.841,4.651,5.7,None,None,None,None,None,-66821000,None,0.226,None,179173000,2025-10-29,quarterly,1.99,USD,pre-market,74879000,1072454000,0.112,0.197,0.117,36.09,122000000,None,None,32050000,215.75,210.97,0.5051,1362235000,801167000,195485000,204971000,561068000,9486000,1027773000,1157264000,25.31,None,260.57,167.16
2025-12-28,GRMN,8.12,6943125000.0,25.31,None,1.014,44.07,40062000,None,334352000,334352000,-204808000,-132602000,None,None,-102239000,None,None,None,1081000,218399298,None,492703000,492703000,76516000,None,None,170997000,None,None,43596000,46298000,3.6,0.0176,144566000,144566000,None,0.005,0.01,338170000,381766000,1.98,2025-03-31,23.81,13701000,4077968000.0,535070000,372600000,61381000,35866000,35866000,None,49322000,None,199841000,None,None,None,None,None,332769000,None,None,None,0.258,420788000,196900000,338170000,63927000,55815000,None,None,None,None,None,None,None,2.841,4.651,5.7,None,None,None,None,None,-60242000,None,0.226,None,179173000,2025-10-29,quarterly,1.99,USD,pre-market,74879000,1072454000,0.112,0.197,0.117,36.09,122000000,None,None,32050000,215.75,210.97,0.5051,1362235000,801167000,195485000,204971000,561068000,9486000,1027773000,1157264000,25.31,None,260.57,167.16
2025-12-28,GRMN,8.12,6943125000.0,25.31,None,1.014,44.07,84702000,None,334352000,334352000,-177423000,-202568000,None,None,-14950000,None,None,None,1081000,218399298,None,492703000,492703000,76516000,None,None,170997000,None,None,43596000,46543000,3.6,0.0176,143982000,143982000,None,0.005,0.01,338170000,381766000,1.98,2024-12-31,23.81,13701000,4077968000.0,535070000,372600000,61381000,35866000,35866000,None,49322000,None,199841000,None,None,None,None,None,435733000,None,None,None,0.258,483890000,196900000,338170000,63927000,55815000,None,None,None,None,None,None,None,2.841,4.651,5.7,None,None,None,None,None,-58874000,None,0.226,None,179173000,2025-10-29,quarterly,1.99,USD,pre-market,74879000,1072454000,0.112,0.197,0.117,36.09,122000000,None,None,32050000,215.75,210.97,0.5051,1362235000,801167000,195485000,204971000,561068000,9486000,1027773000,1157264000,25.31,None,260.57,167.16
2025-12-28,GRMN,8.12,6943125000.0,25.31,None,1.014,44.07,38544000,None,334352000,334352000,-163741000,-47608000,None,None,-152497000,None,None,None,1081000,218399298,None,492703000,492703000,76516000,None,None,170997000,None,None,43596000,44255000,3.6,0.0176,144127000,144127000,None,0.005,0.01,338170000,381766000,1.98,2024-09-30,23.81,13701000,4077968000.0,535070000,372600000,61381000,35866000,35866000,None,49322000,None,199841000,None,None,None,None,None,399112000,None,None,None,0.258,257955000,196900000,338170000,63927000,55815000,None,None,None,None,None,None,None,2.841,4.651,5.7,None,None,None,None,None,-19614000,None,0.226,None,179173000,2025-10-29,quarterly,1.99,USD,pre-market,74879000,1072454000,0.112,0.197,0.117,36.09,122000000,None,None,32050000,215.75,210.97,0.5051,1362235000,801167000,195485000,204971000,561068000,9486000,1027773000,1157264000,25.31,None,260.57,167.16
2025-12-28,GRMN,8.12,6943125000.0,25.31,None,1.014,44.07,37157000,None,334352000,334352000,-129494000,-106282000,None,None,-27913000,None,None,None,1081000,218399298,None,492703000,492703000,76516000,None,None,170997000,None,None,43596000,44112000,3.6,0.0176,144034000,144034000,None,0.005,0.01,338170000,381766000,1.98,2024-06-30,23.81,13701000,4077968000.0,535070000,372600000,61381000,35866000,35866000,None,49322000,None,199841000,None,None,None,None,None,300630000,None,None,None,0.258,255321000,196900000,338170000,63927000,55815000,None,None,None,None,None,None,None,2.841,4.651,5.7,None,None,None,None,None,-9990000,None,0.226,None,179173000,2025-10-29,quarterly,1.99,USD,pre-market,74879000,1072454000,0.112,0.197,0.117,36.09,122000000,None,None,32050000,215.75,210.97,0.5051,1362235000,801167000,195485000,204971000,561068000,9486000,1027773000,1157264000,25.31,None,260.57,167.16
2025-12-28,GRMN,8.12,6943125000.0,25.31,None,1.014,44.07,33168000,None,334352000,334352000,-156199000,-36875000,None,None,16545000,None,None,None,1081000,218399298,None,492703000,492703000,76516000,None,None,170997000,None,None,43596000,44825000,3.6,0.0176,140212000,140212000,None,0.005,0.01,338170000,381766000,1.98,2024-03-31,23.81,13701000,4077968000.0,535070000,372600000,61381000,35866000,35866000,None,49322000,None,199841000,None,None,None,None,None,275961000,None,None,None,0.258,435305000,196900000,338170000,63927000,55815000,None,None,None,None,None,None,None,2.841,4.651,5.7,None,None,None,None,None,-15987000,None,0.226,None,179173000,2025-10-29,quarterly,1.99,USD,pre-market,74879000,1072454000,0.112,0.197,0.117,36.09,122000000,None,None,32050000,215.75,210.97,0.5051,1362235000,801167000,195485000,204971000,561068000,9486000,1027773000,1157264000,25.31,None,260.57,167.16
2025-12-28,GRMN,8.12,6943125000.0,25.31,None,1.014,44.07,48977000,None,334352000,334352000,-150359000,-65280000,None,None,133047000,None,None,None,1081000,218399298,None,492703000,492703000,76516000,None,None,170997000,None,None,43596000,45338000,3.6,0.0176,139603000,139603000,None,0.005,0.01,338170000,381766000,1.98,2023-12-31,23.81,13701000,4077968000.0,535070000,372600000,61381000,35866000,35866000,None,49322000,None,199841000,None,None,None,None,None,542127000,None,None,None,0.258,465941000,196900000,338170000,63927000,55815000,None,None,None,None,None,None,None,2.841,4.651,5.7,None,None,None,None,None,-19455000,None,0.226,None,179173000,2025-10-29,quarterly,1.99,USD,pre-market,74879000,1072454000,0.112,0.197,0.117,36.09,122000000,None,None,32050000,215.75,210.97,0.5051,1362235000,801167000,195485000,204971000,561068000,9486000,1027773000,1157264000,25.31,None,260.57,167.16
2025-12-28,GRMN,8.12,6943125000.0,25.31,None,1.014,44.07,45858000,None,334352000,334352000,-149076000,-197558000,None,None,-72000,None,None,None,1081000,218399298,None,492703000,492703000,76516000,None,None,170997000,None,None,43596000,44630000,3.6,0.0176,139724000,139724000,None,0.005,0.01,338170000,381766000,1.98,2023-09-30,23.81,13701000,4077968000.0,535070000,372600000,61381000,35866000,35866000,None,49322000,None,199841000,None,None,None,None,None,257243000,None,None,None,0.258,357412000,196900000,338170000,63927000,55815000,None,None,None,None,None,None,None,2.841,4.651,5.7,None,None,None,None,None,-9352000,None,0.226,None,179173000,2025-10-29,quarterly,1.99,USD,pre-market,74879000,1072454000,0.112,0.197,0.117,36.09,122000000,None,None,32050000,215.75,210.97,0.5051,1362235000,801167000,195485000,204971000,561068000,9486000,1027773000,1157264000,25.31,None,260.57,167.16
2025-12-28,GRMN,8.12,6943125000.0,25.31,None,1.014,44.07,53047000,None,334352000,334352000,-144785000,-62235000,None,None,67819000,None,None,None,1081000,218399298,None,492703000,492703000,76516000,None,None,170997000,None,None,43596000,44189000,3.6,0.0176,139595000,139595000,None,0.005,0.01,338170000,381766000,1.98,2023-06-30,23.81,13701000,4077968000.0,535070000,372600000,61381000,35866000,35866000,None,49322000,None,199841000,None,None,None,None,None,287939000,None,None,None,0.258,273702000,196900000,338170000,63927000,55815000,None,None,None,None,None,None,None,2.841,4.651,5.7,None,None,None,None,None,-27136000,None,0.226,None,179173000,2025-10-29,quarterly,1.99,USD,pre-market,74879000,1072454000,0.112,0.197,0.117,36.09,122000000,None,None,32050000,215.75,210.97,0.5051,1362235000,801167000,195485000,204971000,561068000,9486000,1027773000,1157264000,25.31,None,260.57,167.16
2025-12-28,GRMN,8.12,6943125000.0,25.31,None,1.014,44.07,47146000,None,334352000,334352000,-192289000,-7899000,79022000,None,43712000,None,None,46873000,1081000,218399298,None,492703000,492703000,76516000,None,None,170997000,None,None,43596000,43415000,3.6,0.0176,139847000,139847000,None,0.005,0.01,338170000,381766000,1.98,2023-03-31,23.81,13701000,4077968000.0,535070000,372600000,61381000,35866000,35866000,None,49322000,None,199841000,None,None,None,None,None,202327000,None,None,None,0.258,279210000,196900000,338170000,63927000,55815000,None,None,None,None,None,None,None,2.841,4.651,5.7,None,None,None,None,None,-52442000,None,0.226,None,179173000,2025-10-29,quarterly,1.99,USD,pre-market,74879000,1072454000,0.112,0.197,0.117,36.09,122000000,None,None,32050000,215.75,210.97,0.5051,1362235000,801167000,195485000,204971000,561068000,9486000,1027773000,1157264000,25.31,None,260.57,167.16
2025-12-28,GRMN,8.12,6943125000.0,25.31,None,1.014,44.07,59854000,None,334352000,334352000,-362639000,174025000,180051000,None,78985000,None,None,10670000,1081000,218399298,None,492703000,492703000,76516000,None,None,170997000,None,None,43596000,41499000,3.6,0.0176,280022000,280022000,None,0.005,0.01,338170000,381766000,1.98,2022-12-31,23.81,13701000,4077968000.0,535070000,372600000,61381000,35866000,35866000,None,49322000,None,199841000,None,None,None,None,None,293272000,None,None,None,0.258,368665000,196900000,338170000,63927000,55815000,None,None,None,None,None,None,None,2.841,4.651,5.7,None,None,None,None,None,-95806000,None,0.226,None,179173000,2025-10-29,quarterly,1.99,USD,pre-market,74879000,1072454000,0.112,0.197,0.117,36.09,122000000,None,None,32050000,215.75,210.97,0.5051,1362235000,801167000,195485000,204971000,561068000,9486000,1027773000,1157264000,25.31,None,260.57,167.16
2025-12-28,GRMN,8.12,6943125000.0,25.31,None,1.014,44.07,50654000,None,334352000,334352000,-220940000,78006000,33183000,None,-147546000,None,None,34238000,1081000,218399298,None,492703000,492703000,76516000,None,None,170997000,None,None,43596000,39498000,3.6,0.0176,140825000,140825000,None,0.005,0.01,338170000,381766000,1.98,2022-09-30,23.81,13701000,4077968000.0,535070000,372600000,61381000,35866000,35866000,None,49322000,None,199841000,None,None,None,None,None,210848000,None,None,None,0.258,154118000,196900000,338170000,63927000,55815000,None,None,None,None,None,None,None,2.841,4.651,5.7,None,None,None,None,None,-80117000,None,0.226,None,179173000,2025-10-29,quarterly,1.99,USD,pre-market,74879000,1072454000,0.112,0.197,0.117,36.09,122000000,None,None,32050000,215.75,210.97,0.5051,1362235000,801167000,195485000,204971000,561068000,9486000,1027773000,1157264000,25.31,None,260.57,167.16
2025-12-28,GRMN,8.12,6943125000.0,25.31,None,1.014,44.07,75423000,None,334352000,334352000,-133718000,-261274000,-330189000,-15039000,-159959000,None,None,-115706000,1081000,218399298,None,492703000,492703000,76516000,None,None,170997000,None,None,43596000,41644000,3.6,0.0176,129393000,129393000,None,0.005,0.01,338170000,381766000,1.98,2022-06-30,23.81,13701000,4077968000.0,535070000,372600000,61381000,35866000,35866000,None,49322000,None,199841000,None,None,None,None,None,257872000,None,None,None,0.258,79842000,196900000,338170000,63927000,55815000,None,None,None,None,None,None,None,2.841,4.651,5.7,None,None,None,None,None,-25229000,None,0.226,None,179173000,2025-10-29,quarterly,1.99,USD,pre-market,74879000,1072454000,0.112,0.197,0.117,36.09,122000000,None,None,32050000,215.75,210.97,0.5051,1362235000,801167000,195485000,204971000,561068000,9486000,1027773000,1157264000,25.31,None,260.57,167.16
2025-12-28,GRMN,8.12,6943125000.0,25.31,None,1.014,44.07,60262000,None,334352000,334352000,-123320000,-135881000,-80527000,-6960000,-134807000,None,None,238134000,1081000,218399298,None,492703000,492703000,76516000,None,None,170997000,None,None,43596000,41212000,3.6,0.0176,128856000,128856000,None,0.005,0.01,338170000,381766000,1.98,2022-03-31,23.81,13701000,4077968000.0,535070000,372600000,61381000,35866000,35866000,None,49322000,None,199841000,None,None,None,None,None,211592000,None,None,None,0.258,185634000,196900000,338170000,63927000,55815000,None,None,None,None,None,None,None,2.841,4.651,5.7,None,None,None,None,None,-14610000,None,0.226,None,179173000,2025-10-29,quarterly,1.99,USD,pre-market,74879000,1072454000,0.112,0.197,0.117,36.09,122000000,None,None,32050000,215.75,210.97,0.5051,1362235000,801167000,195485000,204971000,561068000,9486000,1027773000,1157264000,25.31,None,260.57,167.16
2025-12-28,GRMN,8.12,6943125000.0,25.31,None,1.014,44.07,120219000,None,334352000,334352000,-142204000,-163663000,-140987000,-4082000,-119067000,None,None,-216130000,1081000,218399298,None,492703000,492703000,76516000,None,None,170997000,None,None,43596000,41061000,3.6,0.0176,128855000,128855000,None,0.005,0.01,338170000,381766000,1.98,2021-12-31,23.81,13701000,4077968000.0,535070000,372600000,61381000,35866000,35866000,None,49322000,None,199841000,None,None,None,None,None,286136000,None,None,None,0.258,168962000,196900000,338170000,63927000,55815000,None,None,None,None,None,None,None,2.841,4.651,5.7,None,None,None,None,None,-13349000,None,0.226,None,179173000,2025-10-29,quarterly,1.99,USD,pre-market,74879000,1072454000,0.112,0.197,0.117,36.09,122000000,None,None,32050000,215.75,210.97,0.5051,1362235000,801167000,195485000,204971000,561068000,9486000,1027773000,1157264000,25.31,None,260.57,167.16
2025-12-28,GRMN,8.12,6943125000.0,25.31,None,1.014,44.07,41656000,None,334352000,334352000,-128774000,-113686000,39594000,316000,-180194000,None,None,-84500000,1081000,218399298,None,492703000,492703000,76516000,None,None,170997000,None,None,43596000,39078000,3.6,0.0176,128742000,128742000,None,0.005,0.01,338170000,381766000,1.98,2021-09-30,23.81,13701000,4077968000.0,535070000,372600000,61381000,35866000,35866000,None,49322000,None,199841000,None,None,None,None,None,259039000,None,None,None,0.258,245423000,196900000,338170000,63927000,55815000,None,None,None,None,None,None,None,2.841,4.651,5.7,None,None,None,None,None,-32000,None,0.226,None,179173000,2025-10-29,quarterly,1.99,USD,pre-market,74879000,1072454000,0.112,0.197,0.117,36.09,122000000,None,None,32050000,215.75,210.97,0.5051,1362235000,801167000,195485000,204971000,561068000,9486000,1027773000,1157264000,25.31,None,260.57,167.16
2025-12-28,GRMN,8.12,6943125000.0,25.31,None,1.014,44.07,110058000,None,334352000,334352000,-99452000,-93913000,None,None,-89743000,None,None,None,1081000,218399298,None,492703000,492703000,76516000,None,None,170997000,None,None,43596000,37789000,3.6,0.0176,117205000,117205000,None,0.005,0.01,338170000,381766000,1.98,2021-06-30,23.81,13701000,4077968000.0,535070000,372600000,61381000,35866000,35866000,None,49322000,None,199841000,None,None,None,None,None,316996000,None,None,None,0.258,229680000,196900000,338170000,63927000,55815000,None,None,None,None,None,None,None,2.841,4.651,5.7,None,None,None,None,None,-323000,None,0.226,None,179173000,2025-10-29,quarterly,1.99,USD,pre-market,74879000,1072454000,0.112,0.197,0.117,36.09,122000000,None,None,32050000,215.75,210.97,0.5051,1362235000,801167000,195485000,204971000,561068000,9486000,1027773000,1157264000,25.31,None,260.57,167.16
2025-12-28,GRMN,8.12,6943125000.0,25.31,None,1.014,44.07,37654000,None,334352000,334352000,-116279000,-104107000,141488000,-6488000,-87450000,None,None,281524000,1081000,218399298,None,492703000,492703000,76516000,None,None,170997000,None,None,43596000,36890000,3.6,0.0176,116655000,116655000,None,0.005,0.01,338170000,381766000,1.98,2021-03-31,23.81,13701000,4077968000.0,535070000,372600000,61381000,35866000,35866000,None,49322000,None,199841000,None,None,None,None,None,220029000,None,None,None,0.258,368362000,196900000,338170000,63927000,55815000,None,None,None,None,None,None,None,2.841,4.651,5.7,None,None,None,None,None,-17281000,None,0.226,None,179173000,2025-10-29,quarterly,1.99,USD,pre-market,74879000,1072454000,0.112,0.197,0.117,36.09,122000000,None,None,32050000,215.75,210.97,0.5051,1362235000,801167000,195485000,204971000,561068000,9486000,1027773000,1157264000,25.31,None,260.57,167.16
2025-12-28,GRMN,8.12,6943125000.0,25.31,None,1.014,44.07,48751000,None,334352000,334352000,-129913000,-81193000,234939000,10227000,84789000,None,None,-168333000,1081000,218399298,None,492703000,492703000,76516000,None,None,170997000,None,None,43596000,36605000,3.6,0.0176,116656000,116656000,None,0.005,0.01,338170000,381766000,1.98,2020-12-31,23.81,13701000,4077968000.0,535070000,372600000,61381000,35866000,35866000,None,49322000,None,199841000,None,None,None,None,None,333548000,None,None,None,0.258,435818000,196900000,338170000,63927000,55815000,None,None,None,None,None,None,None,2.841,4.651,5.7,None,None,None,None,None,-13256000,None,0.226,None,179173000,2025-10-29,quarterly,1.99,USD,pre-market,74879000,1072454000,0.112,0.197,0.117,36.09,122000000,None,None,32050000,215.75,210.97,0.5051,1362235000,801167000,195485000,204971000,561068000,9486000,1027773000,1157264000,25.31,None,260.57,167.16
2025-12-28,GRMN,8.12,6943125000.0,25.31,None,1.014,44.07,39071000,None,334352000,334352000,-117716000,-294269000,-131398000,6249000,1063000,None,None,-118646000,1081000,218399298,None,492703000,492703000,76516000,None,None,170997000,None,None,43596000,32578000,3.6,0.0176,116525000,116525000,None,0.005,0.01,338170000,381766000,1.98,2020-09-30,23.81,13701000,4077968000.0,535070000,372600000,61381000,35866000,35866000,None,49322000,None,199841000,None,None,None,None,None,313416000,None,None,None,0.258,274338000,196900000,338170000,63927000,55815000,None,None,None,None,None,None,None,2.841,4.651,5.7,None,None,None,None,None,-1191000,None,0.226,None,179173000,2025-10-29,quarterly,1.99,USD,pre-market,74879000,1072454000,0.112,0.197,0.117,36.09,122000000,None,None,32050000,215.75,210.97,0.5051,1362235000,801167000,195485000,204971000,561068000,9486000,1027773000,1157264000,25.31,None,260.57,167.16
2025-12-28,GRMN,8.12,6943125000.0,25.31,None,1.014,44.07,57330000,None,334352000,334352000,-93980000,193810000,306320000,7253000,-9808000,None,None,-19037000,1081000,218399298,None,492703000,492703000,76516000,None,None,170997000,None,None,43596000,29328000,3.6,0.0176,108879000,108879000,None,0.005,0.01,338170000,381766000,1.98,2020-06-30,23.81,13701000,4077968000.0,535070000,372600000,61381000,35866000,35866000,None,49322000,None,199841000,None,None,None,None,None,184180000,None,None,None,0.258,199237000,196900000,338170000,63927000,55815000,None,None,None,None,None,None,None,2.841,4.651,5.7,None,None,None,None,None,-303000,None,0.226,None,179173000,2025-10-29,quarterly,1.99,USD,pre-market,74879000,1072454000,0.112,0.197,0.117,36.09,122000000,None,None,32050000,215.75,210.97,0.5051,1362235000,801167000,195485000,204971000,561068000,9486000,1027773000,1157264000,25.31,None,260.57,167.16
2025-12-28,GRMN,8.12,6943125000.0,25.31,None,1.014,44.07,42314000,None,334352000,334352000,-120151000,-78872000,21249000,-5602000,-47318000,None,None,197157000,1081000,218399298,None,492703000,492703000,76516000,None,None,170997000,None,None,43596000,28204000,3.6,0.0176,108571000,108571000,None,0.005,0.01,338170000,381766000,1.98,2020-03-31,23.81,13701000,4077968000.0,535070000,372600000,61381000,35866000,35866000,None,49322000,None,199841000,None,None,None,None,None,161180000,None,None,None,0.258,225874000,196900000,338170000,63927000,55815000,None,None,None,None,None,None,None,2.841,4.651,5.7,None,None,None,None,None,-11580000,None,0.226,None,179173000,2025-10-29,quarterly,1.99,USD,pre-market,74879000,1072454000,0.112,0.197,0.117,36.09,122000000,None,None,32050000,215.75,210.97,0.5051,1362235000,801167000,195485000,204971000,561068000,9486000,1027773000,1157264000,25.31,None,260.57,167.16
2025-12-28,GRMN,8.12,6943125000.0,25.31,None,1.014,44.07,27077000,None,334352000,334352000,-107133000,-82938000,50200000,5892000,40453000,None,None,-137712000,1081000,218399298,None,492703000,492703000,76516000,None,None,170997000,None,None,43596000,28560000,3.6,0.0176,108359000,108359000,None,0.005,0.01,338170000,381766000,1.98,2019-12-31,23.81,13701000,4077968000.0,535070000,372600000,61381000,35866000,35866000,None,49322000,None,199841000,None,None,None,None,None,360791000,None,None,None,0.258,234379000,196900000,338170000,63927000,55815000,None,None,None,None,None,None,None,2.841,4.651,5.7,None,None,None,None,None,-12914000,None,0.226,None,179173000,2025-10-29,quarterly,1.99,USD,pre-market,74879000,1072454000,0.112,0.197,0.117,36.09,122000000,None,None,32050000,215.75,210.97,0.5051,1362235000,801167000,195485000,204971000,561068000,9486000,1027773000,1157264000,25.31,None,260.57,167.16
2025-12-28,GRMN,8.12,6943125000.0,25.31,None,1.014,44.07,31983000,None,334352000,334352000,-18000,-21409000,157184000,-10341000,-124563000,None,None,8782000,1081000,218399298,None,492703000,492703000,76516000,None,None,170997000,None,None,43596000,26881000,3.6,0.0176,0,0,None,0.005,0.01,338170000,381766000,1.98,2019-09-30,23.81,13701000,4077968000.0,535070000,372600000,61381000,35866000,35866000,None,49322000,None,199841000,None,None,None,None,None,227866000,None,None,None,0.258,188952000,196900000,338170000,63927000,55815000,None,None,None,None,None,None,None,2.841,4.651,5.7,None,None,None,None,None,-18000,None,0.226,None,179173000,2025-10-29,quarterly,1.99,USD,pre-market,74879000,1072454000,0.112,0.197,0.117,36.09,122000000,None,None,32050000,215.75,210.97,0.5051,1362235000,801167000,195485000,204971000,561068000,9486000,1027773000,1157264000,25.31,None,260.57,167.16
2025-12-28,GRMN,8.12,6943125000.0,25.31,None,1.014,44.07,30841000,None,334352000,334352000,-95496000,-313778000,-295845000,2793000,-39413000,None,None,-106959000,1081000,218399298,None,492703000,492703000,76516000,None,None,170997000,None,None,43596000,26723000,3.6,0.0176,108218000,108218000,None,0.005,0.01,338170000,381766000,1.98,2019-06-30,23.81,13701000,4077968000.0,535070000,372600000,61381000,35866000,35866000,None,49322000,None,199841000,None,None,None,None,None,223656000,None,None,None,0.258,110636000,196900000,338170000,63927000,55815000,None,None,None,None,None,None,None,2.841,4.651,5.7,None,None,None,None,None,-260000,None,0.226,None,179173000,2025-10-29,quarterly,1.99,USD,pre-market,74879000,1072454000,0.112,0.197,0.117,36.09,122000000,None,None,32050000,215.75,210.97,0.5051,1362235000,801167000,195485000,204971000,561068000,9486000,1027773000,1157264000,25.31,None,260.57,167.16
2025-12-28,GRMN,8.12,6943125000.0,25.31,None,1.014,44.07,30507000,None,334352000,334352000,-213381000,-32621000,-85706000,-4286000,-46646000,None,None,112488000,1081000,218399298,None,492703000,492703000,76516000,None,None,170997000,None,None,43596000,24011000,3.6,0.0176,200687000,200687000,None,0.005,0.01,338170000,381766000,1.98,2019-03-31,23.81,13701000,4077968000.0,535070000,372600000,61381000,35866000,35866000,None,49322000,None,199841000,None,None,None,None,None,140173000,None,None,None,0.258,164582000,196900000,338170000,63927000,55815000,None,None,None,None,None,None,None,2.841,4.651,5.7,None,None,None,None,None,-12694000,None,0.226,None,179173000,2025-10-29,quarterly,1.99,USD,pre-market,74879000,1072454000,0.112,0.197,0.117,36.09,122000000,None,None,32050000,215.75,210.97,0.5051,1362235000,801167000,195485000,204971000,561068000,9486000,1027773000,1157264000,25.31,None,260.57,167.16
2025-12-28,GRMN,8.12,6943125000.0,25.31,None,1.014,44.07,34527000,None,334352000,334352000,2373000,-68688000,145263000,-6160000,-13177000,None,None,-106788000,1081000,218399298,None,492703000,492703000,76516000,None,None,170997000,None,None,43596000,24718000,3.6,0.0176,1000,1000,None,0.005,0.01,338170000,381766000,1.98,2018-12-31,23.81,13701000,4077968000.0,535070000,372600000,61381000,35866000,35866000,None,49322000,None,199841000,None,None,None,None,None,190150000,None,None,None,0.258,217738000,196900000,338170000,63927000,55815000,None,None,None,None,None,None,None,2.841,4.651,5.7,None,None,None,None,None,-9746000,None,0.226,None,179173000,2025-10-29,quarterly,1.99,USD,pre-market,74879000,1072454000,0.112,0.197,0.117,36.09,122000000,None,None,32050000,215.75,210.97,0.5051,1362235000,801167000,195485000,204971000,561068000,9486000,1027773000,1157264000,25.31,None,260.57,167.16
2025-12-28,GRMN,8.12,6943125000.0,25.31,None,1.014,44.07,30304000,None,334352000,334352000,-99690000,-52921000,109675000,-1433000,-64473000,None,None,63856000,1081000,218399298,None,492703000,492703000,76516000,None,None,170997000,None,None,43596000,23256000,3.6,0.0176,100063000,100063000,None,0.005,0.01,338170000,381766000,1.98,2018-09-30,23.81,13701000,4077968000.0,535070000,372600000,61381000,35866000,35866000,None,49322000,None,199841000,None,None,None,None,None,184215000,None,None,None,0.258,263719000,196900000,338170000,63927000,55815000,None,None,None,None,None,None,None,2.841,4.651,5.7,None,None,None,None,None,-9000,None,0.226,None,179173000,2025-10-29,quarterly,1.99,USD,pre-market,74879000,1072454000,0.112,0.197,0.117,36.09,122000000,None,None,32050000,215.75,210.97,0.5051,1362235000,801167000,195485000,204971000,561068000,9486000,1027773000,1157264000,25.31,None,260.57,167.16
2025-12-28,GRMN,8.12,6943125000.0,25.31,None,1.014,44.07,67566000,None,334352000,334352000,-88062000,-73270000,47607000,-14934000,21789000,None,None,-139594000,1081000,218399298,None,492703000,492703000,76516000,None,None,170997000,None,None,43596000,25074000,3.6,0.0176,99940000,99940000,None,0.005,0.01,338170000,381766000,1.98,2018-06-30,23.81,13701000,4077968000.0,535070000,372600000,61381000,35866000,35866000,None,49322000,None,199841000,None,None,None,None,None,190341000,None,None,None,0.258,223873000,196900000,338170000,63927000,55815000,None,None,None,None,None,None,None,2.841,4.651,5.7,None,None,None,None,None,-338000,None,0.226,None,179173000,2025-10-29,quarterly,1.99,USD,pre-market,74879000,1072454000,0.112,0.197,0.117,36.09,122000000,None,None,32050000,215.75,210.97,0.5051,1362235000,801167000,195485000,204971000,561068000,9486000,1027773000,1157264000,25.31,None,260.57,167.16
2025-12-28,GRMN,8.12,6943125000.0,25.31,None,1.014,44.07,27958000,None,334352000,334352000,-100782000,-112624000,7501000,6717000,-26455000,None,None,187693000,1081000,218399298,None,492703000,492703000,76516000,None,None,170997000,None,None,43596000,23146000,3.6,0.0176,96146000,96146000,None,0.005,0.01,338170000,381766000,1.98,2018-03-31,23.81,13701000,4077968000.0,535070000,372600000,61381000,35866000,35866000,None,49322000,None,199841000,None,None,None,None,None,129374000,None,None,None,0.258,214190000,196900000,338170000,63927000,55815000,None,None,None,None,None,None,None,2.841,4.651,5.7,None,None,None,None,None,-6562000,None,0.226,None,179173000,2025-10-29,quarterly,1.99,USD,pre-market,74879000,1072454000,0.112,0.197,0.117,36.09,122000000,None,None,32050000,215.75,210.97,0.5051,1362235000,801167000,195485000,204971000,561068000,9486000,1027773000,1157264000,25.31,None,260.57,167.16
2025-12-28,GRMN,8.12,6943125000.0,25.31,None,1.014,44.07,57648000,None,334352000,334352000,-93300000,-105450000,209000,694000,48056000,None,None,-125070000,1081000,218399298,None,492703000,492703000,76516000,None,None,170997000,None,None,43596000,22553000,3.6,0.0176,95658000,95658000,None,0.005,0.01,338170000,381766000,1.98,2017-12-31,23.81,13701000,4077968000.0,535070000,372600000,61381000,35866000,35866000,None,49322000,None,199841000,None,None,None,None,None,138780000,None,None,None,0.258,198265000,196900000,338170000,63927000,55815000,None,None,None,None,None,None,None,2.841,4.651,5.7,None,None,None,None,None,-9186000,None,0.226,None,179173000,2025-10-29,quarterly,1.99,USD,pre-market,74879000,1072454000,0.112,0.197,0.117,36.09,122000000,None,None,32050000,215.75,210.97,0.5051,1362235000,801167000,195485000,204971000,561068000,9486000,1027773000,1157264000,25.31,None,260.57,167.16
2025-12-28,GRMN,8.12,6943125000.0,25.31,None,1.014,44.07,48132000,None,334352000,334352000,-106198000,-70398000,31719000,9565000,-52010000,None,None,61197000,1081000,218399298,None,492703000,492703000,76516000,None,None,170997000,None,None,43596000,20868000,3.6,0.0176,95627000,95627000,None,0.005,0.01,338170000,381766000,1.98,2017-09-30,23.81,13701000,4077968000.0,535070000,372600000,61381000,35866000,35866000,None,49322000,None,199841000,None,None,None,None,None,147413000,None,None,None,0.258,198750000,196900000,338170000,63927000,55815000,None,None,None,None,None,None,None,2.841,4.651,5.7,None,None,None,None,None,-10571000,None,0.226,None,179173000,2025-10-29,quarterly,1.99,USD,pre-market,74879000,1072454000,0.112,0.197,0.117,36.09,122000000,None,None,32050000,215.75,210.97,0.5051,1362235000,801167000,195485000,204971000,561068000,9486000,1027773000,1157264000,25.31,None,260.57,167.16
2025-12-28,GRMN,8.12,6943125000.0,25.31,None,1.014,44.07,19388000,None,334352000,334352000,-121561000,-5408000,25983000,9520000,6777000,None,None,-111468000,1081000,218399298,None,492703000,492703000,76516000,None,None,170997000,None,None,43596000,21103000,3.6,0.0176,95663000,95663000,None,0.005,0.01,338170000,381766000,1.98,2017-06-30,23.81,13701000,4077968000.0,535070000,372600000,61381000,35866000,35866000,None,49322000,None,199841000,None,None,None,None,None,170950000,None,None,None,0.258,143432000,196900000,338170000,63927000,55815000,None,None,None,None,None,None,None,2.841,4.651,5.7,None,None,None,None,None,-36214000,None,0.226,None,179173000,2025-10-29,quarterly,1.99,USD,pre-market,74879000,1072454000,0.112,0.197,0.117,36.09,122000000,None,None,32050000,215.75,210.97,0.5051,1362235000,801167000,195485000,204971000,561068000,9486000,1027773000,1157264000,25.31,None,260.57,167.16
2025-12-28,GRMN,8.12,6943125000.0,25.31,None,1.014,44.07,26760000,None,334352000,334352000,-127353000,-13280000,-13306000,6932000,-41398000,None,None,135253000,1081000,218399298,None,492703000,492703000,76516000,None,None,170997000,None,None,43596000,21728000,3.6,0.0176,96028000,96028000,None,0.005,0.01,338170000,381766000,1.98,2017-03-31,23.81,13701000,4077968000.0,535070000,372600000,61381000,35866000,35866000,None,49322000,None,199841000,None,None,None,None,None,237812000,None,None,None,0.258,120395000,196900000,338170000,63927000,55815000,None,None,None,None,None,None,None,2.841,4.651,5.7,None,None,None,None,None,-31325000,None,0.226,None,179173000,2025-10-29,quarterly,1.99,USD,pre-market,74879000,1072454000,0.112,0.197,0.117,36.09,122000000,None,None,32050000,215.75,210.97,0.5051,1362235000,801167000,195485000,204971000,561068000,9486000,1027773000,1157264000,25.31,None,260.57,167.16
2025-12-28,GRMN,8.12,6943125000.0,25.31,None,1.014,44.07,49812000,None,334352000,334352000,-217515000,-45603000,-65676000,-15874000,38547000,None,None,-67372000,1081000,218399298,None,492703000,492703000,76516000,None,None,170997000,None,None,43596000,23798000,3.6,0.0176,192121000,192121000,None,0.005,0.01,338170000,381766000,1.98,2016-12-31,23.81,13701000,4077968000.0,535070000,372600000,61381000,35866000,35866000,None,49322000,None,199841000,None,None,None,None,None,136605000,None,None,None,0.258,213316000,196900000,338170000,63927000,55815000,None,None,None,None,None,None,None,2.841,4.651,5.7,None,None,None,None,None,-35159000,None,0.226,None,179173000,2025-10-29,quarterly,1.99,USD,pre-market,74879000,1072454000,0.112,0.197,0.117,36.09,122000000,None,None,32050000,215.75,210.97,0.5051,1362235000,801167000,195485000,204971000,561068000,9486000,1027773000,1157264000,25.31,None,260.57,167.16
2025-12-28,GRMN,8.12,6943125000.0,25.31,None,1.014,44.07,15418000,None,334352000,334352000,-114752000,8553000,111095000,4300000,-24330000,None,None,51957000,1081000,218399298,None,492703000,492703000,76516000,None,None,170997000,None,None,43596000,21033000,3.6,0.0176,96220000,96220000,None,0.005,0.01,338170000,381766000,1.98,2016-09-30,23.81,13701000,4077968000.0,535070000,372600000,61381000,35866000,35866000,None,49322000,None,199841000,None,None,None,None,None,125054000,None,None,None,0.258,212994000,196900000,338170000,63927000,55815000,None,None,None,None,None,None,None,2.841,4.651,5.7,None,None,None,None,None,-20124000,None,0.226,None,179173000,2025-10-29,quarterly,1.99,USD,pre-market,74879000,1072454000,0.112,0.197,0.117,36.09,122000000,None,None,32050000,215.75,210.97,0.5051,1362235000,801167000,195485000,204971000,561068000,9486000,1027773000,1157264000,25.31,None,260.57,167.16
2025-12-28,GRMN,8.12,6943125000.0,25.31,None,1.014,44.07,15821000,None,334352000,334352000,-113136000,-93118000,-56215000,54000,2201000,None,None,-105621000,1081000,218399298,None,492703000,492703000,76516000,None,None,170997000,None,None,43596000,21316000,3.6,0.0176,96545000,96545000,None,0.005,0.01,338170000,381766000,1.98,2016-06-30,23.81,13701000,4077968000.0,535070000,372600000,61381000,35866000,35866000,None,49322000,None,199841000,None,None,None,None,None,161063000,None,None,None,0.258,149985000,196900000,338170000,63927000,55815000,None,None,None,None,None,None,None,2.841,4.651,5.7,None,None,None,None,None,-25301000,None,0.226,None,179173000,2025-10-29,quarterly,1.99,USD,pre-market,74879000,1072454000,0.112,0.197,0.117,36.09,122000000,None,None,32050000,215.75,210.97,0.5051,1362235000,801167000,195485000,204971000,561068000,9486000,1027773000,1157264000,25.31,None,260.57,167.16
2025-12-28,GRMN,8.12,6943125000.0,25.31,None,1.014,44.07,15624000,None,334352000,334352000,-116273000,8631000,24609000,2864000,-18873000,None,None,130036000,1081000,218399298,None,492703000,492703000,76516000,None,None,170997000,None,None,43596000,20193000,3.6,0.0176,96566000,96566000,None,0.005,0.01,338170000,381766000,1.98,2016-03-31,23.81,13701000,4077968000.0,535070000,372600000,61381000,35866000,35866000,None,49322000,None,199841000,None,None,None,None,None,88092000,None,None,None,0.258,129387000,196900000,338170000,63927000,55815000,None,None,None,None,None,None,None,2.841,4.651,5.7,None,None,None,None,None,-19796000,None,0.226,None,179173000,2025-10-29,quarterly,1.99,USD,pre-market,74879000,1072454000,0.112,0.197,0.117,36.09,122000000,None,None,32050000,215.75,210.97,0.5051,1362235000,801167000,195485000,204971000,561068000,9486000,1027773000,1157264000,25.31,None,260.57,167.16
2025-12-28,GRMN,8.12,6943125000.0,25.31,None,1.014,44.07,28367000,None,334352000,334352000,-120358000,-114787000,-81837000,-5028000,-10710000,None,None,-101402000,1081000,218399298,None,492703000,492703000,76516000,None,None,170997000,None,None,43596000,19977000,3.6,0.0176,96870000,96870000,None,0.005,0.01,338170000,381766000,1.98,2015-12-31,23.81,13701000,4077968000.0,535070000,372600000,61381000,35866000,35866000,None,49322000,None,199841000,None,None,None,None,None,132383000,None,None,None,0.258,158336000,196900000,338170000,63927000,55815000,None,None,None,None,None,None,None,2.841,4.651,5.7,None,None,None,None,None,-28701000,None,0.226,None,179173000,2025-10-29,quarterly,1.99,USD,pre-market,74879000,1072454000,0.112,0.197,0.117,36.09,122000000,None,None,32050000,215.75,210.97,0.5051,1362235000,801167000,195485000,204971000,561068000,9486000,1027773000,1157264000,25.31,None,260.57,167.16
2025-12-28,GRMN,8.12,6943125000.0,25.31,None,1.014,44.07,14443000,None,334352000,334352000,-148073000,-4278000,-23276000,-8760000,-65373000,None,None,63859000,1081000,218399298,None,492703000,492703000,76516000,None,None,170997000,None,None,43596000,20253000,3.6,0.0176,97322000,97322000,None,0.005,0.01,338170000,381766000,1.98,2015-09-30,23.81,13701000,4077968000.0,535070000,372600000,61381000,35866000,35866000,None,49322000,None,199841000,None,None,None,None,None,119299000,None,None,None,0.258,137835000,196900000,338170000,63927000,55815000,None,None,None,None,None,None,None,2.841,4.651,5.7,None,None,None,None,None,-50762000,None,0.226,None,179173000,2025-10-29,quarterly,1.99,USD,pre-market,74879000,1072454000,0.112,0.197,0.117,36.09,122000000,None,None,32050000,215.75,210.97,0.5051,1362235000,801167000,195485000,204971000,561068000,9486000,1027773000,1157264000,25.31,None,260.57,167.16
2025-12-28,GRMN,8.12,6943125000.0,25.31,None,1.014,44.07,22811000,None,334352000,334352000,-123993000,-16091000,-258085000,-17806000,11262000,None,None,60016000,1081000,218399298,None,492703000,492703000,76516000,None,None,170997000,None,None,43596000,19266000,3.6,0.0176,91961000,91961000,None,0.005,0.01,338170000,381766000,1.98,2015-06-30,23.81,13701000,4077968000.0,535070000,372600000,61381000,35866000,35866000,None,49322000,None,199841000,None,None,None,None,None,137752000,None,None,None,0.258,-97359000,196900000,338170000,63927000,55815000,None,None,None,None,None,None,None,2.841,4.651,5.7,None,None,None,None,None,-41035000,None,0.226,None,179173000,2025-10-29,quarterly,1.99,USD,pre-market,74879000,1072454000,0.112,0.197,0.117,36.09,122000000,None,None,32050000,215.75,210.97,0.5051,1362235000,801167000,195485000,204971000,561068000,9486000,1027773000,1157264000,25.31,None,260.57,167.16
2025-12-28,GRMN,8.12,6943125000.0,25.31,None,1.014,44.07,18860000,None,334352000,334352000,-107668000,23177000,None,None,-56897000,None,None,None,1081000,218399298,None,492703000,492703000,76516000,None,None,170997000,None,None,43596000,18864000,3.6,0.0176,91964000,91964000,None,0.005,0.01,338170000,381766000,1.98,2015-03-31,23.81,13701000,4077968000.0,535070000,372600000,61381000,35866000,35866000,None,49322000,None,199841000,None,None,None,None,None,66793000,None,None,None,0.258,81655000,196900000,338170000,63927000,55815000,None,None,None,None,None,None,None,2.841,4.651,5.7,None,None,None,None,None,-16260000,None,0.226,None,179173000,2025-10-29,quarterly,1.99,USD,pre-market,74879000,1072454000,0.112,0.197,0.117,36.09,122000000,None,None,32050000,215.75,210.97,0.5051,1362235000,801167000,195485000,204971000,561068000,9486000,1027773000,1157264000,25.31,None,260.57,167.16
2025-12-28,GRMN,8.12,6943125000.0,25.31,None,1.014,44.07,13808000,None,334352000,334352000,-96048000,14898000,41710000,-22157000,30782000,None,None,-101721000,1081000,218399298,None,492703000,492703000,76516000,None,None,170997000,None,None,43596000,21450000,3.6,0.0176,92052000,92052000,None,0.005,0.01,338170000,381766000,1.98,2014-12-31,23.81,13701000,4077968000.0,535070000,372600000,61381000,35866000,35866000,None,49322000,None,199841000,None,None,None,None,None,210245000,None,None,None,0.258,145017000,196900000,338170000,63927000,55815000,None,None,None,None,None,None,None,2.841,4.651,5.7,None,None,None,None,None,-7482000,None,0.226,None,179173000,2025-10-29,quarterly,1.99,USD,pre-market,74879000,1072454000,0.112,0.197,0.117,36.09,122000000,None,None,32050000,215.75,210.97,0.5051,1362235000,801167000,195485000,204971000,561068000,9486000,1027773000,1157264000,25.31,None,260.57,167.16
2025-12-28,GRMN,8.12,6943125000.0,25.31,None,1.014,44.07,25934000,None,334352000,334352000,-169224000,-39231000,-80328000,-14215000,-45461000,None,None,9006000,1081000,218399298,None,492703000,492703000,76516000,None,None,170997000,None,None,43596000,18107000,3.6,0.0176,92449000,92449000,None,0.005,0.01,338170000,381766000,1.98,2014-09-30,23.81,13701000,4077968000.0,535070000,372600000,61381000,35866000,35866000,None,49322000,None,199841000,None,None,None,None,None,-146834000,None,None,None,0.258,142342000,196900000,338170000,63927000,55815000,None,None,None,None,None,None,None,2.841,4.651,5.7,None,None,None,None,None,-79101000,None,0.226,None,179173000,2025-10-29,quarterly,1.99,USD,pre-market,74879000,1072454000,0.112,0.197,0.117,36.09,122000000,None,None,32050000,215.75,210.97,0.5051,1362235000,801167000,195485000,204971000,561068000,9486000,1027773000,1157264000,25.31,None,260.57,167.16
2025-12-28,GRMN,8.12,6943125000.0,25.31,None,1.014,44.07,21669000,None,334352000,334352000,-216759000,152103000,98195000,-1328000,2271000,None,None,-71881000,1081000,218399298,None,492703000,492703000,76516000,None,None,170997000,None,None,43596000,19046000,3.6,0.0176,87721000,87721000,None,0.005,0.01,338170000,381766000,1.98,2014-06-30,23.81,13701000,4077968000.0,535070000,372600000,61381000,35866000,35866000,None,49322000,None,199841000,None,None,None,None,None,181982000,None,None,None,0.258,164179000,196900000,338170000,63927000,55815000,None,None,None,None,None,None,None,2.841,4.651,5.7,None,None,None,None,None,-129373000,None,0.226,None,179173000,2025-10-29,quarterly,1.99,USD,pre-market,74879000,1072454000,0.112,0.197,0.117,36.09,122000000,None,None,32050000,215.75,210.97,0.5051,1362235000,801167000,195485000,204971000,561068000,9486000,1027773000,1157264000,25.31,None,260.57,167.16
2025-12-28,GRMN,8.12,6943125000.0,25.31,None,1.014,44.07,16648000,None,334352000,334352000,-117591000,3562000,-42458000,398000,-64083000,None,None,137198000,1081000,218399298,None,492703000,492703000,76516000,None,None,170997000,None,None,43596000,18412000,3.6,0.0176,87853000,87853000,None,0.005,0.01,338170000,381766000,1.98,2014-03-31,23.81,13701000,4077968000.0,535070000,372600000,61381000,35866000,35866000,None,49322000,None,199841000,None,None,None,None,None,118818000,None,None,None,0.258,71173000,196900000,338170000,63927000,55815000,None,None,None,None,None,None,None,2.841,4.651,5.7,None,None,None,None,None,-32986000,None,0.226,None,179173000,2025-10-29,quarterly,1.99,USD,pre-market,74879000,1072454000,0.112,0.197,0.117,36.09,122000000,None,None,32050000,215.75,210.97,0.5051,1362235000,801167000,195485000,204971000,561068000,9486000,1027773000,1157264000,25.31,None,260.57,167.16
2025-12-28,GRMN,8.12,6943125000.0,25.31,None,1.014,44.07,14306000,None,334352000,334352000,-122656000,84964000,110449000,-1672000,26744000,None,None,-89509000,1081000,218399298,None,492703000,492703000,76516000,None,None,170997000,None,None,43596000,18335000,3.6,0.0176,87850000,87850000,None,0.005,0.01,338170000,381766000,1.98,2013-12-31,23.81,13701000,4077968000.0,535070000,372600000,61381000,35866000,35866000,None,49322000,None,199841000,None,None,None,None,None,163585000,None,None,None,0.258,149813000,196900000,338170000,63927000,55815000,None,None,None,None,None,None,None,2.841,4.651,5.7,None,None,None,None,None,-48129000,None,0.226,None,179173000,2025-10-29,quarterly,1.99,USD,pre-market,74879000,1072454000,0.112,0.197,0.117,36.09,122000000,None,None,32050000,215.75,210.97,0.5051,1362235000,801167000,195485000,204971000,561068000,9486000,1027773000,1157264000,25.31,None,260.57,167.16
2025-12-28,GRMN,8.12,6943125000.0,25.31,None,1.014,44.07,12502000,None,334352000,334352000,-8090000,-229186000,-24740000,5699000,-32177000,None,None,-24209000,1081000,218399298,None,492703000,492703000,76516000,None,None,170997000,None,None,43596000,18550000,3.6,0.0176,87901000,87901000,None,0.005,0.01,338170000,381766000,1.98,2013-09-30,23.81,13701000,4077968000.0,535070000,372600000,61381000,35866000,35866000,None,49322000,None,199841000,None,None,None,None,None,187670000,None,None,None,0.258,216610000,196900000,338170000,63927000,55815000,None,None,None,None,None,None,None,2.841,4.651,5.7,None,None,None,None,None,-13573000,None,0.226,None,179173000,2025-10-29,quarterly,1.99,USD,pre-market,74879000,1072454000,0.112,0.197,0.117,36.09,122000000,None,None,32050000,215.75,210.97,0.5051,1362235000,801167000,195485000,204971000,561068000,9486000,1027773000,1157264000,25.31,None,260.57,167.16
2025-12-28,GRMN,8.12,6943125000.0,25.31,None,1.014,44.07,18434000,None,334352000,334352000,-101806000,-112265000,None,None,1448000,None,None,None,1081000,218399298,None,492703000,492703000,76516000,None,None,170997000,None,None,43596000,20028000,3.6,0.0176,87901000,87901000,None,0.005,0.01,338170000,381766000,1.98,2013-06-30,23.81,13701000,4077968000.0,535070000,372600000,61381000,35866000,35866000,None,49322000,None,199841000,None,None,None,None,None,172491000,None,None,None,0.258,204298000,196900000,338170000,63927000,55815000,None,None,None,None,None,None,None,2.841,4.651,5.7,None,None,None,None,None,-13353000,None,0.226,None,179173000,2025-10-29,quarterly,1.99,USD,pre-market,74879000,1072454000,0.112,0.197,0.117,36.09,122000000,None,None,32050000,215.75,210.97,0.5051,1362235000,801167000,195485000,204971000,561068000,9486000,1027773000,1157264000,25.31,None,260.57,167.16
2025-12-28,GRMN,8.12,6943125000.0,25.31,None,1.014,44.07,11963000,None,334352000,334352000,-174286000,-17955000,-137740000,-4862000,-13608000,None,None,152307000,1081000,218399298,None,492703000,492703000,76516000,None,None,170997000,None,None,43596000,21891000,3.6,0.0176,175956000,175956000,None,0.005,0.01,338170000,381766000,1.98,2013-03-31,23.81,13701000,4077968000.0,535070000,372600000,61381000,35866000,35866000,None,49322000,None,199841000,None,None,None,None,None,88666000,None,None,None,0.258,59363000,196900000,338170000,63927000,55815000,None,None,None,None,None,None,None,2.841,4.651,5.7,None,None,None,None,None,-62000,None,0.226,None,179173000,2025-10-29,quarterly,1.99,USD,pre-market,74879000,1072454000,0.112,0.197,0.117,36.09,122000000,None,None,32050000,215.75,210.97,0.5051,1362235000,801167000,195485000,204971000,561068000,9486000,1027773000,1157264000,25.31,None,260.57,167.16
2025-12-28,GRMN,8.12,6943125000.0,25.31,None,1.014,44.07,13198000,None,334352000,334352000,-2702000,-191629000,-15893000,3727000,48758000,None,None,-93962000,1081000,218399298,None,492703000,492703000,76516000,None,None,170997000,None,None,43596000,27537000,3.6,0.0176,253386000,253386000,None,0.005,0.01,338170000,381766000,1.98,2012-12-31,23.81,13701000,4077968000.0,535070000,372600000,61381000,35866000,35866000,None,49322000,None,199841000,None,None,None,None,None,129294000,None,None,None,0.258,174711000,196900000,338170000,63927000,55815000,None,None,None,None,None,None,None,2.841,4.651,5.7,None,None,None,None,None,-12203000,None,0.226,None,179173000,2025-10-29,quarterly,1.99,USD,pre-market,74879000,1072454000,0.112,0.197,0.117,36.09,122000000,None,None,32050000,215.75,210.97,0.5051,1362235000,801167000,195485000,204971000,561068000,9486000,1027773000,1157264000,25.31,None,260.57,167.16
2025-12-28,GRMN,8.12,6943125000.0,25.31,None,1.014,44.07,9936000,None,334352000,334352000,-86486000,-104350000,-20646000,5289000,-54765000,None,None,-14383000,1081000,218399298,None,492703000,492703000,76516000,None,None,170997000,None,None,43596000,11870000,3.6,0.0176,87748000,87748000,None,0.005,0.01,338170000,381766000,1.98,2012-09-30,23.81,13701000,4077968000.0,535070000,372600000,61381000,35866000,35866000,None,49322000,None,199841000,None,None,None,None,None,140348000,None,None,None,0.258,164901000,196900000,338170000,63927000,55815000,None,None,None,None,None,None,None,2.841,4.651,5.7,None,None,None,None,None,-82000,None,0.226,None,179173000,2025-10-29,quarterly,1.99,USD,pre-market,74879000,1072454000,0.112,0.197,0.117,36.09,122000000,None,None,32050000,215.75,210.97,0.5051,1362235000,801167000,195485000,204971000,561068000,9486000,1027773000,1157264000,25.31,None,260.57,167.16
2025-12-28,GRMN,8.12,6943125000.0,25.31,None,1.014,44.07,13409000,None,334352000,334352000,-86178000,-145403000,-18072000,-9396000,22510000,None,None,-67744000,1081000,218399298,None,492703000,492703000,76516000,None,None,170997000,None,None,43596000,25661000,3.6,0.0176,87723000,87723000,None,0.005,0.01,338170000,381766000,1.98,2012-06-30,23.81,13701000,4077968000.0,535070000,372600000,61381000,35866000,35866000,None,49322000,None,199841000,None,None,None,None,None,185904000,None,None,None,0.258,222905000,196900000,338170000,63927000,55815000,None,None,None,None,None,None,None,2.841,4.651,5.7,None,None,None,None,None,-6149000,None,0.226,None,179173000,2025-10-29,quarterly,1.99,USD,pre-market,74879000,1072454000,0.112,0.197,0.117,36.09,122000000,None,None,32050000,215.75,210.97,0.5051,1362235000,801167000,195485000,204971000,561068000,9486000,1027773000,1157264000,25.31,None,260.57,167.16
2025-12-28,GRMN,8.12,6943125000.0,25.31,None,1.014,44.07,8685000,None,334352000,334352000,-74483000,-54846000,-1369000,5732000,-12506000,None,None,185166000,1081000,218399298,None,492703000,492703000,76516000,None,None,170997000,None,None,43596000,25399000,3.6,0.0176,77915000,77915000,None,0.005,0.01,338170000,381766000,1.98,2012-03-31,23.81,13701000,4077968000.0,535070000,372600000,61381000,35866000,35866000,None,49322000,None,199841000,None,None,None,None,None,86858000,None,None,None,0.258,122228000,196900000,338170000,63927000,55815000,None,None,None,None,None,None,None,2.841,4.651,5.7,None,None,None,None,None,-311000,None,0.226,None,179173000,2025-10-29,quarterly,1.99,USD,pre-market,74879000,1072454000,0.112,0.197,0.117,36.09,122000000,None,None,32050000,215.75,210.97,0.5051,1362235000,801167000,195485000,204971000,561068000,9486000,1027773000,1157264000,25.31,None,260.57,167.16
2025-12-28,GRMN,8.12,6943125000.0,25.31,None,1.014,44.07,6038000,None,334352000,334352000,-159364000,-164029000,-102246000,-3711000,52270000,None,None,-87113000,1081000,218399298,None,492703000,492703000,76516000,None,None,170997000,None,None,43596000,34205000,3.6,0.0176,155928000,155928000,None,0.005,0.01,338170000,381766000,1.98,2011-12-31,23.81,13701000,4077968000.0,535070000,372600000,61381000,35866000,35866000,None,49322000,None,199841000,None,None,None,None,None,165556000,None,None,None,0.258,224858000,196900000,338170000,63927000,55815000,None,None,None,None,None,None,None,2.841,4.651,5.7,None,None,None,None,None,-22300000,None,0.226,None,179173000,2025-10-29,quarterly,1.99,USD,pre-market,74879000,1072454000,0.112,0.197,0.117,36.09,122000000,None,None,32050000,215.75,210.97,0.5051,1362235000,801167000,195485000,204971000,561068000,9486000,1027773000,1157264000,25.31,None,260.57,167.16
2025-12-28,GRMN,8.12,6943125000.0,25.31,None,1.014,44.07,18232000,None,334352000,334352000,-153247000,-49820000,-29465000,-12921000,-79314000,None,None,-8792000,1081000,218399298,None,492703000,492703000,76516000,None,None,170997000,None,None,43596000,22076000,3.6,0.0176,154835000,154835000,None,0.005,0.01,338170000,381766000,1.98,2011-09-30,23.81,13701000,4077968000.0,535070000,372600000,61381000,35866000,35866000,None,49322000,None,199841000,None,None,None,None,None,150381000,None,None,None,0.258,186523000,196900000,338170000,63927000,55815000,None,None,None,None,None,None,None,2.841,4.651,5.7,None,None,None,None,None,-39000,None,0.226,None,179173000,2025-10-29,quarterly,1.99,USD,pre-market,74879000,1072454000,0.112,0.197,0.117,36.09,122000000,None,None,32050000,215.75,210.97,0.5051,1362235000,801167000,195485000,204971000,561068000,9486000,1027773000,1157264000,25.31,None,260.57,167.16
2025-12-28,GRMN,8.12,6943125000.0,25.31,None,1.014,44.07,7098000,None,334352000,334352000,1370000,216000,208256000,3316000,31726000,None,None,-61703000,1081000,218399298,None,492703000,492703000,76516000,None,None,170997000,None,None,43596000,15832000,3.6,0.0176,None,None,None,0.005,0.01,338170000,381766000,1.98,2011-06-30,23.81,13701000,4077968000.0,535070000,372600000,61381000,35866000,35866000,None,49322000,None,199841000,None,None,None,None,None,109477000,None,None,None,0.258,203354000,196900000,338170000,63927000,55815000,None,None,None,None,None,None,None,2.841,4.651,5.7,None,None,None,None,None,-5736000,None,0.226,None,179173000,2025-10-29,quarterly,1.99,USD,pre-market,74879000,1072454000,0.112,0.197,0.117,36.09,122000000,None,None,32050000,215.75,210.97,0.5051,1362235000,801167000,195485000,204971000,561068000,9486000,1027773000,1157264000,25.31,None,260.57,167.16
2025-12-28,GRMN,8.12,6943125000.0,25.31,None,1.014,44.07,9804000,None,334352000,334352000,3828000,-274565000,-50321000,12817000,-11067000,None,None,327151000,1081000,218399298,None,492703000,492703000,76516000,None,None,170997000,None,None,43596000,22422000,3.6,0.0176,0,0,None,0.005,0.01,338170000,381766000,1.98,2011-03-31,23.81,13701000,4077968000.0,535070000,372600000,61381000,35866000,35866000,None,49322000,None,199841000,None,None,None,None,None,95482000,None,None,None,0.258,207599000,196900000,338170000,63927000,55815000,None,None,None,None,None,None,None,2.841,4.651,5.7,None,None,None,None,None,-5900000,None,0.226,None,179173000,2025-10-29,quarterly,1.99,USD,pre-market,74879000,1072454000,0.112,0.197,0.117,36.09,122000000,None,None,32050000,215.75,210.97,0.5051,1362235000,801167000,195485000,204971000,561068000,9486000,1027773000,1157264000,25.31,None,260.57,167.16
2025-12-28,GRMN,8.12,6943125000.0,25.31,None,1.014,44.07,5102000,None,334352000,334352000,2914000,-164274000,24971000,1909000,119148000,None,None,-221527000,1081000,218399298,None,492703000,492703000,76516000,None,None,170997000,None,None,43596000,22425000,3.6,0.0176,250000,250000,None,0.005,0.01,338170000,381766000,1.98,2010-12-31,23.81,13701000,4077968000.0,535070000,372600000,61381000,35866000,35866000,None,49322000,None,199841000,None,None,None,None,None,132907000,None,None,None,0.258,184422000,196900000,338170000,63927000,55815000,None,None,None,None,None,None,None,2.841,4.651,5.7,None,None,None,None,None,-2550000,None,0.226,None,179173000,2025-10-29,quarterly,1.99,USD,pre-market,74879000,1072454000,0.112,0.197,0.117,36.09,122000000,None,None,32050000,215.75,210.97,0.5051,1362235000,801167000,195485000,204971000,561068000,9486000,1027773000,1157264000,25.31,None,260.57,167.16
2025-12-28,GRMN,8.12,6943125000.0,25.31,None,1.014,44.07,9425000,None,334352000,334352000,-137654000,-13545000,62796000,9647000,-131998000,None,None,-13176000,1081000,218399298,None,492703000,492703000,76516000,None,None,170997000,None,None,43596000,20671000,3.6,0.0176,299103000,299103000,None,0.005,0.01,338170000,381766000,1.98,2010-09-30,23.81,13701000,4077968000.0,535070000,372600000,61381000,35866000,35866000,None,49322000,None,199841000,None,None,None,None,None,279552000,None,None,None,0.258,204348000,196900000,338170000,63927000,55815000,None,None,None,None,None,None,None,2.841,4.651,5.7,None,None,None,None,None,-139050000,None,0.226,None,179173000,2025-10-29,quarterly,1.99,USD,pre-market,74879000,1072454000,0.112,0.197,0.117,36.09,122000000,None,None,32050000,215.75,210.97,0.5051,1362235000,801167000,195485000,204971000,561068000,9486000,1027773000,1157264000,25.31,None,260.57,167.16
2025-12-28,GRMN,8.12,6943125000.0,25.31,None,1.014,44.07,12485000,None,334352000,334352000,-333008000,41038000,-118174000,-7940000,-14104000,None,None,-72045000,1081000,218399298,None,492703000,492703000,76516000,None,None,170997000,None,None,43596000,29678000,3.6,0.0176,299100000,299100000,None,0.005,0.01,338170000,381766000,1.98,2010-06-30,23.81,13701000,4077968000.0,535070000,372600000,61381000,35866000,35866000,None,49322000,None,199841000,None,None,None,None,None,134815000,None,None,None,0.258,181736000,196900000,338170000,63927000,55815000,None,None,None,None,None,None,None,2.841,4.651,5.7,None,None,None,None,None,-37122000,None,0.226,None,179173000,2025-10-29,quarterly,1.99,USD,pre-market,74879000,1072454000,0.112,0.197,0.117,36.09,122000000,None,None,32050000,215.75,210.97,0.5051,1362235000,801167000,195485000,204971000,561068000,9486000,1027773000,1157264000,25.31,None,260.57,167.16
2025-12-28,GRMN,8.12,6943125000.0,25.31,None,1.014,44.07,8964000,None,334352000,334352000,-43073000,63912000,199762000,-21208000,-50168000,None,None,436446000,1081000,218399298,None,492703000,492703000,76516000,None,None,170997000,None,None,43596000,21877000,3.6,0.0176,0,0,None,0.005,0.01,338170000,381766000,1.98,2010-03-31,23.81,13701000,4077968000.0,535070000,372600000,61381000,35866000,35866000,None,49322000,None,199841000,None,None,None,None,None,37329000,None,None,None,0.258,200131000,196900000,338170000,63927000,55815000,None,None,None,None,None,None,None,2.841,4.651,5.7,None,None,None,None,None,-47206000,None,0.226,None,179173000,2025-10-29,quarterly,1.99,USD,pre-market,74879000,1072454000,0.112,0.197,0.117,36.09,122000000,None,None,32050000,215.75,210.97,0.5051,1362235000,801167000,195485000,204971000,561068000,9486000,1027773000,1157264000,25.31,None,260.57,167.16
2025-12-28,GRMN,8.12,6943125000.0,25.31,None,1.014,44.07,13863000,None,334352000,334352000,-165190000,10547000,None,None,17849000,None,None,None,1081000,218399298,None,492703000,492703000,76516000,None,None,170997000,None,None,43596000,30596000,3.6,0.0176,149846000,149846000,None,0.005,0.01,338170000,381766000,1.98,2009-12-31,23.81,13701000,4077968000.0,535070000,372600000,61381000,35866000,35866000,None,49322000,None,199841000,None,None,None,None,None,278408000,None,None,None,0.258,245901000,196900000,338170000,63927000,55815000,None,None,None,None,None,None,None,2.841,4.651,5.7,None,None,None,None,None,-18350000,None,0.226,None,179173000,2025-10-29,quarterly,1.99,USD,pre-market,74879000,1072454000,0.112,0.197,0.117,36.09,122000000,None,None,32050000,215.75,210.97,0.5051,1362235000,801167000,195485000,204971000,561068000,9486000,1027773000,1157264000,25.31,None,260.57,167.16
2025-12-28,GRMN,8.12,6943125000.0,25.31,None,1.014,44.07,16063000,None,334352000,334352000,1709000,-258195000,None,None,-45704000,None,None,None,1081000,218399298,None,492703000,492703000,76516000,None,None,170997000,None,None,43596000,23641000,3.6,0.0176,0,0,None,0.005,0.01,338170000,381766000,1.98,2009-09-30,23.81,13701000,4077968000.0,535070000,372600000,61381000,35866000,35866000,None,49322000,None,199841000,None,None,None,None,None,215133000,None,None,None,0.258,292867000,196900000,338170000,63927000,55815000,None,None,None,None,None,None,None,2.841,4.651,5.7,None,None,None,None,None,-59000,None,0.226,None,179173000,2025-10-29,quarterly,1.99,USD,pre-market,74879000,1072454000,0.112,0.197,0.117,36.09,122000000,None,None,32050000,215.75,210.97,0.5051,1362235000,801167000,195485000,204971000,561068000,9486000,1027773000,1157264000,25.31,None,260.57,167.16
2025-12-28,GRMN,8.12,6943125000.0,25.31,None,1.014,44.07,12838000,None,334352000,334352000,3942000,-234232000,None,None,30168000,None,None,None,1081000,218399298,None,492703000,492703000,76516000,None,None,170997000,None,None,43596000,20587000,3.6,0.0176,None,None,None,0.005,0.01,338170000,381766000,1.98,2009-06-30,23.81,13701000,4077968000.0,535070000,372600000,61381000,35866000,35866000,None,49322000,None,199841000,None,None,None,None,None,161871000,None,None,None,0.258,256272000,196900000,338170000,63927000,55815000,None,None,None,None,None,None,None,2.841,4.651,5.7,None,None,None,None,None,3900000,None,0.226,None,179173000,2025-10-29,quarterly,1.99,USD,pre-market,74879000,1072454000,0.112,0.197,0.117,36.09,122000000,None,None,32050000,215.75,210.97,0.5051,1362235000,801167000,195485000,204971000,561068000,9486000,1027773000,1157264000,25.31,None,260.57,167.16
2025-12-28,GRMN,8.12,6943125000.0,25.31,None,1.014,44.07,14008000,None,334352000,334352000,-1704000,-65989000,None,None,58876000,None,None,None,1081000,218399298,None,492703000,492703000,76516000,None,None,170997000,None,None,43596000,21662000,3.6,0.0176,None,None,None,0.005,0.01,338170000,381766000,1.98,2009-03-31,23.81,13701000,4077968000.0,535070000,372600000,61381000,35866000,35866000,None,49322000,None,199841000,None,None,None,None,None,48538000,None,None,None,0.258,299416000,196900000,338170000,63927000,55815000,None,None,None,None,None,None,None,2.841,4.651,5.7,None,None,None,None,None,-1849000,None,0.226,None,179173000,2025-10-29,quarterly,1.99,USD,pre-market,74879000,1072454000,0.112,0.197,0.117,36.09,122000000,None,None,32050000,215.75,210.97,0.5051,1362235000,801167000,195485000,204971000,561068000,9486000,1027773000,1157264000,25.31,None,260.57,167.16
2025-12-28,GRMN,8.12,6943125000.0,25.31,None,1.014,44.07,12053000,None,334352000,334352000,-193375000,30809000,None,None,279506000,None,None,None,1081000,218399298,None,492703000,492703000,76516000,None,None,170997000,None,None,43596000,23797000,3.6,0.0176,150251000,150251000,None,0.005,0.01,338170000,381766000,1.98,2008-12-31,23.81,13701000,4077968000.0,535070000,372600000,61381000,35866000,35866000,None,49322000,None,199841000,None,None,None,None,None,157733000,None,None,None,0.258,349461000,196900000,338170000,63927000,55815000,None,None,None,None,None,None,None,2.841,4.651,5.7,None,None,None,None,None,-47159000,None,0.226,None,179173000,2025-10-29,quarterly,1.99,USD,pre-market,74879000,1072454000,0.112,0.197,0.117,36.09,122000000,None,None,32050000,215.75,210.97,0.5051,1362235000,801167000,195485000,204971000,561068000,9486000,1027773000,1157264000,25.31,None,260.57,167.16
2025-12-28,GRMN,8.12,6943125000.0,25.31,None,1.014,44.07,33627000,None,334352000,334352000,-305364000,-17558000,None,None,-55291000,None,None,None,1081000,218399298,None,492703000,492703000,76516000,None,None,170997000,None,None,43596000,27500000,3.6,0.0176,None,None,None,0.005,0.01,338170000,381766000,1.98,2008-09-30,23.81,13701000,4077968000.0,535070000,372600000,61381000,35866000,35866000,None,49322000,None,199841000,None,None,None,None,None,171244000,None,None,None,0.258,232522000,196900000,338170000,63927000,55815000,None,None,None,None,None,None,None,2.841,4.651,5.7,None,None,None,None,None,-306217000,None,0.226,None,179173000,2025-10-29,quarterly,1.99,USD,pre-market,74879000,1072454000,0.112,0.197,0.117,36.09,122000000,None,None,32050000,215.75,210.97,0.5051,1362235000,801167000,195485000,204971000,561068000,9486000,1027773000,1157264000,25.31,None,260.57,167.16
2025-12-28,GRMN,8.12,6943125000.0,25.31,None,1.014,44.07,51662000,None,334352000,334352000,-222419000,146764000,None,None,28321000,None,None,None,1081000,218399298,None,492703000,492703000,76516000,None,None,170997000,None,None,43596000,9484000,3.6,0.0176,None,None,None,0.005,0.01,338170000,381766000,1.98,2008-06-30,23.81,13701000,4077968000.0,535070000,372600000,61381000,35866000,35866000,None,49322000,None,199841000,None,None,None,None,None,256092000,None,None,None,0.258,87716000,196900000,338170000,63927000,55815000,None,None,None,None,None,None,None,2.841,4.651,5.7,None,None,None,None,None,-228421000,None,0.226,None,179173000,2025-10-29,quarterly,1.99,USD,pre-market,74879000,1072454000,0.112,0.197,0.117,36.09,122000000,None,None,32050000,215.75,210.97,0.5051,1362235000,801167000,195485000,204971000,561068000,9486000,1027773000,1157264000,25.31,None,260.57,167.16
2025-12-28,GRMN,8.12,6943125000.0,25.31,None,1.014,44.07,29252000,None,334352000,334352000,-86893000,-216364000,None,None,-169501000,None,None,None,1081000,218399298,None,492703000,492703000,76516000,None,None,170997000,None,None,43596000,17636000,3.6,0.0176,None,None,None,0.005,0.01,338170000,381766000,1.98,2008-03-31,23.81,13701000,4077968000.0,535070000,372600000,61381000,35866000,35866000,None,49322000,None,199841000,None,None,None,None,None,147779000,None,None,None,0.258,192465000,196900000,338170000,63927000,55815000,None,None,None,None,None,None,None,2.841,4.651,5.7,None,None,None,None,None,-90050000,None,0.226,None,179173000,2025-10-29,quarterly,1.99,USD,pre-market,74879000,1072454000,0.112,0.197,0.117,36.09,122000000,None,None,32050000,215.75,210.97,0.5051,1362235000,801167000,195485000,204971000,561068000,9486000,1027773000,1157264000,25.31,None,260.57,167.16
2025-12-28,GRMN,8.12,6943125000.0,25.31,None,1.014,44.07,28322000,None,334352000,334352000,-4501000,-117859000,None,None,10740000,None,None,None,1081000,218399298,None,492703000,492703000,76516000,None,None,170997000,None,None,43596000,22448000,3.6,0.0176,1000,1000,None,0.005,0.01,338170000,381766000,1.98,2007-12-31,23.81,13701000,4077968000.0,535070000,372600000,61381000,35866000,35866000,None,49322000,None,199841000,None,None,None,None,None,307267000,None,None,None,0.258,126183000,196900000,338170000,63927000,55815000,None,None,None,None,None,None,None,2.841,4.651,5.7,None,None,None,None,None,-7780000,None,0.226,None,179173000,2025-10-29,quarterly,1.99,USD,pre-market,74879000,1072454000,0.112,0.197,0.117,36.09,122000000,None,None,32050000,215.75,210.97,0.5051,1362235000,801167000,195485000,204971000,561068000,9486000,1027773000,1157264000,25.31,None,260.57,167.16
2025-12-28,GRMN,8.12,6943125000.0,25.31,None,1.014,44.07,17473000,None,334352000,334352000,-146261000,48310000,None,None,-201514000,None,None,None,1081000,218399298,None,492703000,492703000,76516000,None,None,170997000,None,None,43596000,12254000,3.6,0.0176,162500000,162500000,None,0.005,0.01,338170000,381766000,1.98,2007-09-30,23.81,13701000,4077968000.0,535070000,372600000,61381000,35866000,35866000,None,49322000,None,199841000,None,None,None,None,None,193507000,None,None,None,0.258,133766000,196900000,338170000,63927000,55815000,None,None,None,None,None,None,None,2.841,4.651,5.7,None,None,None,None,None,7900000,None,0.226,None,179173000,2025-10-29,quarterly,1.99,USD,pre-market,74879000,1072454000,0.112,0.197,0.117,36.09,122000000,None,None,32050000,215.75,210.97,0.5051,1362235000,801167000,195485000,204971000,561068000,9486000,1027773000,1157264000,25.31,None,260.57,167.16
2025-12-28,GRMN,8.12,6943125000.0,25.31,None,1.014,44.07,99938000,None,334352000,334352000,9628000,-75005000,None,None,-16634000,None,None,None,1081000,218399298,None,492703000,492703000,76516000,None,None,170997000,None,None,43596000,13250000,3.6,0.0176,None,None,None,0.005,0.01,338170000,381766000,1.98,2007-06-30,23.81,13701000,4077968000.0,535070000,372600000,61381000,35866000,35866000,None,49322000,None,199841000,None,None,None,None,None,214377000,None,None,None,0.258,253469000,196900000,338170000,63927000,55815000,None,None,None,None,None,None,None,2.841,4.651,5.7,None,None,None,None,None,4700000,None,0.226,None,179173000,2025-10-29,quarterly,1.99,USD,pre-market,74879000,1072454000,0.112,0.197,0.117,36.09,122000000,None,None,32050000,215.75,210.97,0.5051,1362235000,801167000,195485000,204971000,561068000,9486000,1027773000,1157264000,25.31,None,260.57,167.16
2025-12-28,GRMN,8.12,6943125000.0,25.31,None,1.014,44.07,13963000,None,334352000,334352000,5018000,-31142000,None,None,-16772000,None,None,None,1081000,218399298,None,492703000,492703000,76516000,None,None,170997000,None,None,43596000,16085000,3.6,0.0176,None,None,None,0.005,0.01,338170000,381766000,1.98,2007-03-31,23.81,13701000,4077968000.0,535070000,372600000,61381000,35866000,35866000,None,49322000,None,199841000,None,None,None,None,None,139860000,None,None,None,0.258,168670000,196900000,338170000,63927000,55815000,None,None,None,None,None,None,None,2.841,4.651,5.7,None,None,None,None,None,2800000,None,0.226,None,179173000,2025-10-29,quarterly,1.99,USD,pre-market,74879000,1072454000,0.112,0.197,0.117,36.09,122000000,None,None,32050000,215.75,210.97,0.5051,1362235000,801167000,195485000,204971000,561068000,9486000,1027773000,1157264000,25.31,None,260.57,167.16
2025-12-28,GRMN,8.12,6943125000.0,25.31,None,1.014,44.07,49032000,None,334352000,334352000,-99694000,-27754000,None,None,56183000,None,None,None,1081000,218399298,None,492703000,492703000,76516000,None,None,170997000,None,None,43596000,9184000,3.6,0.0176,107923000,107923000,None,0.005,0.01,338170000,381766000,1.98,2006-12-31,23.81,13701000,4077968000.0,535070000,372600000,61381000,35866000,35866000,None,49322000,None,199841000,None,None,None,None,None,180345000,None,None,None,0.258,112730000,196900000,338170000,63927000,55815000,None,None,None,None,None,None,None,2.841,4.651,5.7,None,None,None,None,None,1000,None,0.226,None,179173000,2025-10-29,quarterly,1.99,USD,pre-market,74879000,1072454000,0.112,0.197,0.117,36.09,122000000,None,None,32050000,215.75,210.97,0.5051,1362235000,801167000,195485000,204971000,561068000,9486000,1027773000,1157264000,25.31,None,260.57,167.16
2025-12-28,GRMN,8.12,6943125000.0,25.31,None,1.014,44.07,19262000,None,334352000,334352000,-49423000,-89164000,None,None,-111483000,None,None,None,1081000,218399298,None,492703000,492703000,76516000,None,None,170997000,None,None,43596000,8025000,3.6,0.0176,None,None,None,0.005,0.01,338170000,381766000,1.98,2006-09-30,23.81,13701000,4077968000.0,535070000,372600000,61381000,35866000,35866000,None,49322000,None,199841000,None,None,None,None,None,122978000,None,None,None,0.258,116749000,196900000,338170000,63927000,55815000,None,None,None,None,None,None,None,2.841,4.651,5.7,None,None,None,None,None,-49900000,None,0.226,None,179173000,2025-10-29,quarterly,1.99,USD,pre-market,74879000,1072454000,0.112,0.197,0.117,36.09,122000000,None,None,32050000,215.75,210.97,0.5051,1362235000,801167000,195485000,204971000,561068000,9486000,1027773000,1157264000,25.31,None,260.57,167.16
2025-12-28,GRMN,8.12,6943125000.0,25.31,None,1.014,44.07,12859000,None,334352000,334352000,5425000,-22295000,None,None,-32284000,None,None,None,1081000,218399298,None,492703000,492703000,76516000,None,None,170997000,None,None,43596000,13294000,3.6,0.0176,None,None,None,0.005,0.01,338170000,381766000,1.98,2006-06-30,23.81,13701000,4077968000.0,535070000,372600000,61381000,35866000,35866000,None,49322000,None,199841000,None,None,None,None,None,123284000,None,None,None,0.258,76160000,196900000,338170000,63927000,55815000,None,None,None,None,None,None,None,2.841,4.651,5.7,None,None,None,None,None,-1500000,None,0.226,None,179173000,2025-10-29,quarterly,1.99,USD,pre-market,74879000,1072454000,0.112,0.197,0.117,36.09,122000000,None,None,32050000,215.75,210.97,0.5051,1362235000,801167000,195485000,204971000,561068000,9486000,1027773000,1157264000,25.31,None,260.57,167.16
2025-12-28,GRMN,8.12,6943125000.0,25.31,None,1.014,44.07,14868000,None,334352000,334352000,11042000,-87172000,None,None,-5124000,None,None,None,1081000,218399298,None,492703000,492703000,76516000,None,None,170997000,None,None,43596000,13972000,3.6,0.0176,54000000,54000000,None,0.005,0.01,338170000,381766000,1.98,2006-03-31,23.81,13701000,4077968000.0,535070000,372600000,61381000,35866000,35866000,None,49322000,None,199841000,None,None,None,None,None,87516000,None,None,None,0.258,56216000,196900000,338170000,63927000,55815000,None,None,None,None,None,None,None,2.841,4.651,5.7,None,None,None,None,None,11000000,None,0.226,None,179173000,2025-10-29,quarterly,1.99,USD,pre-market,74879000,1072454000,0.112,0.197,0.117,36.09,122000000,None,None,32050000,215.75,210.97,0.5051,1362235000,801167000,195485000,204971000,561068000,9486000,1027773000,1157264000,25.31,None,260.57,167.16
2025-12-28,GRMN,8.12,6943125000.0,25.31,None,1.014,44.07,6620000,None,334352000,334352000,-48521000,-20223000,None,None,-30444000,None,None,None,1081000,218399298,None,492703000,492703000,76516000,None,None,170997000,None,None,43596000,9458000,3.6,0.0176,53974000,53974000,None,0.005,0.01,338170000,381766000,1.98,2005-12-31,23.81,13701000,4077968000.0,535070000,372600000,61381000,35866000,35866000,None,49322000,None,199841000,None,None,None,None,None,87134000,None,None,None,0.258,71663000,196900000,338170000,63927000,55815000,None,None,None,None,None,None,None,2.841,4.651,5.7,None,None,None,None,None,1000,None,0.226,None,179173000,2025-10-29,quarterly,1.99,USD,pre-market,74879000,1072454000,0.112,0.197,0.117,36.09,122000000,None,None,32050000,215.75,210.97,0.5051,1362235000,801167000,195485000,204971000,561068000,9486000,1027773000,1157264000,25.31,None,260.57,167.16
2025-12-28,GRMN,8.12,6943125000.0,25.31,None,1.014,44.07,4731000,None,334352000,334352000,-12913000,-40890000,None,None,-20536000,None,None,None,1081000,218399298,None,492703000,492703000,76516000,None,None,170997000,None,None,43596000,9193000,3.6,0.0176,54095,54095,None,0.005,0.01,338170000,381766000,1.98,2005-09-30,23.81,13701000,4077968000.0,535070000,372600000,61381000,35866000,35866000,None,49322000,None,199841000,None,None,None,None,None,102490000,None,None,None,0.258,85935000,196900000,338170000,63927000,55815000,None,None,None,None,None,None,None,2.841,4.651,5.7,None,None,None,None,None,-14692000,None,0.226,None,179173000,2025-10-29,quarterly,1.99,USD,pre-market,74879000,1072454000,0.112,0.197,0.117,36.09,122000000,None,None,32050000,215.75,210.97,0.5051,1362235000,801167000,195485000,204971000,561068000,9486000,1027773000,1157264000,25.31,None,260.57,167.16
2025-12-28,GRMN,8.12,6943125000.0,25.31,None,1.014,44.07,193571000,None,334352000,334352000,-626857000,-393333000,None,None,-178815000,None,None,None,1081000,218399298,None,492703000,492703000,76516000,None,None,170997000,None,None,43596000,179735000,3.6,0.0176,572355000,572355000,None,0.005,0.01,338170000,381766000,1.98,2024-12-31,23.81,13701000,4077968000.0,535070000,372600000,61381000,35866000,35866000,None,49322000,None,199841000,None,None,None,None,None,1411436000,None,None,None,0.258,1432471000,196900000,338170000,63927000,55815000,None,None,None,None,None,None,None,2.841,4.651,5.7,None,None,None,None,None,-62348000,None,0.226,None,179173000,2025-10-29,annual,1.99,USD,pre-market,74879000,1072454000,0.112,0.197,0.117,36.09,122000000,None,None,32050000,215.75,210.97,0.5051,1362235000,801167000,195485000,204971000,561068000,9486000,1027773000,1157264000,25.31,None,260.57,167.16
2025-12-28,GRMN,8.12,6943125000.0,25.31,None,1.014,44.07,195028000,None,334352000,334352000,-636509000,None,None,None,244506000,None,None,None,1081000,218399298,None,492703000,492703000,76516000,None,None,170997000,None,None,43596000,177572000,3.6,0.0176,558769000,558769000,None,0.005,0.01,338170000,381766000,1.98,2023-12-31,23.81,13701000,4077968000.0,535070000,372600000,61381000,35866000,35866000,None,49322000,None,199841000,None,None,None,None,None,1289636000,None,None,None,0.258,1376265000,196900000,338170000,63927000,55815000,None,None,None,None,None,None,None,2.841,4.651,5.7,None,None,None,None,None,-98988000,None,0.226,None,179173000,2025-10-29,annual,1.99,USD,pre-market,74879000,1072454000,0.112,0.197,0.117,36.09,122000000,None,None,32050000,215.75,210.97,0.5051,1362235000,801167000,195485000,204971000,561068000,9486000,1027773000,1157264000,25.31,None,260.57,167.16
2025-12-28,GRMN,8.12,6943125000.0,25.31,None,1.014,44.07,246193000,None,334352000,334352000,-840617000,-145124000,-197482000,None,-363327000,None,None,167336000,1081000,218399298,None,492703000,492703000,76516000,None,None,170997000,None,None,43596000,163853000,3.6,0.0176,679096000,679096000,None,0.005,0.01,338170000,381766000,1.98,2022-12-31,23.81,13701000,4077968000.0,535070000,372600000,61381000,35866000,35866000,None,49322000,None,199841000,None,None,None,None,None,973585000,None,None,None,0.258,788259000,196900000,338170000,63927000,55815000,None,None,None,None,None,None,None,2.841,4.651,5.7,None,None,None,None,None,-201012000,None,0.226,None,179173000,2025-10-29,annual,1.99,USD,pre-market,74879000,1072454000,0.112,0.197,0.117,36.09,122000000,None,None,32050000,215.75,210.97,0.5051,1362235000,801167000,195485000,204971000,561068000,9486000,1027773000,1157264000,25.31,None,260.57,167.16
2025-12-28,GRMN,8.12,6943125000.0,25.31,None,1.014,44.07,309587000,None,334352000,334352000,-486709000,-475369000,40095000,-10254000,-476454000,None,None,-19106000,1081000,218399298,None,492703000,492703000,76516000,None,None,170997000,None,None,43596000,154818000,3.6,0.0176,491457000,491457000,None,0.005,0.01,338170000,381766000,1.98,2021-12-31,23.81,13701000,4077968000.0,535070000,372600000,61381000,35866000,35866000,None,49322000,None,199841000,None,None,None,None,None,1082200000,None,None,None,0.258,1012427000,196900000,338170000,63927000,55815000,None,None,None,None,None,None,None,2.841,4.651,5.7,None,None,None,None,None,-30985000,None,0.226,None,179173000,2025-10-29,annual,1.99,USD,pre-market,74879000,1072454000,0.112,0.197,0.117,36.09,122000000,None,None,32050000,215.75,210.97,0.5051,1362235000,801167000,195485000,204971000,561068000,9486000,1027773000,1157264000,25.31,None,260.57,167.16
2025-12-28,GRMN,8.12,6943125000.0,25.31,None,1.014,44.07,187466000,None,334352000,334352000,-461760000,-260524000,431110000,18127000,28726000,None,None,-108859000,1081000,218399298,None,492703000,492703000,76516000,None,None,170997000,None,None,43596000,126715000,3.6,0.0176,450631000,450631000,None,0.005,0.01,338170000,381766000,1.98,2020-12-31,23.81,13701000,4077968000.0,535070000,372600000,61381000,35866000,35866000,None,49322000,None,199841000,None,None,None,None,None,992324000,None,None,None,0.258,1135267000,196900000,338170000,63927000,55815000,None,None,None,None,None,None,None,2.841,4.651,5.7,None,None,None,None,None,-26330000,None,0.226,None,179173000,2025-10-29,annual,1.99,USD,pre-market,74879000,1072454000,0.112,0.197,0.117,36.09,122000000,None,None,32050000,215.75,210.97,0.5051,1362235000,801167000,195485000,204971000,561068000,9486000,1027773000,1157264000,25.31,None,260.57,167.16
2025-12-28,GRMN,8.12,6943125000.0,25.31,None,1.014,44.07,120408000,None,334352000,334352000,-416028000,-450746000,-174167000,-5942000,-170169000,None,None,-123401000,1081000,218399298,None,492703000,492703000,76516000,None,None,170997000,None,None,43596000,106175000,3.6,0.0176,417264000,417264000,None,0.005,0.01,338170000,381766000,1.98,2019-12-31,23.81,13701000,4077968000.0,535070000,372600000,61381000,35866000,35866000,None,49322000,None,199841000,None,None,None,None,None,952486000,None,None,None,0.258,698549000,196900000,338170000,63927000,55815000,None,None,None,None,None,None,None,2.841,4.651,5.7,None,None,None,None,None,-25886000,None,0.226,None,179173000,2025-10-29,annual,1.99,USD,pre-market,74879000,1072454000,0.112,0.197,0.117,36.09,122000000,None,None,32050000,215.75,210.97,0.5051,1362235000,801167000,195485000,204971000,561068000,9486000,1027773000,1157264000,25.31,None,260.57,167.16
2025-12-28,GRMN,8.12,6943125000.0,25.31,None,1.014,44.07,160355000,None,334352000,334352000,-286161000,-307503000,310046000,-15810000,-82316000,None,None,5167000,1081000,218399298,None,492703000,492703000,76516000,None,None,170997000,None,None,43596000,96194000,3.6,0.0176,296148000,296148000,None,0.005,0.01,338170000,381766000,1.98,2018-12-31,23.81,13701000,4077968000.0,535070000,372600000,61381000,35866000,35866000,None,49322000,None,199841000,None,None,None,None,None,694080000,None,None,None,0.258,919520000,196900000,338170000,63927000,55815000,None,None,None,None,None,None,None,2.841,4.651,5.7,None,None,None,None,None,-16655000,None,0.226,None,179173000,2025-10-29,annual,1.99,USD,pre-market,74879000,1072454000,0.112,0.197,0.117,36.09,122000000,None,None,32050000,215.75,210.97,0.5051,1362235000,801167000,195485000,204971000,561068000,9486000,1027773000,1157264000,25.31,None,260.57,167.16
2025-12-28,GRMN,8.12,6943125000.0,25.31,None,1.014,44.07,151928000,None,334352000,334352000,-448412000,-194536000,44605000,26711000,-38575000,None,None,-40088000,1081000,218399298,None,492703000,492703000,76516000,None,None,170997000,None,None,43596000,86252000,3.6,0.0176,382976000,382976000,None,0.005,0.01,338170000,381766000,1.98,2017-12-31,23.81,13701000,4077968000.0,535070000,372600000,61381000,35866000,35866000,None,49322000,None,199841000,None,None,None,None,None,694955000,None,None,None,0.258,660842000,196900000,338170000,63927000,55815000,None,None,None,None,None,None,None,2.841,4.651,5.7,None,None,None,None,None,-87296000,None,0.226,None,179173000,2025-10-29,annual,1.99,USD,pre-market,74879000,1072454000,0.112,0.197,0.117,36.09,122000000,None,None,32050000,215.75,210.97,0.5051,1362235000,801167000,195485000,204971000,561068000,9486000,1027773000,1157264000,25.31,None,260.57,167.16
2025-12-28,GRMN,8.12,6943125000.0,25.31,None,1.014,44.07,96675000,None,334352000,334352000,-561676000,-121537000,13813000,-8656000,-2455000,None,None,9000000,1081000,218399298,None,492703000,492703000,76516000,None,None,170997000,None,None,43596000,86340000,3.6,0.0176,481452000,481452000,None,0.005,0.01,338170000,381766000,1.98,2016-12-31,23.81,13701000,4077968000.0,535070000,372600000,61381000,35866000,35866000,None,49322000,None,199841000,None,None,None,None,None,510814000,None,None,None,0.258,705682000,196900000,338170000,63927000,55815000,None,None,None,None,None,None,None,2.841,4.651,5.7,None,None,None,None,None,-100564000,None,0.226,None,179173000,2025-10-29,annual,1.99,USD,pre-market,74879000,1072454000,0.112,0.197,0.117,36.09,122000000,None,None,32050000,215.75,210.97,0.5051,1362235000,801167000,195485000,204971000,561068000,9486000,1027773000,1157264000,25.31,None,260.57,167.16
2025-12-28,GRMN,8.12,6943125000.0,25.31,None,1.014,44.07,84481000,None,334352000,334352000,-500092000,-111979000,-363198000,-31594000,-121718000,None,None,22473000,1081000,218399298,None,492703000,492703000,76516000,None,None,170997000,None,None,43596000,78360000,3.6,0.0176,378117000,378117000,None,0.005,0.01,338170000,381766000,1.98,2015-12-31,23.81,13701000,4077968000.0,535070000,372600000,61381000,35866000,35866000,None,49322000,None,199841000,None,None,None,None,None,456227000,None,None,None,0.258,280467000,196900000,338170000,63927000,55815000,None,None,None,None,None,None,None,2.841,4.651,5.7,None,None,None,None,None,-136999000,None,0.226,None,179173000,2025-10-29,annual,1.99,USD,pre-market,74879000,1072454000,0.112,0.197,0.117,36.09,122000000,None,None,32050000,215.75,210.97,0.5051,1362235000,801167000,195485000,204971000,561068000,9486000,1027773000,1157264000,25.31,None,260.57,167.16
2025-12-28,GRMN,8.12,6943125000.0,25.31,None,1.014,44.07,78059000,None,334352000,334352000,-599622000,131332000,17119000,-37302000,-76491000,None,None,-27398000,1081000,218399298,None,492703000,492703000,76516000,None,None,170997000,None,None,43596000,77015000,3.6,0.0176,360075000,360075000,None,0.005,0.01,338170000,381766000,1.98,2014-12-31,23.81,13701000,4077968000.0,535070000,372600000,61381000,35866000,35866000,None,49322000,None,199841000,None,None,None,None,None,364211000,None,None,None,0.258,522711000,196900000,338170000,63927000,55815000,None,None,None,None,None,None,None,2.841,4.651,5.7,None,None,None,None,None,-260216000,None,0.226,None,179173000,2025-10-29,annual,1.99,USD,pre-market,74879000,1072454000,0.112,0.197,0.117,36.09,122000000,None,None,32050000,215.75,210.97,0.5051,1362235000,801167000,195485000,204971000,561068000,9486000,1027773000,1157264000,25.31,None,260.57,167.16
2025-12-28,GRMN,8.12,6943125000.0,25.31,None,1.014,44.07,57205000,None,334352000,334352000,-406838000,-274442000,-52031000,-835000,-17593000,None,None,38589000,1081000,218399298,None,492703000,492703000,76516000,None,None,170997000,None,None,43596000,78804000,3.6,0.0176,351707000,351707000,None,0.005,0.01,338170000,381766000,1.98,2013-12-31,23.81,13701000,4077968000.0,535070000,372600000,61381000,35866000,35866000,None,49322000,None,199841000,None,None,None,None,None,612412000,None,None,None,0.258,630084000,196900000,338170000,63927000,55815000,None,None,None,None,None,None,None,2.841,4.651,5.7,None,None,None,None,None,-58422000,None,0.226,None,179173000,2025-10-29,annual,1.99,USD,pre-market,74879000,1072454000,0.112,0.197,0.117,36.09,122000000,None,None,32050000,215.75,210.97,0.5051,1362235000,801167000,195485000,204971000,561068000,9486000,1027773000,1157264000,25.31,None,260.57,167.16
2025-12-28,GRMN,8.12,6943125000.0,25.31,None,1.014,44.07,45228000,None,334352000,334352000,-249849000,-496228000,-55980000,5352000,3997000,None,None,9077000,1081000,218399298,None,492703000,492703000,76516000,None,None,170997000,None,None,43596000,90467000,3.6,0.0176,253386000,253386000,None,0.005,0.01,338170000,381766000,1.98,2012-12-31,23.81,13701000,4077968000.0,535070000,372600000,61381000,35866000,35866000,None,49322000,None,199841000,None,None,None,None,None,542403000,None,None,None,0.258,684745000,196900000,338170000,63927000,55815000,None,None,None,None,None,None,None,2.841,4.651,5.7,None,None,None,None,None,-18745000,None,0.226,None,179173000,2025-10-29,annual,1.99,USD,pre-market,74879000,1072454000,0.112,0.197,0.117,36.09,122000000,None,None,32050000,215.75,210.97,0.5051,1362235000,801167000,195485000,204971000,561068000,9486000,1027773000,1157264000,25.31,None,260.57,167.16
2025-12-28,GRMN,8.12,6943125000.0,25.31,None,1.014,44.07,41172000,None,334352000,334352000,-307413000,-488198000,26224000,-499000,-6385000,None,None,169543000,1081000,218399298,None,492703000,492703000,76516000,None,None,170997000,None,None,43596000,94535000,3.6,0.0176,310763000,310763000,None,0.005,0.01,338170000,381766000,1.98,2011-12-31,23.81,13701000,4077968000.0,535070000,372600000,61381000,35866000,35866000,None,49322000,None,199841000,None,None,None,None,None,520896000,None,None,None,0.258,822334000,196900000,338170000,63927000,55815000,None,None,None,None,None,None,None,2.841,4.651,5.7,None,None,None,None,None,-22300000,None,0.226,None,179173000,2025-10-29,annual,1.99,USD,pre-market,74879000,1072454000,0.112,0.197,0.117,36.09,122000000,None,None,32050000,215.75,210.97,0.5051,1362235000,801167000,195485000,204971000,561068000,9486000,1027773000,1157264000,25.31,None,260.57,167.16
2025-12-28,GRMN,8.12,6943125000.0,25.31,None,1.014,44.07,35976000,None,334352000,334352000,-510821000,-72869000,169355000,-17592000,-77122000,None,None,129698000,1081000,218399298,None,492703000,492703000,76516000,None,None,170997000,None,None,43596000,94651000,3.6,0.0176,298853000,298853000,None,0.005,0.01,338170000,381766000,1.98,2010-12-31,23.81,13701000,4077968000.0,535070000,372600000,61381000,35866000,35866000,None,49322000,None,199841000,None,None,None,None,None,584603000,None,None,None,0.258,770637000,196900000,338170000,63927000,55815000,None,None,None,None,None,None,None,2.841,4.651,5.7,None,None,None,None,None,-225928000,None,0.226,None,179173000,2025-10-29,annual,1.99,USD,pre-market,74879000,1072454000,0.112,0.197,0.117,36.09,122000000,None,None,32050000,215.75,210.97,0.5051,1362235000,801167000,195485000,204971000,561068000,9486000,1027773000,1157264000,25.31,None,260.57,167.16
2025-12-28,GRMN,8.12,6943125000.0,25.31,None,1.014,44.07,56772000,None,334352000,334352000,-161243000,-547869000,395246000,9902000,61189000,None,None,-131978000,1081000,218399298,None,492703000,492703000,76516000,None,None,170997000,None,None,43596000,96486000,3.6,0.0176,149846000,149846000,None,0.005,0.01,338170000,381766000,1.98,2009-12-31,23.81,13701000,4077968000.0,535070000,372600000,61381000,35866000,35866000,None,49322000,None,199841000,None,None,None,None,None,703950000,None,None,None,0.258,1094456000,196900000,338170000,63927000,55815000,None,None,None,None,None,None,None,2.841,4.651,5.7,None,None,None,None,None,-20258000,None,0.226,None,179173000,2025-10-29,annual,1.99,USD,pre-market,74879000,1072454000,0.112,0.197,0.117,36.09,122000000,None,None,32050000,215.75,210.97,0.5051,1362235000,801167000,195485000,204971000,561068000,9486000,1027773000,1157264000,25.31,None,260.57,167.16
2025-12-28,GRMN,8.12,6943125000.0,25.31,None,1.014,44.07,126594000,None,334352000,334352000,-808051000,-56349000,None,None,83035000,None,None,None,1081000,218399298,None,492703000,492703000,76516000,None,None,170997000,None,None,43596000,78417000,3.6,0.0176,150251000,150251000,None,0.005,0.01,338170000,381766000,1.98,2008-12-31,23.81,13701000,4077968000.0,535070000,372600000,61381000,35866000,35866000,None,49322000,None,199841000,None,None,None,None,None,732848000,None,None,None,0.258,862164000,196900000,338170000,63927000,55815000,None,None,None,None,None,None,None,2.841,4.651,5.7,None,None,None,None,None,-671847000,None,0.226,None,179173000,2025-10-29,annual,1.99,USD,pre-market,74879000,1072454000,0.112,0.197,0.117,36.09,122000000,None,None,32050000,215.75,210.97,0.5051,1362235000,801167000,195485000,204971000,561068000,9486000,1027773000,1157264000,25.31,None,260.57,167.16
2025-12-28,GRMN,8.12,6943125000.0,25.31,None,1.014,44.07,159696000,None,334352000,334352000,-136116000,-175696000,None,None,-224180000,None,None,None,1081000,218399298,None,492703000,492703000,76516000,None,None,170997000,None,None,43596000,64037000,3.6,0.0176,162530000,162530000,None,0.005,0.01,338170000,381766000,1.98,2007-12-31,23.81,13701000,4077968000.0,535070000,372600000,61381000,35866000,35866000,None,49322000,None,199841000,None,None,None,None,None,855011000,None,None,None,0.258,682088000,196900000,338170000,63927000,55815000,None,None,None,None,None,None,None,2.841,4.651,5.7,None,None,None,None,None,-7780000,None,0.226,None,179173000,2025-10-29,annual,1.99,USD,pre-market,74879000,1072454000,0.112,0.197,0.117,36.09,122000000,None,None,32050000,215.75,210.97,0.5051,1362235000,801167000,195485000,204971000,561068000,9486000,1027773000,1157264000,25.31,None,260.57,167.16
2025-12-28,GRMN,8.12,6943125000.0,25.31,None,1.014,44.07,96021000,None,334352000,334352000,-132650000,-226385000,None,None,-92708000,None,None,None,1081000,218399298,None,492703000,492703000,76516000,None,None,170997000,None,None,43596000,44475000,3.6,0.0176,107923000,107923000,None,0.005,0.01,338170000,381766000,1.98,2006-12-31,23.81,13701000,4077968000.0,535070000,372600000,61381000,35866000,35866000,None,49322000,None,199841000,None,None,None,None,None,514123000,None,None,None,0.258,361855000,196900000,338170000,63927000,55815000,None,None,None,None,None,None,None,2.841,4.651,5.7,None,None,None,None,None,-50450000,None,0.226,None,179173000,2025-10-29,annual,1.99,USD,pre-market,74879000,1072454000,0.112,0.197,0.117,36.09,122000000,None,None,32050000,215.75,210.97,0.5051,1362235000,801167000,195485000,204971000,561068000,9486000,1027773000,1157264000,25.31,None,260.57,167.16
2025-12-28,GRMN,8.12,6943125000.0,25.31,None,1.014,44.07,27130000,None,334352000,334352000,-70937000,-91181000,None,None,-61262000,None,None,None,1081000,218399298,None,492703000,492703000,76516000,None,None,170997000,None,None,43596000,43596000,3.6,0.0176,53974000,53974000,None,0.005,0.01,338170000,381766000,1.98,2005-12-31,23.81,13701000,4077968000.0,535070000,372600000,61381000,35866000,35866000,None,49322000,None,199841000,None,None,None,None,None,311219000,None,None,None,0.258,247005000,196900000,338170000,63927000,55815000,None,None,None,None,None,None,None,2.841,4.651,5.7,None,None,None,None,None,-26653000,None,0.226,None,179173000,2025-10-29,annual,1.99,USD,pre-market,74879000,1072454000,0.112,0.197,0.117,36.09,122000000,None,None,32050000,215.75,210.97,0.5051,1362235000,801167000,195485000,204971000,561068000,9486000,1027773000,1157264000,25.31,None,260.57,167.16
