date,symbol,eps,revenue_ttm,pe_ratio,accumulateddepreciationamortizationppe,beta,book_value,capitalexpenditures,capitalleaseobligations,cashandcashequivalentsatcarryingvalue,cashandshortterminvestments,cashflowfromfinancing,cashflowfrominvestment,changeincashandcashequivalents,changeinexchangerate,changeininventory,changeinoperatingassets,changeinoperatingliabilities,changeinreceivables,commonstock,commonstocksharesoutstanding,comprehensiveincomenetoftax,costofgoodsandservicessold,costofrevenue,currentaccountspayable,currentdebt,currentlongtermdebt,currentnetreceivables,deferredrevenue,depreciation,depreciationandamortization,depreciationdepletionandamortization,dividend_per_share,dividend_yield,dividendpayout,dividendpayoutcommonstock,dividendpayoutpreferredstock,earnings_growth_yoy,earnings_surprise,ebit,ebitda,estimated_eps,fiscaldateending,forward_pe,goodwill,gross_profit_ttm,grossprofit,incomebeforetax,incometaxexpense,intangibleassets,intangibleassetsexcludinggoodwill,interestanddebtexpense,interestexpense,interestincome,inventory,investmentincomenet,investments,longtermdebt,longtermdebtnoncurrent,longterminvestments,netincome,netincomefromcontinuingoperations,netinterestincome,noninterestincome,operating_margin_ttm,operatingcashflow,operatingexpenses,operatingincome,othercurrentassets,othercurrentliabilities,othernoncurrentassets,othernoncurrentliabilities,othernonoperatingincome,paymentsforoperatingactivities,paymentsforrepurchaseofcommonstock,paymentsforrepurchaseofequity,paymentsforrepurchaseofpreferredstock,peg_ratio,price_to_book,price_to_sales_ttm,proceedsfromissuanceofcommonstock,proceedsfromissuanceoflongtermdebtandcapitalsecuritiesnet,proceedsfromissuanceofpreferredstock,proceedsfromoperatingactivities,proceedsfromrepaymentsofshorttermdebt,proceedsfromrepurchaseofequity,proceedsfromsaleoftreasurystock,profit_margin,profitloss,propertyplantequipment,report_date,report_type,reported_eps,reportedcurrency,reporttime,researchanddevelopment,retainedearnings,return_on_assets_ttm,return_on_equity_ttm,revenue_growth_yoy,revenue_per_share_ttm,sellinggeneralandadministrative,shortlongtermdebttotal,shorttermdebt,shortterminvestments,sma_200,sma_50,surprise_pct,totalassets,totalcurrentassets,totalcurrentliabilities,totalliabilities,totalnoncurrentassets,totalnoncurrentliabilities,totalrevenue,totalshareholderequity,trailing_pe,treasurystock,week_52_high,week_52_low
1996-06-30,GSK,,,,,,,,,,,,,,,,,,,,,,,,,,,,,,,,,,,,,,0.06,,,1.05,,,,,,,,,,,,,,,,,,,,,,,,,,,,,,,,,,,,,,,,,,,,,,,,,1996-08-05,,1.11,,pre-market,,,,,,,,,,,,,5.7143,,,,,,,,,,,,
1996-12-31,GSK,,,,,,,,,,,,,,,,,,,,,,,,,,,,,,,,,,,,,,-0.07,,,1.13,,,,,,,,,,,,,,,,,,,,,,,,,,,,,,,,,,,,,,,,,,,,,,,,,1997-03-07,,1.06,,pre-market,,,,,,,,,,,,,-6.1947,,,,,,,,,,,,
1997-06-30,GSK,,,,,,,,,,,,,,,,,,,,,,,,,,,,,,,,,,,,,,0.01,,,1.19,,,,,,,,,,,,,,,,,,,,,,,,,,,,,,,,,,,,,,,,,,,,,,,,,1997-08-04,,1.2,,pre-market,,,,,,,,,,,,,0.8403,,,,,,,,,,,,
1998-06-30,GSK,,,,,,,,,,,,,,,,,,,,,,,,,,,,,,,,,,,,,,-0.03,,,0.99,,,,,,,,,,,,,,,,,,,,,,,,,,,,,,,,,,,,,,,,,,,,,,,,,1998-08-12,,0.96,,pre-market,,,,,,,,,,,,,-3.0303,,,,,,,,,,,,
1998-12-31,GSK,,,,,,,,,,,,,,,,,,,,,,,,,,,,,,,,,,,,,,0.1,,,1.06,,,,,,,,,,,,,,,,,,,,,,,,,,,,,,,,,,,,,,,,,,,,,,,,,1999-02-18,,1.16,,pre-market,,,,,,,,,,,,,9.434,,,,,,,,,,,,
1999-06-30,GSK,,,,,,,,,,,,,,,,,,,,,,,,,,,,,,,,,,,,,,-0.01,,,1.05,,,,,,,,,,,,,,,,,,,,,,,,,,,,,,,,,,,,,,,,,,,,,,,,,1999-08-02,,1.04,,pre-market,,,,,,,,,,,,,-0.9524,,,,,,,,,,,,
1999-12-31,GSK,,,,,,,,,,,,,,,,,,,,,,,,,,,,,,,,,,,,,,-0.04,,,1.15,,,,,,,,,,,,,,,,,,,,,,,,,,,,,,,,,,,,,,,,,,,,,,,,,2000-02-16,,1.11,,pre-market,,,,,,,,,,,,,-3.4783,,,,,,,,,,,,
2000-03-31,GSK,,,,,,,,,,,,,,,,,,,,,,,,,,,,,,,,,,,,,,-0.37,,,0.89,,,,,,,,,,,,,,,,,,,,,,,,,,,,,,,,,,,,,,,,,,,,,,,,,2000-06-30,,0.52,,pre-market,,,,,,,,,,,,,-41.573,,,,,,,,,,,,
2000-06-30,GSK,,,,,,,,,,,,,,,,,,,,,,,,,,,,,,,,,,,,,,-0.47,,,1.12,,,,,,,,,,,,,,,,,,,,,,,,,,,,,,,,,,,,,,,,,,,,,,,,,2000-07-01,,0.65,,pre-market,,,,,,,,,,,,,-41.9643,,,,,,,,,,,,
2001-03-31,GSK,,,,,,,,,,,,,,,,,,,,,,,,,,,,,,,,,,,,,,0.03,,,0.56,,,,,,,,,,,,,,,,,,,,,,,,,,,,,,,,,,,,,,,,,,,,,,,,,2001-05-18,,0.59,,pre-market,,,,,,,,,,,,,5.3571,,,,,,,,,,,,
2001-06-30,GSK,,,,,,,,,,,,,,,,,,,,,,,,,,,,,,,,,,,,,,0.0,,,0.71,,,,,,,,,,,,,,,,,,,,,,,,,,,,,,,,,,,,,,,,,,,,,,,,,2001-07-24,,0.71,,pre-market,,,,,,,,,,,,,0.0,,,,,,,,,,,,
2001-09-30,GSK,,,,,,,,,,,,,,,,,,,,,,,,,,,,,,,,,,,,,,0.01,,,0.56,,,,,,,,,,,,,,,,,,,,,,,,,,,,,,,,,,,,,,,,,,,,,,,,,2001-10-23,,0.57,,pre-market,,,,,,,,,,,,,1.7857,,,,,,,,,,,,
2001-12-31,GSK,,,,,,,,,,,,,,,,,,,,,,,,,,,,,,,,,,,,,,0.01,,,0.73,,,,,,,,,,,,,,,,,,,,,,,,,,,,,,,,,,,,,,,,,,,,,,,,,2002-02-14,,0.74,,pre-market,,,,,,,,,,,,,1.3699,,,,,,,,,,,,
2002-03-31,GSK,,,,,,,,,,,,,,,,,,,,,,,,,,,,,,,,,,,,,,0.01,,,0.67,,,,,,,,,,,,,,,,,,,,,,,,,,,,,,,,,,,,,,,,,,,,,,,,,2002-04-25,,0.68,,pre-market,,,,,,,,,,,,,1.4925,,,,,,,,,,,,
2002-06-30,GSK,,,,,,,,,,,,,,,,,,,,,,,,,,,,,,,,,,,,,,-0.01,,,0.82,,,,,,,,,,,,,,,,,,,,,,,,,,,,,,,,,,,,,,,,,,,,,,,,,2002-07-25,,0.81,,pre-market,,,,,,,,,,,,,-1.2195,,,,,,,,,,,,
2002-09-30,GSK,,,,,,,,,,,,,,,,,,,,,,,,,,,,,,,,,,,,,,0.0,,,0.64,,,,,,,,,,,,,,,,,,,,,,,,,,,,,,,,,,,,,,,,,,,,,,,,,2002-10-23,,0.64,,pre-market,,,,,,,,,,,,,0.0,,,,,,,,,,,,
2002-12-31,GSK,,,,,,,,,,,,,,,,,,,,,,,,,,,,,,,,,,,,,,-0.01,,,0.82,,,,,,,,,,,,,,,,,,,,,,,,,,,,,,,,,,,,,,,,,,,,,,,,,2003-02-12,,0.81,,pre-market,,,,,,,,,,,,,-1.2195,,,,,,,,,,,,
2003-03-31,GSK,,,,,,,,,,,,,,,,,,,,,,,,,,,,,,,,,,,,,,0.12,,,0.74,,,,,,,,,,,,,,,,,,,,,,,,,,,,,,,,,,,,,,,,,,,,,,,,,2003-04-30,,0.86,,pre-market,,,,,,,,,,,,,16.2162,,,,,,,,,,,,
2003-06-30,GSK,,,,,,,,,,,,,,,,,,,,,,,,,,,,,,,,,,,,,,0.12,,,0.86,,,,,,,,,,,,,,,,,,,,,,,,,,,,,,,,,,,,,,,,,,,,,,,,,2003-07-23,,0.98,,pre-market,,,,,,,,,,,,,13.9535,,,,,,,,,,,,
2003-09-30,GSK,,,,,,,,,,,,,,,,,,,,,,,,,,,,,,,,,,,,,,0.06,,,0.77,,,,,,,,,,,,,,,,,,,,,,,,,,,,,,,,,,,,,,,,,,,,,,,,,2003-10-22,,0.83,,pre-market,,,,,,,,,,,,,7.7922,,,,,,,,,,,,
2003-12-31,GSK,,,,,,,,,,,,,,,,,,,,,,,,,,,,,,,,,,,,,,-0.13,,,0.81,,,,,,,,,,,,,,,,,,,,,,,,,,,,,,,,,,,,,,,,,,,,,,,,,2004-02-06,,0.68,,pre-market,,,,,,,,,,,,,-16.0494,,,,,,,,,,,,
2004-03-31,GSK,,,,,,,,,,,,,,,,,,,,,,,,,,,,,,,,,,,,,,0.03,,,0.86,,,,,,,,,,,,,,,,,,,,,,,,,,,,,,,,,,,,,,,,,,,,,,,,,2004-04-29,,0.89,,pre-market,,,,,,,,,,,,,3.4884,,,,,,,,,,,,
2004-06-30,GSK,,,,,,,,,,,,,,,,,,,,,,,,,,,,,,,,,,,,,,-0.03,,,0.94,,,,,,,,,,,,,,,,,,,,,,,,,,,,,,,,,,,,,,,,,,,,,,,,,2004-07-27,,0.91,,pre-market,,,,,,,,,,,,,-3.1915,,,,,,,,,,,,
2004-09-30,GSK,,,,,,,,,,,,,,,,,,,,,,,,,,,,,,,,,,,,,,0.1,,,0.89,,,,,,,,,,,,,,,,,,,,,,,,,,,,,,,,,,,,,,,,,,,,,,,,,2004-10-28,,0.99,,pre-market,,,,,,,,,,,,,11.236,,,,,,,,,,,,
2004-12-31,GSK,,,,,,,,,,,,,,,,,,,,,,,,,,,,,,,,,,,,,,-0.03,,,0.84,,,,,,,,,,,,,,,,,,,,,,,,,,,,,,,,,,,,,,,,,,,,,,,,,2005-02-10,,0.81,,pre-market,,,,,,,,,,,,,-3.5714,,,,,,,,,,,,
2005-03-31,GSK,,,,,,,,,,,,,,,,,,,,,,,,,,,,,,,,,,,,,,-0.04,,,1.04,,,,,,,,,,,,,,,,,,,,,,,,,,,,,,,,,,,,,,,,,,,,,,,,,2005-04-28,,1.0,,pre-market,,,,,,,,,,,,,-3.8462,,,,,,,,,,,,
2005-06-30,GSK,,,,,,,,,,,,,,,,,,,,,,,,,,,,,,,,,,,,,,0.0,,,1.04,,,,,,,,,,,,,,,,,,,,,,,,,,,,,,,,,,,,,,,,,,,,,,,,,2005-07-28,,0.9383,,pre-market,,,,,,,,,,,,,-3.8462,,,,,,,,,,,,
2005-09-30,GSK,,,,,,,,,,,,,,,,,,,,,,,,,,,,,,,,,,,,,,-0.01,,,0.96,,,,,,,,,,,,,,,,,,,,,,,,,,,,,,,,,,,,,,,,,,,,,,,,,2005-10-27,,0.95,,pre-market,,,,,,,,,,,,,-1.0417,,,,,,,,,,,,
2005-12-31,GSK,,,,,,,,,,,,,,,,,,,,,,,,,,,,,,,,,,,,,,0.05,,,0.81,,,,,,,,,,,,,,,,,,,,,,,,,,,,,,,,,,,,,,,,,,,,,,,,,2006-02-08,,0.86,,pre-market,,,,,,,,,,,,,6.1728,,,,,,,,,,,,
2006-03-31,GSK,,,,,,,,,,,,,,,,,,,,,,,,,,,,,,,,,,,,,,0.0,,,0.81,,,,,,,,,,,,,,,,,,,,,,,,,,,,,,,,,,,,,,,,,,,,,,,,,2006-04-27,,1.1506,,pre-market,,,,,,,,,,,,,6.1728,,,,,,,,,,,,
2006-06-30,GSK,,,,,,,,,,,,,,,,,,,,,,,,,,,,,,,,,,,,,,0.0,,,0.81,,,,,,,,,,,,,,,,,,,,,,,,,,,,,,,,,,,,,,,,,,,,,,,,,2006-07-26,,1.0494,,pre-market,,,,,,,,,,,,,6.1728,,,,,,,,,,,,
2006-09-30,GSK,,,,,,,,,,,,,,,,,,,,,,,,,,,,,,,,,,,,,,0.0,,,0.81,,,,,,,,,,,,,,,,,,,,,,,,,,,,,,,,,,,,,,,,,,,,,,,,,2006-10-26,,1.1417,,pre-market,,,,,,,,,,,,,6.1728,,,,,,,,,,,,
2006-12-31,GSK,,,,,,,,,,,,,,,,,,,,,,,,,,,,,,,,,,,,,,-0.05,,,1.05,,,,,,,,,,,,,,,,,,,,,,,,,,,,,,,,,,,,,,,,,,,,,,,,,2007-02-08,,1.0,,pre-market,,,,,,,,,,,,,-4.7619,,,,,,,,,,,,
2007-03-31,GSK,,,,,,,,,,,,,,,,,,,,,,,,,,,,,,,,,,,,,,0.02,,,1.31,,,,,,,,,,,,,,,,,,,,,,,,,,,,,,,,,,,,,,,,,,,,,,,,,2007-04-25,,1.33,,pre-market,,,,,,,,,,,,,1.5267,,,,,,,,,,,,
2007-06-30,GSK,,,,,,,,,,,,,,,,,,,,,,,,,,,,,,,,,,,,,,0.0,,,1.18,,,,,,,,,,,,,,,,,,,,,,,,,,,,,,,,,,,,,,,,,,,,,,,,,2007-07-25,,1.18,,pre-market,,,,,,,,,,,,,0.0,,,,,,,,,,,,
2007-09-30,GSK,,,,,,,,,,,,,,,,,,,,,,,,,,,,,,,,,,,,,,0.0,,,1.19,,,,,,,,,,,,,,,,,,,,,,,,,,,,,,,,,,,,,,,,,,,,,,,,,2007-10-24,,1.19,,pre-market,,,,,,,,,,,,,0.0,,,,,,,,,,,,
2007-12-31,GSK,,,,,,,,,,,,,,,,,,,,,,,,,,,,,,,,,,,,,,0.2,,,1.05,,,,,,,,,,,,,,,,,,,,,,,,,,,,,,,,,,,,,,,,,,,,,,,,,2008-02-07,,1.25,,pre-market,,,,,,,,,,,,,19.0476,,,,,,,,,,,,
2008-03-31,GSK,,,,,,,,,,,,,,,,,,,,,,,,,,,,,,,,,,,,,,0.0,,,1.05,,,,,,,,,,,,,,,,,,,,,,,,,,,,,,,,,,,,,,,,,,,,,,,,,2008-04-23,,1.1981,,pre-market,,,,,,,,,,,,,19.0476,,,,,,,,,,,,
2008-06-30,GSK,,,,,,,,,,,,,,,,,,,,,,,,,,,,,,,,,,,,,,0.0,,,1.05,,,,,,,,,,,,,,,,,,,,,,,,,,,,,,,,,,,,,,,,,,,,,,,,,2008-07-23,,1.2019,,pre-market,,,,,,,,,,,,,19.0476,,,,,,,,,,,,
2008-09-30,GSK,,,,,,,,,,,,,,,,,,,,,,,,,,,,,,,,,,,,,,0.0,,,1.05,,,,,,,,,,,,,,,,,,,,,,,,,,,,,,,,,,,,,,,,,,,,,,,,,2008-10-22,,0.9445,,pre-market,,,,,,,,,,,,,19.0476,,,,,,,,,,,,
2008-12-31,GSK,,,,,,,,,,,,,,,,,,,,,,,,,,,,,,,,,,,,,,0.0,,,1.05,,,,,,,,,,,,,,,,,,,,,,,,,,,,,,,,,,,,,,,,,,,,,,,,,2009-02-05,,0.7518,,pre-market,,,,,,,,,,,,,19.0476,,,,,,,,,,,,
2009-03-31,GSK,,,,,,,,,,,,,,,,,,,,,,,,,,,,,,,,,,,,,,0.0,,,1.05,,,,,,,,,,,,,,,,,,,,,,,,,,,,,,,,,,,,,,,,,,,,,,,,,2009-04-22,,0.7955,,pre-market,,,,,,,,,,,,,19.0476,,,,,,,,,,,,
2009-06-30,GSK,,,,,,,,,,,,,,,,,,,,,,,,,,,,,,,,,,,,,,0.0,,,1.05,,,,,,,,,,,,,,,,,,,,,,,,,,,,,,,,,,,,,,,,,,,,,,,,,2009-07-22,,1.1102,,pre-market,,,,,,,,,,,,,19.0476,,,,,,,,,,,,
2009-09-30,GSK,,,,,,,,,,,,,,,,,,,,,,,,,,,,,,,,,,,,,,0.0,,,1.05,,,,,,,,,,,,,,,,,,,,,,,,,,,,,,,,,,,,,,,,,,,,,,,,,2009-10-28,,1.0717,,pre-market,,,,,,,,,,,,,19.0476,,,,,,,,,,,,
2009-12-31,GSK,,,,,,,,,,,,,,,,,,,,,,,,,,,,,,,,,,,,,,0.0,,,1.05,,,,,,,,,,,,,,,,,,,,,,,,,,,,,,,,,,,,,,,,,,,,,,,,,2010-02-04,,1.3009,,pre-market,,,,,,,,,,,,,19.0476,,,,,,,,,,,,
2010-03-31,GSK,,,,,,,,,,,,,,,,,,,,,,,,,,,,,,,,,,,,,,0.0,,,1.05,,,,,,,,,,,,,,,,,,,,,,,,,,,,,,,,,,,,,,,,,,,,,,,,,2010-04-28,,1.0116,,pre-market,,,,,,,,,,,,,19.0476,,,,,,,,,,,,
2010-06-30,GSK,,,,,,,,,,,,,,,,,,,,,,,,,,,,,,,,,,,,,,0.0,,,1.05,,,,,,,,,,,,,,,,,,,,,,,,,,,,,,,,,,,,,,,,,,,,,,,,,2010-07-21,,-0.2214,,pre-market,,,,,,,,,,,,,19.0476,,,,,,,,,,,,
2010-09-30,GSK,,,,,,,,,,,,,,,,,,,,,,,,,,,,,,,,,,,,,,0.0,,,1.05,,,,,,,,,,,,,,,,,,,,,,,,,,,,,,,,,,,,,,,,,,,,,,,,,2010-10-21,,0.9797,,pre-market,,,,,,,,,,,,,19.0476,,,,,,,,,,,,
2010-12-31,GSK,,,,,,,,,,,,,,,,,,,,,,,,,,,,,,,,,,,,,,0.0,,,1.05,,,,,,,,,,,,,,,,,,,,,,,,,,,,,,,,,,,,,,,,,,,,,,,,,2011-02-03,,-0.5309,,pre-market,,,,,,,,,,,,,19.0476,,,,,,,,,,,,
2011-03-31,GSK,,,,,,,,,,,,,,,,,,,,,,,,,,,,,,,,,,,,,,-0.05,,,1.24,,,,,,,,,,,,,,,,,,,,,,,,,,,,,,,,,,,,,,,,,,,,,,,,,2011-04-27,,1.19,,pre-market,,,,,,,,,,,,,-4.0323,,,,,,,,,,,,
2011-06-30,GSK,,,,,,,,,,,,,,,,,,,,,,,,,,,,,,,,,,,,,,-0.07,,,0.96,,,,,,,,,,,,,,,,,,,,,,,,,,,,,,,,,,,,,,,,,,,,,,,,,2011-07-26,,0.89,,pre-market,,,,,,,,,,,,,-7.2917,,,,,,,,,,,,
2011-09-30,GSK,,,,,,,,,,,,,,,,,,,,,,,,,,,,,,,,,,,,,,-0.03,,,1.16,,,,,,,,,,,,,,,,,,,,,,,,,,,,,,,,,,,,,,,,,,,,,,,,,2011-10-26,,1.13,,pre-market,,,,,,,,,,,,,-2.5862,,,,,,,,,,,,
2011-12-31,GSK,,,,,,,,,,,,,,,,,,,,,,,,,,,,,,,,,,,,,,0.15,,,0.83,,,,,,,,,,,,,,,,,,,,,,,,,,,,,,,,,,,,,,,,,,,,,,,,,2012-02-07,,0.98,,pre-market,,,,,,,,,,,,,18.0723,,,,,,,,,,,,
2012-03-31,GSK,,,,,,,,,,,,,,,,,,,,,,,,,,,,,,,,,,,,,,-0.08,,,1.14,,,,,,,,,,,,,,,,,,,,,,,,,,,,,,,,,,,,,,,,,,,,,,,,,2012-04-25,,1.06,,pre-market,,,,,,,,,,,,,-7.0175,,,,,,,,,,,,
2012-06-30,GSK,,,,,,,,,,,,,,,,,,,,,,,,,,,,,,,,,,,,,,-0.04,,,1.08,,,,,,,,,,,,,,,,,,,,,,,,,,,,,,,,,,,,,,,,,,,,,,,,,2012-07-25,,1.04,,pre-market,,,,,,,,,,,,,-3.7037,,,,,,,,,,,,
2012-09-30,GSK,,,,,,,,,,,,,,,,,,,,,,,,,,,,,,,,,,,,,,0.0,,,1.08,,,,,,,,,,,,,,,,,,,,,,,,,,,,,,,,,,,,,,,,,,,,,,,,,2012-10-31,,0.8911,,pre-market,,,,,,,,,,,,,-3.7037,,,,,,,,,,,,
2012-12-31,GSK,,,,,,,,,,,,,,,,,,,,,,,,,,,,,,,,,,,,,,0.4,,,0.9,,,,,,,,,,,,,,,,,,,,,,,,,,,,,,,,,,,,,,,,,,,,,,,,,2013-02-06,,1.3,,pre-market,,,,,,,,,,,,,44.4444,,,,,,,,,,,,
2013-03-31,GSK,,,,,,,,,,,,,,,,,,,,,,,,,,,,,,,,,,,,,,0.0,,,0.9,,,,,,,,,,,,,,,,,,,,,,,,,,,,,,,,,,,,,,,,,,,,,,,,,2013-04-24,,0.7687,,pre-market,,,,,,,,,,,,,44.4444,,,,,,,,,,,,
2013-06-30,GSK,,,,,,,,,,,,,,,,,,,,,,,,,,,,,,,,,,,,,,0.0,,,0.9,,,,,,,,,,,,,,,,,,,,,,,,,,,,,,,,,,,,,,,,,,,,,,,,,2013-07-24,,0.8155,,pre-market,,,,,,,,,,,,,44.4444,,,,,,,,,,,,
2013-09-30,GSK,,,,,,,,,,,,,,,,,,,,,,,,,,,,,,,,,,,,,,0.0,,,0.9,,,,,,,,,,,,,,,,,,,,,,,,,,,,,,,,,,,,,,,,,,,,,,,,,2013-10-23,,0.7626,,pre-market,,,,,,,,,,,,,44.4444,,,,,,,,,,,,
2013-12-31,GSK,,,,,,,,,,,,,,,,,,,,,,,,,,,,,,,,,,,,,,0.01,,,1.2,,,,,,,,,,,,,,,,,,,,,,,,,,,,,,,,,,,,,,,,,,,,,,,,,2014-02-05,,1.21,,pre-market,,,,,,,,,,,,,0.8333,,,,,,,,,,,,
2014-03-31,GSK,,,,,,,,,,,,,,,,,,,,,,,,,,,,,,,,,,,,,,0.0,,,1.2,,,,,,,,,,,,,,,,,,,,,,,,,,,,,,,,,,,,,,,,,,,,,,,,,2014-04-30,,0.5704,,pre-market,,,,,,,,,,,,,0.8333,,,,,,,,,,,,
2014-06-30,GSK,,,,,,,,,,,,,,,,,,,,,,,,,,,,,,,,,,,,,,0.0,,,1.2,,,,,,,,,,,,,,,,,,,,,,,,,,,,,,,,,,,,,,,,,,,,,,,,,2014-07-23,,0.5676,,pre-market,,,,,,,,,,,,,0.8333,,,,,,,,,,,,
2014-09-30,GSK,,,,,,,,,,,,,,,,,,,,,,,,,,,,,,,,,,,,,,0.66,,,0.5,,,,,,,,,,,,,,,,,,,,,,,,,,,,,,,,,,,,,,,,,,,,,,,,,2014-10-22,,1.16,,pre-market,,,,,,,,,,,,,132.0,,,,,,,,,,,,
2014-12-31,GSK,,,,,,,,,,,,,,,,,,,,,,,,,,,,,,,,,,,,,,0.0,,,0.5,,,,,,,,,,,,,,,,,,,,,,,,,,,,,,,,,,,,,,,,,,,,,,,,,2015-02-04,,0.673,,pre-market,,,,,,,,,,,,,132.0,,,,,,,,,,,,
2015-03-31,GSK,,,,,,,,,,,,,,,,,,,,,,,,,,,,,,,,,,,,,,0.0,,,0.5,,,,,,,,,,,,,,,,,,,,,,,,,,,,,,,,,,,,,,,,,,,,,,,,,2015-05-06,,5.0275,,post-market,,,,,,,,,,,,,132.0,,,,,,,,,,,,
2015-06-30,GSK,,,,,,,,,,,,,,,,,,,,,,,,,,,,,,,,,,,,,,0.0,,,0.5,,,,,,,,,,,,,,,,,,,,,,,,,,,,,,,,,,,,,,,,,,,,,,,,,2015-07-29,,0.0945,,pre-market,,,,,,,,,,,,,132.0,,,,,,,,,,,,
2015-09-30,GSK,,,,,,,,,,,,,,,,,,,,,,,,,,,,,,,,,,,,,,0.15,,,0.73,,,,,,,,,,,,,,,,,,,,,,,,,,,,,,,,,,,,,,,,,,,,,,,,,2015-10-28,,0.88,,pre-market,,,,,,,,,,,,,20.5479,,,,,,,,,,,,
2015-12-31,GSK,,,,,,,,,,,,,,,,,,,,,,,,,,,,,,,,,,,,,,0.08,,,0.61,,,,,,,,,,,,,,,,,,,,,,,,,,,,,,,,,,,,,,,,,,,,,,,,,2016-02-03,,0.69,,pre-market,,,,,,,,,,,,,13.1148,,,,,,,,,,,,
2016-03-31,GSK,,,,,,,,,,,,,,,,,,,,,,,,,,,,,,,,,,,,,,0.04,,,0.65,,,,,,,,,,,,,,,,,,,,,,,,,,,,,,,,,,,,,,,,,,,,,,,,,2016-04-27,,0.69,,pre-market,,,,,,,,,,,,,6.1538,,,,,,,,,,,,
2016-06-30,GSK,,,,,,,,,,,,,,,,,,,,,,,,,,,,,,,,,,,,,,0.17,,,0.69,,,,,,,,,,,,,,,,,,,,,,,,,,,,,,,,,,,,,,,,,,,,,,,,,2016-07-27,,0.86,,post-market,,,,,,,,,,,,,24.6377,,,,,,,,,,,,
2016-09-30,GSK,,,,,,,,,,,,,,,,,,,,,,,,,,,,,,,,,,,,,,0.13,,,0.93,,,,,,,,,,,,,,,,,,,,,,,,,,,,,,,,,,,,,,,,,,,,,,,,,2016-10-26,,1.06,,pre-market,,,,,,,,,,,,,13.9785,,,,,,,,,,,,
2016-12-31,GSK,,,,,,,,,,,,,,,,,,,,,,,,,,,,,,,,,,,,,,0.01,,,0.8,,,,,,,,,,,,,,,,,,,,,,,,,,,,,,,,,,,,,,,,,,,,,,,,,2017-02-08,,0.81,,pre-market,,,,,,,,,,,,,1.25,,,,,,,,,,,,
2017-03-31,GSK,,,,,,,,,,,,,,,,,,,,,,,,,,,,,,,,,,,,,,0.0,,,0.79,,,,,,,,,,,,,,,,,,,,,,,,,,,,,,,,,,,,,,,,,,,,,,,,,2017-04-26,,0.79,,pre-market,,,,,,,,,,,,,0.0,,,,,,,,,,,,
2017-06-30,GSK,,,,,,,,,,,,,,,,,,,,,,,,,,,,,,,,,,,,,,0.02,,,0.86,,,,,,,,,,,,,,,,,,,,,,,,,,,,,,,,,,,,,,,,,,,,,,,,,2017-07-26,,0.88,,pre-market,,,,,,,,,,,,,2.3256,,,,,,,,,,,,
2017-09-30,GSK,,,,,,,,,,,,,,,,,,,,,,,,,,,,,,,,,,,,,,0.02,,,1.04,,,,,,,,,,,,,,,,,,,,,,,,,,,,,,,,,,,,,,,,,,,,,,,,,2017-10-25,,1.06,,pre-market,,,,,,,,,,,,,1.9231,,,,,,,,,,,,
2017-12-31,GSK,,,,,,,,,,,,,,,,,,,,,,,,,,,,,,,,,,,,,,0.05,,,0.84,,,,,,,,,,,,,,,,,,,,,,,,,,,,,,,,,,,,,,,,,,,,,,,,,2018-02-07,,0.89,,pre-market,,,,,,,,,,,,,5.9524,,,,,,,,,,,,
2018-03-31,GSK,,,,,,,,,,,,,,,,,,,,,,,,,,,,,,,,,,,,,,0.0,,,0.86,,,,,,,,,,,,,,,,,,,,,,,,,,,,,,,,,,,,,,,,,,,,,,,,,2018-04-25,,0.86,,post-market,,,,,,,,,,,,,0.0,,,,,,,,,,,,
2018-06-30,GSK,,,,,,,,,,,,,,,,,,,,,,,,,,,,,,,,,,,,,,0.01,,,0.98,,,,,,,,,,,,,,,,,,,,,,,,,,,,,,,,,,,,,,,,,,,,,,,,,2018-07-25,,0.99,,pre-market,,,,,,,,,,,,,1.0204,,,,,,,,,,,,
2018-09-30,GSK,,,,,,,,,,,,,,,,,,,,,,,,,,,,,,,,,,,,,,0.05,,,1.1,,,,,,,,,,,,,,,,,,,,,,,,,,,,,,,,,,,,,,,,,,,,,,,,,2018-10-31,,1.15,,pre-market,,,,,,,,,,,,,4.5455,,,,,,,,,,,,
2018-12-31,GSK,,,,,,,,,,,,,,,,,,,,,,,,,,,,,,,,,,,,,,0.17,,,0.84,,,,,,,,,,,,,,,,,,,,,,,,,,,,,,,,,,,,,,,,,,,,,,,,,2019-02-06,,1.01,,pre-market,,,,,,,,,,,,,20.2381,,,,,,,,,,,,
2019-03-31,GSK,,,,,,,,,,,,,,,,,,,,,,,,,,,,,,,,,,,,,,0.17,,,0.81,,,,,,,,,,,,,,,,,,,,,,,,,,,,,,,,,,,,,,,,,,,,,,,,,2019-05-01,,0.98,,pre-market,,,,,,,,,,,,,20.9877,,,,,,,,,,,,
2019-06-30,GSK,,,,,,,,,,,,,,,,,,,,,,,,,,,,,,,,,,,,,,0.21,,,0.78,,,,,,,,,,,,,,,,,,,,,,,,,,,,,,,,,,,,,,,,,,,,,,,,,2019-07-24,,0.99,,pre-market,,,,,,,,,,,,,26.9231,,,,,,,,,,,,
2019-09-30,GSK,,,,,,,,,,,,,,,,,,,,,,,,,,,,,,,,,,,,,,0.13,,,1.06,,,,,,,,,,,,,,,,,,,,,,,,,,,,,,,,,,,,,,,,,,,,,,,,,2019-10-30,,1.19,,pre-market,,,,,,,,,,,,,12.2642,,,,,,,,,,,,
2019-12-31,GSK,,,,,,,,,,,,,,,,,,,,,,,,,,,,,,,,,,,,,,-0.04,,,0.84,,,,,,,,,,,,,,,,,,,,,,,,,,,,,,,,,,,,,,,,,,,,,,,,,2020-02-05,,0.8,,pre-market,,,,,,,,,,,,,-4.7619,,,,,,,,,,,,
2020-03-31,GSK,,,,,,,,,,,,,,,,,,,,,,,,,,,,,,,,,,,,,,0.31,,,0.89,,,,,,,,,,,,,,,,,,,,,,,,,,,,,,,,,,,,,,,,,,,,,,,,,2020-04-29,,1.2,,pre-market,,,,,,,,,,,,,34.8315,,,,,,,,,,,,
2020-06-30,GSK,,,,,,,,,,,,,,,,,,,,,,,,,,,,,,,,,,,,,,-0.07,,,0.64,,,,,,,,,,,,,,,,,,,,,,,,,,,,,,,,,,,,,,,,,,,,,,,,,2020-07-29,,0.57,,pre-market,,,,,,,,,,,,,-10.9375,,,,,,,,,,,,
2020-09-30,GSK,,,,,,,,,,,,,,,,,,,,,,,,,,,,,,,,,,,,,,0.25,,,1.0,,,,,,,,,,,,,,,,,,,,,,,,,,,,,,,,,,,,,,,,,,,,,,,,,2020-10-28,,1.25,,pre-market,,,,,,,,,,,,,25.0,,,,,,,,,,,,
2020-12-31,GSK,,,,,,,,,,,,,,,,,,,,,,,,,,,,,,,,,,,,,,-0.03,,,0.8,,,,,,,,,,,,,,,,,,,,,,,,,,,,,,,,,,,,,,,,,,,,,,,,,2021-02-03,,0.77,,pre-market,,,,,,,,,,,,,-3.75,,,,,,,,,,,,
2021-03-31,GSK,,,,,,,,,,,,,,,,,,,,,,,,,,,,,,,,,,,,,,0.03,,,0.76,,,,,,,,,,,,,,,,,,,,,,,,,,,,,,,,,,,,,,,,,,,,,,,,,2021-04-28,,0.79,,pre-market,,,,,,,,,,,,,3.9474,,,,,,,,,,,,
2021-06-30,GSK,,,,,,,,,,,,,,,,,,,,,,,,,,,,,,,,,,,,,,0.34,,,0.64,,,,,,,,,,,,,,,,,,,,,,,,,,,,,,,,,,,,,,,,,,,,,,,,,2021-07-28,,0.98,,pre-market,,,,,,,,,,,,,53.125,,,,,,,,,,,,
2021-09-30,GSK,,,,,,,,,,,,,,,,,,,,,,,,,,,,,,,,,,,,,,0.25,,,1.01,,,,,,,,,,,,,,,,,,,,,,,,,,,,,,,,,,,,,,,,,,,,,,,,,2021-10-27,,1.26,,pre-market,,,,,,,,,,,,,24.7525,,,,,,,,,,,,
2021-12-31,GSK,,,,,,,,,,,,,,,,,,,,,,,,,,,,,,,,,,,,,,0.05,,,0.81,,,,,,,,,,,,,,,,,,,,,,,,,,,,,,,,,,,,,,,,,,,,,,,,,2022-02-09,,0.86,,pre-market,,,,,,,,,,,,,6.1728,,,,,,,,,,,,
2022-03-31,GSK,,,,,,,,,,,,,,,,,,,,,,,,,,,,,,,,,,,,,,0.16,,,0.93,,,,,,,,,,,,,,,,,,,,,,,,,,,,,,,,,,,,,,,,,,,,,,,,,2022-04-29,,1.09,,post-market,,,,,,,,,,,,,17.2043,,,,,,,,,,,,
2022-06-30,GSK,,,,,,,,,,,,,,,,,,,,,,,,,,,,,,,,,,,,,,0.14,,,0.73,,,,,,,,,,,,,,,,,,,,,,,,,,,,,,,,,,,,,,,,,,,,,,,,,2022-07-27,,0.87,,pre-market,,,,,,,,,,,,,19.1781,,,,,,,,,,,,
2022-09-30,GSK,,,,,,,,,,,,,,,,,,,,,,,,,,,,,,,,,,,,,,0.14,,,0.96,,,,,,,,,,,,,,,,,,,,,,,,,,,,,,,,,,,,,,,,,,,,,,,,,2022-11-02,,1.1,,pre-market,,,,,,,,,,,,,14.5833,,,,,,,,,,,,
2022-12-31,GSK,,,,,,,,,,,,,,,,,,,,,,,,,,,,,,,,,,,,,,0.11,,,0.5,,,,,,,,,,,,,,,,,,,,,,,,,,,,,,,,,,,,,,,,,,,,,,,,,2023-02-01,,0.61,,pre-market,,,,,,,,,,,,,22.0,,,,,,,,,,,,
2023-03-31,GSK,,,,,,,,,,,,,,,,,,,,,,,,,,,,,,,,,,,,,,0.08,,,0.82,,,,,,,,,,,,,,,,,,,,,,,,,,,,,,,,,,,,,,,,,,,,,,,,,2023-04-26,,0.9,,pre-market,,,,,,,,,,,,,9.7561,,,,,,,,,,,,
2023-06-30,GSK,,,,,,,,,,,,,,,,,,,,,,,,,,,,,,,,,,,,,,0.1,,,0.87,,,,,,,,,,,,,,,,,,,,,,,,,,,,,,,,,,,,,,,,,,,,,,,,,2023-07-26,,0.97,,pre-market,,,,,,,,,,,,,11.4943,,,,,,,,,,,,
2023-09-30,GSK,,,,,,,,,,,,,,,,,,,,,,,,,,,,,,,,,,,,,,0.14,,,1.14,,,,,,,,,,,,,,,,,,,,,,,,,,,,,,,,,,,,,,,,,,,,,,,,,2023-11-01,,1.28,,pre-market,,,,,,,,,,,,,12.2807,,,,,,,,,,,,
2023-12-31,GSK,,,,,,,,,,,,,,,,,,,,,,,,,,,,,,,,,,,,,,-0.04,,,0.76,,,,,,,,,,,,,,,,,,,,,,,,,,,,,,,,,,,,,,,,,,,,,,,,,2024-01-31,,0.72,,pre-market,,,,,,,,,,,,,-5.2632,,,,,,,,,,,,
2024-03-31,GSK,,,,,,,,,,,,,,,,,,,,,,,,,,,,,,,,,,,,,,0.18,,,0.91,,,,,,,,,,,,,,,,,,,,,,,,,,,,,,,,,,,,,,,,,,,,,,,,,2024-05-01,,1.09,,pre-market,,,,,,,,,,,,,19.7802,,,,,,,,,,,,
2024-06-30,GSK,,,,,,,,,,,,,,,,,,,,,,,,,,,,,,,,,,,,,,0.11,,,0.99,,,,,,,,,,,,,,,,,,,,,,,,,,,,,,,,,,,,,,,,,,,,,,,,,2024-07-31,,1.1,,pre-market,,,,,,,,,,,,,11.1111,,,,,,,,,,,,
2024-09-30,GSK,,,,,,,,,,,,,,,,,,,,,,,,,,,,,,,,,,,,,,0.13,,,1.16,,,,,,,,,,,,,,,,,,,,,,,,,,,,,,,,,,,,,,,,,,,,,,,,,2024-10-30,,1.29,,pre-market,,,,,,,,,,,,,11.2069,,,,,,,,,,,,
2024-12-31,GSK,,,,,,,,,,,,,,,,,,,,,,,,,,,,,,,,,,,,,,0.09,,,0.49,,,,,,,,,,,,,,,,,,,,,,,,,,,,,,,,,,,,,,,,,,,,,,,,,2025-02-05,,0.58,,pre-market,,,,,,,,,,,,,18.3673,,,,,,,,,,,,
2025-03-31,GSK,,,,,,,,,,,,,,,,,,,,,,,,,,,,,,,,,,,,,,0.16,,,1.04,,,,,,,,,,,,,,,,,,,,,,,,,,,,,,,,,,,,,,,,,,,,,,,,,2025-04-30,,1.2,,pre-market,,,,,,,,,,,,,15.3846,,,,,,,,,,,,
2025-06-30,GSK,,,,,,,,,,,,,,,,,,,,,,,,,,,,,,,,,,,,,,0.13,,,1.11,,,,,,,,,,,,,,,,,,,,,,,,,,,,,,,,,,,,,,,,,,,,,,,,,2025-07-30,,1.24,,pre-market,,,,,,,,,,,,,11.7117,,,,,,,,,,,,
2025-09-30,GSK,,,,,,,,,,,,,,,,,,,,,,,,,,,,,,,,,,,,,,0.2862,,,1.17,,,,,,,,,,,,,,,,,,,,,,,,,,,,,,,,,,,,,,,,,,,,,,,,,2025-10-29,,1.4562,,pre-market,,,,,,,,,,,,,24.4615,,,,,,,,,,,,
2025-12-28,GSK,3.59,32166001000.0,13.67,,0.23,5.42,,,,,,,,,,,,,,,,,,,,,,,,,,0.64,0.0344,,,,0.232,0.2862,,,1.17,,9.43,,23299000000.0,,,,,,,,,,,,,,,,,,,0.326,,,,,,,,,,,,,0.419,4.537,3.088,,,,,,,,0.171,,,2025-10-29,,1.4562,,pre-market,,,0.0713,0.415,0.067,15.82,,,,,41.03,47.02,24.4615,,,,,,,,,13.67,,49.44,30.41
2025-12-28,GSK,3.59,32166001000.0,13.67,,0.23,5.42,,,,,,,,,,,,,,,None,2258000000,2258000000,,,,,,None,738000000,,0.64,0.0344,,,,0.232,0.2862,2623000000,3361000000,1.17,2025-09-30,9.43,,23299000000.0,6289000000,2456000000,312000000,,,None,167000000,26000000,,None,,,,,2013000000,2144000000,-141000000,None,0.326,,3696000000,2593000000,,,,,None,,,,,0.419,4.537,3.088,,,,,,,,0.171,,,2025-10-29,quarterly,1.4562,GBP,pre-market,1689000000,,0.0713,0.415,0.067,15.82,2239000000,,,,41.03,47.02,24.4615,,,,,,,8547000000,,13.67,,49.44,30.41
2025-12-28,GSK,3.59,32166001000.0,13.67,,0.23,5.42,,,,,,,,,,,,,,,None,2165000000,2165000000,,,,,,None,1159000000,,0.64,0.0344,,,,0.232,0.2862,2071000000,3230000000,1.17,2025-06-30,9.43,,23299000000.0,5821000000,1887000000,241000000,,,None,184000000,136000000,,None,,,,,1443000000,1646000000,-134000000,None,0.326,,3798000000,2023000000,,,,,None,,,,,0.419,4.537,3.088,,,,,,,,0.171,,,2025-10-29,quarterly,1.4562,USD,pre-market,2024000000,,0.0713,0.415,0.067,15.82,2140000000,,,,41.03,47.02,24.4615,,,,,,,7986000000,,13.67,,49.44,30.41
2025-12-28,GSK,3.59,32166001000.0,13.67,,0.23,5.42,,,,,,,,,,,,,,,None,1937000000,1937000000,,,,,,None,823000000,,0.64,0.0344,,,,0.232,0.2862,2270000000,3093000000,1.17,2025-03-31,9.43,,23299000000.0,5579000000,2108000000,336000000,,,None,162000000,54000000,,None,,,,,1624000000,1772000000,-108000000,None,0.326,,3363000000,2216000000,,,,,None,,,,,0.419,4.537,3.088,,,,,,,,0.171,,,2025-10-29,quarterly,1.4562,GBP,pre-market,1462000000,,0.0713,0.415,0.067,15.82,2070000000,,,,41.03,47.02,24.4615,,,,,,,7516000000,,13.67,,49.44,30.41
2025-12-28,GSK,3.59,32166001000.0,13.67,,0.23,5.42,,,,,,,,,,,,,,,None,2559000000,2559000000,,,,,,None,412000000,,0.64,0.0344,,,,0.232,0.2862,707000000,1119000000,1.17,2024-12-31,9.43,,23299000000.0,5558000000,563000000,62000000,,,None,144000000,28000000,,None,,,,,414000000,501000000,-195000000,None,0.326,,4862000000,696000000,,,,,None,,,,,0.419,4.537,3.088,,,,,,,,0.171,,,2025-10-29,quarterly,1.4562,GBP,pre-market,2031000000,,0.0713,0.415,0.067,15.82,2663000000,,,,41.03,47.02,24.4615,,,,,,,8117000000,,13.67,,49.44,30.41
2025-12-28,GSK,3.59,32166001000.0,13.67,,0.23,5.42,,,,,,,,,,,,,,,None,2397000000,2397000000,,,,,,None,951000000,,0.64,0.0344,,,,0.232,0.2862,220000000,1171000000,1.17,2024-09-30,9.43,,23299000000.0,5615000000,64000000,-1000000,,,None,156000000,32000000,,None,,,,,-58000000,65000000,-124000000,None,0.326,,5426000000,189000000,,,,,None,,,,,0.419,4.537,3.088,,,,,,,,0.171,,,2025-10-29,quarterly,1.4562,GBP,pre-market,1459000000,,0.0713,0.415,0.067,15.82,3800000000,,,,41.03,47.02,24.4615,,,,,,,8012000000,,13.67,,49.44,30.41
2025-12-28,GSK,3.59,32166001000.0,13.67,,0.23,5.42,,,,,,,,,,,,,,,None,2122000000,2122000000,,,,,,None,639000000,,0.64,0.0344,,,,0.232,0.2862,1669000000,2308000000,1.17,2024-06-30,9.43,,23299000000.0,5762000000,1495000000,191000000,,,None,174000000,24000000,,None,,,,,1173000000,1304000000,-150000000,None,0.326,,4116000000,1646000000,,,,,None,,,,,0.419,4.537,3.088,,,,,,,,0.171,,,2025-10-29,quarterly,1.4562,GBP,pre-market,1477000000,,0.0713,0.415,0.067,15.82,2465000000,,,,41.03,47.02,24.4615,,,,,,,7884000000,,13.67,,49.44,30.41
2025-12-28,GSK,3.59,32166001000.0,13.67,,0.23,5.42,,,,,,,,,,,,,,,None,1970000000,1970000000,,,,,,None,549000000,,0.64,0.0344,,,,0.232,0.2862,1521000000,2070000000,1.17,2024-03-31,9.43,,23299000000.0,5393000000,1355000000,274000000,,,None,166000000,32000000,,None,,,,,1046000000,1081000000,-134000000,None,0.326,,3903000000,1490000000,,,,,None,,,,,0.419,4.537,3.088,,,,,,,,0.171,,,2025-10-29,quarterly,1.4562,GBP,pre-market,1434000000,,0.0713,0.415,0.067,15.82,2087000000,,,,41.03,47.02,24.4615,,,,,,,7363000000,,13.67,,49.44,30.41
2025-12-28,GSK,3.59,32166001000.0,13.67,,0.23,5.42,,,,,,,,,,,,,,,None,2418000000,2418000000,,,,,,None,623000000,,0.64,0.0344,,,,0.232,0.2862,534000000,1157000000,1.17,2023-12-31,9.43,,23299000000.0,5634000000,379000000,-19000000,,,None,275414952,38000000,,None,,,,,350000000,398000000,-251000000,None,0.326,,5061000000,573000000,,,,,None,,,,,0.419,4.537,3.088,,,,,,,,0.171,,,2025-10-29,quarterly,1.4562,GBP,pre-market,2047000000,,0.0713,0.415,0.067,15.82,2678000000,,,,41.03,47.02,24.4615,,,,,,,8052000000,,13.67,,49.44,30.41
2025-12-28,GSK,3.59,32166001000.0,13.67,,0.23,5.42,,,,,,,,,,,,,,,None,2272000000,2272000000,,,,,,None,579000000,,0.64,0.0344,,,,0.232,0.2862,1973000000,2552000000,1.17,2023-09-30,9.43,,23299000000.0,5875000000,1791000000,257000000,,,None,182000000,158000000,,None,,,,,1464000000,1534000000,-158000000,None,0.326,,3926000000,1949000000,,,,,None,,,,,0.419,4.537,3.088,,,,,,,,0.171,,,2025-10-29,quarterly,1.4562,GBP,pre-market,1575000000,,0.0713,0.415,0.067,15.82,2296000000,,,,41.03,47.02,24.4615,,,,,,,8147000000,,13.67,,49.44,30.41
2025-12-28,GSK,3.59,32166001000.0,13.67,,0.23,5.42,,,,,,,,,,,,,,,None,1932000000,1932000000,,,,,,None,452000000,,0.64,0.0344,,,,0.232,0.2862,2172000000,2624000000,1.17,2023-06-30,9.43,,23299000000.0,5246000000,1987000000,242000000,,,None,185000000,154000000,,None,,,,,1624000000,1745000000,-152000000,None,0.326,,3105000000,2141000000,,,,,None,,,,,0.419,4.537,3.088,,,,,,,,0.171,,,2025-10-29,quarterly,1.4562,GBP,pre-market,1341000000,,0.0713,0.415,0.067,15.82,2268000000,,,,41.03,47.02,24.4615,,,,,,,7178000000,,13.67,,49.44,30.41
2025-12-28,GSK,3.59,32166001000.0,13.67,,0.23,5.42,,,,,,,,,,,,,,,None,1943000000,1943000000,,,,,,None,640000000,,0.64,0.0344,,,,0.232,0.2862,2110000000,2750000000,1.17,2023-03-31,9.43,,23299000000.0,5008000000,1907000000,276000000,,,None,203000000,176000000,,None,,,,,1490000000,1631000000,-174000000,None,0.326,,2926000000,2082000000,,,,,None,,,,,0.419,4.537,3.088,,,,,,,,0.171,,,2025-10-29,quarterly,1.4562,GBP,pre-market,1260000000,,0.0713,0.415,0.067,15.82,2143000000,,,,41.03,47.02,24.4615,,,,,,,6951000000,,13.67,,49.44,30.41
2025-12-28,GSK,3.59,32166001000.0,13.67,,0.23,5.42,,,,,,,,,,,,,,,None,2238000000,2238000000,,,,,,None,441750000,,0.64,0.0344,,,,0.232,0.2862,1843000000,2284750000,1.17,2022-12-31,9.43,,23299000000.0,5138000000,1626000000,1000000,,,None,258165051,26000000,,None,,,,,1461000000,1625000000,-244000000,None,0.326,,3270000000,1868000000,,,,,None,,,,,0.419,4.537,3.088,,,,,,,,0.171,,,2025-10-29,quarterly,1.4562,GBP,pre-market,1797000000,,0.0713,0.415,0.067,15.82,2438000000,,,,41.03,47.02,24.4615,,,,,,,7376000000,,13.67,,49.44,30.41
2025-12-28,GSK,3.59,32166001000.0,13.67,,0.23,5.42,,,,,,,,,,,,,,,None,2423000000,2423000000,,,,,,None,956000000,,0.64,0.0344,,,,0.232,0.2862,1212000000,2168000000,1.17,2022-09-30,9.43,,23299000000.0,5406000000,1012000000,233000000,,,None,200000000,22000000,,None,,,,,10821000000,779000000,-178000000,None,0.326,,4215000000,1191000000,,,,,None,,,,,0.419,4.537,3.088,,,,,,,,0.171,,,2025-10-29,quarterly,1.4562,GBP,pre-market,1346000000,,0.0713,0.415,0.067,15.82,2056000000,,,,41.03,47.02,24.4615,,,,,,,7829000000,,13.67,,49.44,30.41
2025-12-28,GSK,3.59,32166001000.0,13.67,,0.23,5.42,,,,,,,,,,,,,,,None,2176000000,2176000000,,,,,,None,917000000,,0.64,0.0344,,,,0.232,0.2862,1100000000,2017000000,1.17,2022-06-30,9.43,,23299000000.0,4753000000,896000000,150000000,,,None,204000000,21000000,,None,,,,,838000000,746000000,-183000000,None,0.326,,3672000000,1081000000,,,,,None,,,,,0.419,4.537,3.088,,,,,,,,0.171,,,2025-10-29,quarterly,1.4562,GBP,pre-market,1242000000,,0.0713,0.415,0.067,15.82,2066000000,,,,41.03,47.02,24.4615,,,,,,,6929000000,,13.67,,49.44,30.41
2025-12-28,GSK,3.59,32166001000.0,13.67,,0.23,5.42,,,,,,,,,,,,,,,None,2717000000,2717000000,,,,,,None,418000000,,0.64,0.0344,,,,0.232,0.2862,2299000000,2717000000,1.17,2022-03-31,9.43,,23299000000.0,4473000000,2094000000,323000000,,,None,205000000,10000000,,None,,,,,1802000000,2167000000,-202000000,None,0.326,,2180000000,2293000000,,,,,None,,,,,0.419,4.537,3.088,,,,,,,,0.171,,,2025-10-29,quarterly,1.4562,GBP,pre-market,1103000000,,0.0713,0.415,0.067,15.82,1812000000,,,,41.03,47.02,24.4615,,,,,,,7190000000,,13.67,,49.44,30.41
2025-12-28,GSK,3.59,32166001000.0,13.67,,0.23,5.42,,,,,,,,,,,,,,,None,3680000000,3680000000,,,,,,None,366000000,,0.64,0.0344,,,,0.232,0.2862,890000000,1256000000,1.17,2021-12-31,9.43,,23299000000.0,5847000000,706000000,-224000000,,,None,187821581,189000000,,None,,,,,749000000,930000000,-187000000,None,0.326,,4952000000,895000000,,,,,None,,,,,0.419,4.537,3.088,,,,,,,,0.171,,,2025-10-29,quarterly,1.4562,GBP,pre-market,1448000000,,0.0713,0.415,0.067,15.82,3260000000,,,,41.03,47.02,24.4615,,,,,,,9527000000,,13.67,,49.44,30.41
2025-12-28,GSK,3.59,32166001000.0,13.67,,0.23,5.42,,,,,,,,,,,,,,,None,2016000000,2016000000,,,,,,None,909000000,,0.64,0.0344,,,,0.232,0.2862,1387000000,2296000000,1.17,2021-09-30,9.43,,23299000000.0,4611000000,1192000000,246000000,,,None,195000000,190000000,,None,,,,,1368000000,1368000000,-193000000,None,0.326,,3231000000,1380000000,,,,,None,,,,,0.419,4.537,3.088,,,,,,,,0.171,,,2025-10-29,quarterly,1.4562,GBP,pre-market,1416000000,,0.0713,0.415,0.067,15.82,1679000000,,,,41.03,47.02,24.4615,,,,,,,6627000000,,13.67,,49.44,30.41
2025-12-28,GSK,3.59,32166001000.0,13.67,,0.23,5.42,,,,,,,,,,,,,,,None,1708000000,1708000000,,,,,,None,545000000,,0.64,0.0344,,,,0.232,0.2862,1259000000,1804000000,1.17,2021-06-30,9.43,,23299000000.0,4130000000,1070000000,-201000000,,,None,192000000,7000000,,None,,,,,1395000000,1538000000,-185000000,None,0.326,,2855000000,1275000000,,,,,None,,,,,0.419,4.537,3.088,,,,,,,,0.171,,,2025-10-29,quarterly,1.4562,GBP,pre-market,1167000000,,0.0713,0.415,0.067,15.82,1689000000,,,,41.03,47.02,24.4615,,,,,,,5838000000,,13.67,,49.44,30.41
2025-12-28,GSK,3.59,32166001000.0,13.67,,0.23,5.42,,,,,,,,,,,,,,,None,2480000000,2480000000,,,,,,None,361000000,,0.64,0.0344,,,,0.232,0.2862,1719000000,2080000000,1.17,2021-03-31,9.43,,23299000000.0,4938000000,1518000000,258000000,,,None,201000000,10000000,,None,,,,,1073000000,1260000000,-191000000,None,0.326,,3245000000,1693000000,,,,,None,,,,,0.419,4.537,3.088,,,,,,,,0.171,,,2025-10-29,quarterly,1.4562,GBP,pre-market,1118000000,,0.0713,0.415,0.067,15.82,2427000000,,,,41.03,47.02,24.4615,,,,,,,7418000000,,13.67,,49.44,30.41
2025-12-28,GSK,3.59,32166001000.0,13.67,,0.23,5.42,,,,,,,,,,,,,,,None,3171000000,3171000000,,,,,,None,2215000000,,0.64,0.0344,,,,0.232,0.2862,1024000000,3239000000,1.17,2020-12-31,9.43,,23299000000.0,5568000000,821000000,-18000000,,,None,231799122,5000000,,None,,,,,677000000,839000000,-234000000,None,0.326,,4507000000,1061000000,,,,,None,,,,,0.419,4.537,3.088,,,,,,,,0.171,,,2025-10-29,quarterly,1.4562,GBP,pre-market,1470000000,,0.0713,0.415,0.067,15.82,3162000000,,,,41.03,47.02,24.4615,,,,,,,8739000000,,13.67,,49.44,30.41
2025-12-28,GSK,3.59,32166001000.0,13.67,,0.23,5.42,,,,,,,,,,,,,,,None,2885000000,2885000000,,,,,,None,641000000,,0.64,0.0344,,,,0.232,0.2862,1869000000,2510000000,1.17,2020-09-30,9.43,,23299000000.0,5761000000,1671000000,241000000,,,None,198000000,187000000,,None,,,,,1244000000,1430000000,-198000000,None,0.326,,3903000000,1858000000,,,,,None,,,,,0.419,4.537,3.088,,,,,,,,0.171,,,2025-10-29,quarterly,1.4562,GBP,pre-market,1140000000,,0.0713,0.415,0.067,15.82,2669000000,,,,41.03,47.02,24.4615,,,,,,,8646000000,,13.67,,49.44,30.41
2025-12-28,GSK,3.59,32166001000.0,13.67,,0.23,5.42,,,,,,,,,,,,,,,None,2449000000,2449000000,,,,,,None,194000000,,0.64,0.0344,,,,0.232,0.2862,2870000000,3064000000,1.17,2020-06-30,9.43,,23299000000.0,5175000000,2641000000,201000000,,,None,229000000,209000000,,None,,,,,2263000000,2440000000,-228000000,None,0.326,,2325000000,2850000000,,,,,None,,,,,0.419,4.537,3.088,,,,,,,,0.171,,,2025-10-29,quarterly,1.4562,GBP,pre-market,1301000000,,0.0713,0.415,0.067,15.82,2709000000,,,,41.03,47.02,24.4615,,,,,,,7624000000,,13.67,,49.44,30.41
2025-12-28,GSK,3.59,32166001000.0,13.67,,0.23,5.42,,,,,,,,,,,,,,,None,3199000000,3199000000,,,,,,None,194000000,,0.64,0.0344,,,,0.232,0.2862,2064000000,2258000000,1.17,2020-03-31,9.43,,23299000000.0,5891000000,1835000000,156000000,,,None,229000000,179000000,,None,,,,,1565000000,1679000000,-188000000,None,0.326,,3877000000,2014000000,,,,,None,,,,,0.419,4.537,3.088,,,,,,,,0.171,,,2025-10-29,quarterly,1.4562,GBP,pre-market,1187000000,,0.0713,0.415,0.067,15.82,2916000000,,,,41.03,47.02,24.4615,,,,,,,9090000000,,13.67,,49.44,30.41
2025-12-28,GSK,3.59,32166001000.0,13.67,,0.23,5.42,,,,,,,,,,,,,,,None,3248000000,3248000000,,,,,,None,441000000,,0.64,0.0344,,,,0.232,0.2862,1890000000,2331000000,1.17,2019-12-31,9.43,,23299000000.0,5651000000,1711000000,194000000,,,None,206000000,191000000,,None,,,,,1299000000,1517000000,-221000000,None,0.326,,3749000000,1902000000,,,,,0,,,,,0.419,4.537,3.088,,,,,,,,0.171,,,2025-10-29,quarterly,1.4562,GBP,pre-market,1243000000,,0.0713,0.415,0.067,15.82,3443000000,,,,41.03,47.02,24.4615,,,,,,,8899000000,,13.67,,49.44,30.41
2025-12-28,GSK,3.59,32166001000.0,13.67,,0.23,5.42,,,,,,,,,,,,,,,None,3245000000,3245000000,,,,,,None,513000000,,0.64,0.0344,,,,0.232,0.2862,2196000000,2709000000,1.17,2019-09-30,9.43,,23299000000.0,6140000000,1951000000,235000000,,,None,245000000,196000000,,None,,,,,1552000000,1716000000,-213000000,None,0.326,,3993000000,2147000000,,,,,0,,,,,0.419,4.537,3.088,,,,,,,,0.171,,,2025-10-29,quarterly,1.4562,GBP,pre-market,1206000000,,0.0713,0.415,0.067,15.82,2892000000,,,,41.03,47.02,24.4615,,,,,,,9385000000,,13.67,,49.44,30.41
2025-12-28,GSK,3.59,32166001000.0,13.67,,0.23,5.42,,,,,,,,,,,,,,,None,2637000000,2637000000,,,,,,None,776000000,,0.64,0.0344,,,,0.232,0.2862,1501000000,2277000000,1.17,2019-06-30,9.43,,23299000000.0,5172000000,1264000000,214000000,,,None,237000000,220000000,,None,,,,,964000000,1050000000,-216000000,None,0.326,,3688000000,1484000000,,,,,0,,,,,0.419,4.537,3.088,,,,,,,,0.171,,,2025-10-29,quarterly,1.4562,GBP,pre-market,1113000000,,0.0713,0.415,0.067,15.82,2590000000,,,,41.03,47.02,24.4615,,,,,,,7809000000,,13.67,,49.44,30.41
2025-12-28,GSK,3.59,32166001000.0,13.67,,0.23,5.42,,,,,,,,,,,,,,,None,2733000000,2733000000,,,,,,None,1183000000,,0.64,0.0344,,,,0.232,0.2862,1519000000,2702000000,1.17,2019-03-31,9.43,,23299000000.0,4928000000,1295000000,310000000,,,None,224000000,133000000,,None,,,,,830000000,985000000,-190000000,None,0.326,,3500000000,1428000000,,,,,0,,,,,0.419,4.537,3.088,,,,,,,,0.171,,,2025-10-29,quarterly,1.4562,GBP,pre-market,1006000000,,0.0713,0.415,0.067,15.82,2477000000,,,,41.03,47.02,24.4615,,,,,,,7661000000,,13.67,,49.44,30.41
2025-12-28,GSK,3.59,32166001000.0,13.67,,0.23,5.42,,,,,,,,,,,,,,,None,2904000000,2904000000,,,,,,None,687000000,,0.64,0.0344,,,,0.232,0.2862,1556000000,2243000000,1.17,2018-12-31,9.43,,23299000000.0,5293000000,1374000000,74000000,,,None,212087329,None,,None,,,,,1215000000,5606757819.99,None,None,0.326,,3739000000,1554000000,,,,,0,,,,,0.419,4.537,3.088,,,,,,,,0.171,,,2025-10-29,quarterly,1.4562,GBP,pre-market,1076000000,,0.0713,0.415,0.067,15.82,2620000000,,,,41.03,47.02,24.4615,,,,,,,8197000000,,13.67,,49.44,30.41
2025-12-28,GSK,3.59,32166001000.0,13.67,,0.23,5.42,,,,,,,,,,,,,,,None,2636000000,2636000000,,,,,,None,496000000,,0.64,0.0344,,,,0.232,0.2862,1938000000,2434000000,1.17,2018-09-30,9.43,,23299000000.0,5456000000,1705000000,193000000,,,None,233000000,None,,None,,,,,1418000000,1972088170.08,None,None,0.326,,3546000000,1910000000,,,,,0,,,,,0.419,4.537,3.088,,,,,,,,0.171,,,2025-10-29,quarterly,1.4562,GBP,pre-market,988000000,,0.0713,0.415,0.067,15.82,2527000000,,,,41.03,47.02,24.4615,,,,,,,8092000000,,13.67,,49.44,30.41
2025-12-28,GSK,3.59,32166001000.0,13.67,,0.23,5.42,,,,,,,,,,,,,,,None,2310000000,2310000000,,,,,,None,195000000,,0.64,0.0344,,,,0.232,0.2862,808000000,1003000000,1.17,2018-06-30,9.43,,23299000000.0,5000000000,614000000,139000000,,,None,194000000,None,,None,,,,,441000000,624260743.86,None,None,0.326,,4221000000,779000000,,,,,None,,,,,0.419,4.537,3.088,,,,,,,,0.171,,,2025-10-29,quarterly,1.4562,GBP,pre-market,925000000,,0.0713,0.415,0.067,15.82,2457000000,,,,41.03,47.02,24.4615,,,,,,,7310000000,,13.67,,49.44,30.41
2025-12-28,GSK,3.59,32166001000.0,13.67,,0.23,5.42,,,,,,,,,,,,,,,None,2391000000,2391000000,,,,,,None,478000000,,0.64,0.0344,,,,0.232,0.2862,1269000000,1747000000,1.17,2018-03-31,9.43,,23299000000.0,4831000000,1107000000,348000000,,,None,162000000,None,,None,,,,,549000000,1066011235.96,None,None,0.326,,3591000000,1240000000,,,,,None,,,,,0.419,4.537,3.088,,,,,,,,0.171,,,2025-10-29,quarterly,1.4562,GBP,pre-market,904000000,,0.0713,0.415,0.067,15.82,2311000000,,,,41.03,47.02,24.4615,,,,,,,7222000000,,13.67,,49.44,30.41
2025-12-28,GSK,3.59,32166001000.0,13.67,,0.23,5.42,,,,,,,,,,,,,,,None,2558000000,2558000000,,,,,,None,-175000000,,0.64,0.0344,,,,0.232,0.2862,773000000,598000000,1.17,2017-12-31,9.43,,23299000000.0,5081000000,442000000,805000000,,,None,154001465,None,,None,,,,,-546000000,-621000000,None,None,0.326,,4569000000,512000000,,,,,None,,,,,0.419,4.537,3.088,,,,,,,,0.171,,,2025-10-29,quarterly,1.4562,GBP,pre-market,1209000000,,0.0713,0.415,0.067,15.82,2533000000,,,,41.03,47.02,24.4615,,,,,,,7639000000,,13.67,,49.44,30.41
2025-12-28,GSK,3.59,32166001000.0,13.67,,0.23,5.42,,,,,,,,,,,,,,,None,2652000000,2652000000,,,,,,None,684000000,,0.64,0.0344,,,,0.232,0.2862,1905000000,2589000000,1.17,2017-09-30,9.43,,23299000000.0,5191000000,1711000000,316000000,,,None,194000000,None,,None,,,,,1212000000,5322000000,None,None,0.326,,3314000000,1877000000,,,,,None,,,,,0.419,4.537,3.088,,,,,,,,0.171,,,2025-10-29,quarterly,1.4562,GBP,pre-market,1047000000,,0.0713,0.415,0.067,15.82,2308000000,,,,41.03,47.02,24.4615,,,,,,,7843000000,,13.67,,49.44,30.41
2025-12-28,GSK,3.59,32166001000.0,13.67,,0.23,5.42,,,,,,,,,,,,,,,None,2619000000,2619000000,,,,,,None,1087000000,,0.64,0.0344,,,,0.232,0.2862,14000000,1101000000,1.17,2017-06-30,9.43,,23299000000.0,4701000000,-178000000,-92000000,,,None,192000000,None,,None,,,,,-180000000,-3755000000,None,None,0.326,,4721000000,-20000000,,,,,None,,,,,0.419,4.537,3.088,,,,,,,,0.171,,,2025-10-29,quarterly,1.4562,GBP,pre-market,1260000000,,0.0713,0.415,0.067,15.82,2379000000,,,,41.03,47.02,24.4615,,,,,,,7320000000,,13.67,,49.44,30.41
2025-12-28,GSK,3.59,32166001000.0,13.67,,0.23,5.42,,,,,,,,,,,,,,,None,2513000000,2513000000,,,,,,None,326000000,,0.64,0.0344,,,,0.232,0.2862,1744000000,2070000000,1.17,2017-03-31,9.43,,23299000000.0,4871000000,1550000000,327000000,,,None,194000000,None,,None,,,,,1046000000,1223000000,None,None,0.326,,3153000000,1718000000,,,,,None,,,,,0.419,4.537,3.088,,,,,,,,0.171,,,2025-10-29,quarterly,1.4562,GBP,pre-market,960000000,,0.0713,0.415,0.067,15.82,2452000000,,,,41.03,47.02,24.4615,,,,,,,7384000000,,13.67,,49.44,30.41
2025-12-28,GSK,3.59,32166001000.0,13.67,,0.23,5.42,,,,,,,,,,,,,,,None,2508000000,2508000000,,,,,,None,624000000,,0.64,0.0344,,,,0.232,0.2862,597000000,1221000000,1.17,2016-12-31,9.43,,23299000000.0,5078000000,423000000,106000000,,,None,194174715,None,,None,,,,,257000000,1062000000,None,None,0.326,,4483000000,595000000,,,,,None,,,,,0.419,4.537,3.088,,,,,,,,0.171,,,2025-10-29,quarterly,1.4562,GBP,pre-market,1003000000,,0.0713,0.415,0.067,15.82,2711000000,,,,41.03,47.02,24.4615,,,,,,,7586000000,,13.67,,49.44,30.41
2025-12-28,GSK,3.59,32166001000.0,13.67,,0.23,5.42,,,,,,,,,,,,,,,None,2525000000,2525000000,,,,,,None,191000000,,0.64,0.0344,,,,0.232,0.2862,1453000000,1644000000,1.17,2016-09-30,9.43,,23299000000.0,5017000000,1274000000,389000000,,,None,179000000,None,,None,,,,,808000000,0,None,None,0.326,,3586000000,1431000000,,,,,None,,,,,0.419,4.537,3.088,,,,,,,,0.171,,,2025-10-29,quarterly,1.4562,GBP,pre-market,922000000,,0.0713,0.415,0.067,15.82,2292000000,,,,41.03,47.02,24.4615,,,,,,,7542000000,,13.67,,49.44,30.41
2025-12-28,GSK,3.59,32166001000.0,13.67,,0.23,5.42,,,,,,,,,,,,,,,None,2124000000,2124000000,,,,,,None,401000000,,0.64,0.0344,,,,0.232,0.2862,-135000000,266000000,1.17,2016-06-30,9.43,,23299000000.0,4408000000,-318000000,174000000,,,None,183000000,None,,None,,,,,-435000000,0,None,None,0.326,,4559000000,-151000000,,,,,None,,,,,0.419,4.537,3.088,,,,,,,,0.171,,,2025-10-29,quarterly,1.4562,GBP,pre-market,888000000,,0.0713,0.415,0.067,15.82,2174000000,,,,41.03,47.02,24.4615,,,,,,,6532000000,,13.67,,49.44,30.41
2025-12-28,GSK,3.59,32166001000.0,13.67,,0.23,5.42,,,,,,,,,,,,,,,None,2133000000,2133000000,,,,,,None,558000000,,0.64,0.0344,,,,0.232,0.2862,741000000,1299000000,1.17,2016-03-31,9.43,,23299000000.0,4096000000,560000000,208000000,,,None,181000000,None,,None,,,,,282000000,0,None,None,0.326,,3373000000,723000000,,,,,None,,,,,0.419,4.537,3.088,,,,,,,,0.171,,,2025-10-29,quarterly,1.4562,GBP,pre-market,815000000,,0.0713,0.415,0.067,15.82,2189000000,,,,41.03,47.02,24.4615,,,,,,,6229000000,,13.67,,49.44,30.41
2025-12-28,GSK,3.59,32166001000.0,13.67,,0.23,5.42,,,,,,,,,,,,,,,None,2541000000,2541000000,,,,,,None,284000000,,0.64,0.0344,,,,0.232,0.2862,-239000000,45000000,1.17,2015-12-31,9.43,,23299000000.0,3745000000,-416000000,12000000,,,None,199000000,None,,None,,,,,-354000000,8372000000,None,None,0.326,,3999000000,-254000000,,,,,None,,,,,0.419,4.537,3.088,,,,,,,,0.171,,,2025-10-29,quarterly,1.4562,GBP,pre-market,1054000000,,0.0713,0.415,0.067,15.82,2498000000,,,,41.03,47.02,24.4615,,,,,,,6286000000,,13.67,,49.44,30.41
2025-12-28,GSK,3.59,32166001000.0,13.67,,0.23,5.42,,,,,,,,,,,,,,,None,2204000000,2204000000,,,,,,None,234000000,,0.64,0.0344,,,,0.232,0.2862,1040000000,1274000000,1.17,2015-09-30,9.43,,23299000000.0,3923000000,867000000,220000000,,,None,173000000,None,,None,,,,,538000000,0,None,None,0.326,,2898000000,1025000000,,,,,None,,,,,0.419,4.537,3.088,,,,,,,,0.171,,,2025-10-29,quarterly,1.4562,GBP,pre-market,827000000,,0.0713,0.415,0.067,15.82,1968000000,,,,41.03,47.02,24.4615,,,,,,,6127000000,,13.67,,49.44,30.41
2025-12-28,GSK,3.59,32166001000.0,13.67,,0.23,5.42,,,,,,,,,,,,,,,None,2005000000,2005000000,,,,,,None,725000000,,0.64,0.0344,,,,0.232,0.2862,346000000,1071000000,1.17,2015-06-30,9.43,,23299000000.0,3883000000,152000000,37000000,,,None,194000000,None,,None,,,,,149000000,0,None,None,0.326,,3548000000,335000000,,,,,None,,,,,0.419,4.537,3.088,,,,,,,,0.171,,,2025-10-29,quarterly,1.4562,GBP,pre-market,812000000,,0.0713,0.415,0.067,15.82,2541000000,,,,41.03,47.02,24.4615,,,,,,,5888000000,,13.67,,49.44,30.41
2025-12-28,GSK,3.59,32166001000.0,13.67,,0.23,5.42,,,,,,,,,,,,,,,None,2103000000,2103000000,,,,,,None,387000000,,0.64,0.0344,,,,0.232,0.2862,10114000000,10501000000,1.17,2015-03-31,9.43,,23299000000.0,3519000000,9923000000,1885000000,,,None,191000000,None,,None,,,,,8089000000,0,None,None,0.326,,-5697000000,9216000000,,,,,None,,,,,0.419,4.537,3.088,,,,,,,,0.171,,,2025-10-29,quarterly,1.4562,GBP,pre-market,867000000,,0.0713,0.415,0.067,15.82,2225000000,,,,41.03,47.02,24.4615,,,,,,,5622000000,,13.67,,49.44,30.41
2025-12-28,GSK,3.59,32166001000.0,13.67,,0.23,5.42,,,,,,,,,,,,,,,None,2029000000,2029000000,,,,,,None,155000000,,0.64,0.0344,,,,0.232,0.2862,696000000,851000000,1.17,2014-12-31,9.43,,23299000000.0,4157000000,531000000,-494000000,,,None,189000000,None,,None,,,,,1033000000,2831000000,None,None,0.326,,3466000000,691000000,,,,,None,,,,,0.419,4.537,3.088,,,,,,,,0.171,,,2025-10-29,quarterly,1.4562,GBP,pre-market,979000000,,0.0713,0.415,0.067,15.82,2207000000,,,,41.03,47.02,24.4615,,,,,,,6186000000,,13.67,,49.44,30.41
2025-12-28,GSK,3.59,32166001000.0,13.67,,0.23,5.42,,,,,,,,,,,,,,,None,1829000000,1829000000,,,,,,None,381000000,,0.64,0.0344,,,,0.232,0.2862,727000000,1108000000,1.17,2014-09-30,9.43,,23299000000.0,3817000000,548000000,163000000,,,None,179000000,None,,None,,,,,401000000,0,None,None,0.326,,3114000000,703000000,,,,,None,,,,,0.419,4.537,3.088,,,,,,,,0.171,,,2025-10-29,quarterly,1.4562,GBP,pre-market,803000000,,0.0713,0.415,0.067,15.82,2013000000,,,,41.03,47.02,24.4615,,,,,,,5646000000,,13.67,,49.44,30.41
2025-12-28,GSK,3.59,32166001000.0,13.67,,0.23,5.42,,,,,,,,,,,,,,,None,1722000000,1722000000,,,,,,None,375000000,,0.64,0.0344,,,,0.232,0.2862,1163000000,1538000000,1.17,2014-06-30,9.43,,23299000000.0,3839000000,986000000,284000000,,,None,177000000,None,,None,,,,,654000000,0,None,None,0.326,,2702000000,1137000000,,,,,None,,,,,0.419,4.537,3.088,,,,,,,,0.171,,,2025-10-29,quarterly,1.4562,GBP,pre-market,809000000,,0.0713,0.415,0.067,15.82,2055000000,,,,41.03,47.02,24.4615,,,,,,,5561000000,,13.67,,49.44,30.41
2025-12-28,GSK,3.59,32166001000.0,13.67,,0.23,5.42,,,,,,,,,,,,,,,None,1743000000,1743000000,,,,,,None,573000000,,0.64,0.0344,,,,0.232,0.2862,1085000000,1658000000,1.17,2014-03-31,9.43,,23299000000.0,3870000000,903000000,184000000,,,None,182000000,None,,None,,,,,668000000,0,None,None,0.326,,2804000000,1066000000,,,,,None,,,,,0.419,4.537,3.088,,,,,,,,0.171,,,2025-10-29,quarterly,1.4562,GBP,pre-market,859000000,,0.0713,0.415,0.067,15.82,1971000000,,,,41.03,47.02,24.4615,,,,,,,5613000000,,13.67,,49.44,30.41
2025-12-28,GSK,3.59,32166001000.0,13.67,,0.23,5.42,,,,,,,,,,,,,,,None,2526000000,2526000000,,,,,,None,-422000000,,0.64,0.0344,,,,0.232,0.2862,3117000000,2695000000,1.17,2013-12-31,9.43,,23299000000.0,4380000000,2546000000,41000000,,,None,176000000,None,,None,,,,,2461000000,5628000000,None,None,0.326,,1939000000,2441000000,,,,,None,,,,,0.419,4.537,3.088,,,,,,,,0.171,,,2025-10-29,quarterly,1.4562,GBP,pre-market,1070000000,,0.0713,0.415,0.067,15.82,2200000000,,,,41.03,47.02,24.4615,,,,,,,6906000000,,13.67,,49.44,30.41
2025-12-28,GSK,3.59,32166001000.0,13.67,,0.23,5.42,,,,,,,,,,,,,,,None,2111000000,2111000000,,,,,,None,731000000,,0.64,0.0344,,,,0.232,0.2862,1593000000,2324000000,1.17,2013-09-30,9.43,,23299000000.0,4399000000,1402000000,392000000,,,None,191000000,None,,None,,,,,969000000,0,None,None,0.326,,2830000000,1569000000,,,,,None,,,,,0.419,4.537,3.088,,,,,,,,0.171,,,2025-10-29,quarterly,1.4562,GBP,pre-market,900000000,,0.0713,0.415,0.067,15.82,1984000000,,,,41.03,47.02,24.4615,,,,,,,6510000000,,13.67,,49.44,30.41
2025-12-28,GSK,3.59,32166001000.0,13.67,,0.23,5.42,,,,,,,,,,,,,,,None,1972000000,1972000000,,,,,,None,546000000,,0.64,0.0344,,,,0.232,0.2862,1485000000,2031000000,1.17,2013-06-30,9.43,,23299000000.0,4646000000,1288000000,204000000,,,None,197000000,None,,None,,,,,1045000000,0,None,None,0.326,,3208000000,1438000000,,,,,None,,,,,0.419,4.537,3.088,,,,,,,,0.171,,,2025-10-29,quarterly,1.4562,GBP,pre-market,1049000000,,0.0713,0.415,0.067,15.82,2216000000,,,,41.03,47.02,24.4615,,,,,,,6618000000,,13.67,,49.44,30.41
2025-12-28,GSK,3.59,32166001000.0,13.67,,0.23,5.42,,,,,,,,,,,,,,,None,1976000000,1976000000,,,,,,None,559000000,,0.64,0.0344,,,,0.232,0.2862,1614000000,2173000000,1.17,2013-03-31,9.43,,23299000000.0,4495000000,1411000000,382000000,,,None,203000000,None,,None,,,,,961000000,0,None,None,0.326,,2915000000,1580000000,,,,,None,,,,,0.419,4.537,3.088,,,,,,,,0.171,,,2025-10-29,quarterly,1.4562,GBP,pre-market,904000000,,0.0713,0.415,0.067,15.82,2080000000,,,,41.03,47.02,24.4615,,,,,,,6471000000,,13.67,,49.44,30.41
2025-12-28,GSK,3.59,32166001000.0,13.67,,0.23,5.42,,,,,,,,,,,,,,,None,2011000000,2011000000,,,,,,None,690000000,,0.64,0.0344,,,,0.232,0.2862,1889000000,2579000000,1.17,2012-12-31,9.43,,23299000000.0,4791000000,1751000000,912000000,,,None,224000000,None,,None,,,,,864000000,0,None,None,0.326,,2851000000,1940000000,,,,,None,,,,,0.419,4.537,3.088,,,,,,,,0.171,,,2025-10-29,quarterly,1.4562,GBP,pre-market,1141000000,,0.0713,0.415,0.067,15.82,2198000000,,,,41.03,47.02,24.4615,,,,,,,6802000000,,13.67,,49.44,30.41
2025-12-28,GSK,3.59,32166001000.0,13.67,,0.23,5.42,,,,,,,,,,,,,,,None,2089000000,2089000000,,,,,,None,268000000,,0.64,0.0344,,,,0.232,0.2862,1684000000,1952000000,1.17,2012-09-30,9.43,,23299000000.0,4438000000,1487000000,308000000,,,None,197000000,None,,None,,,,,1105000000,0,None,None,0.326,,2782000000,1656000000,,,,,None,,,,,0.419,4.537,3.088,,,,,,,,0.171,,,2025-10-29,quarterly,1.4562,GBP,pre-market,937000000,,0.0713,0.415,0.067,15.82,2236000000,,,,41.03,47.02,24.4615,,,,,,,6527000000,,13.67,,49.44,30.41
2025-12-28,GSK,3.59,32166001000.0,13.67,,0.23,5.42,,,,,,,,,,,,,,,None,2000000000,2000000000,,,,,,None,247000000,,0.64,0.0344,,,,0.232,0.2862,1720000000,1967000000,1.17,2012-06-30,9.43,,23299000000.0,4462000000,1529000000,226000000,,,None,191000000,None,,None,,,,,1238000000,0,None,None,0.326,,2749000000,1713000000,,,,,None,,,,,0.419,4.537,3.088,,,,,,,,0.171,,,2025-10-29,quarterly,1.4562,GBP,pre-market,924000000,,0.0713,0.415,0.067,15.82,2200000000,,,,41.03,47.02,24.4615,,,,,,,6462000000,,13.67,,49.44,30.41
2025-12-28,GSK,3.59,32166001000.0,13.67,,0.23,5.42,,,,,,,,,,,,,,,None,1818000000,1818000000,,,,,,None,240000000,,0.64,0.0344,,,,0.232,0.2862,2052000000,2292000000,1.17,2012-03-31,9.43,,23299000000.0,4822000000,1856000000,483000000,,,None,234000000,None,,None,,,,,1308000000,0,None,None,0.326,,2808000000,2014000000,,,,,None,,,,,0.419,4.537,3.088,,,,,,,,0.171,,,2025-10-29,quarterly,1.4562,GBP,pre-market,974000000,,0.0713,0.415,0.067,15.82,2142000000,,,,41.03,47.02,24.4615,,,,,,,6640000000,,13.67,,49.44,30.41
2025-12-28,GSK,3.59,32166001000.0,13.67,,0.23,5.42,,,,,,,,,,,,,,,None,1895000000,1895000000,,,,,,None,251000000,,0.64,0.0344,,,,0.232,0.2862,1905000000,2156000000,1.17,2011-12-31,9.43,,23299000000.0,5083000000,1701000000,417000000,,,None,204000000,None,,None,,,,,1252000000,0,None,None,0.326,,3204000000,1879000000,,,,,None,,,,,0.419,4.537,3.088,,,,,,,,0.171,,,2025-10-29,quarterly,1.4562,GBP,pre-market,1095000000,,0.0713,0.415,0.067,15.82,2226000000,,,,41.03,47.02,24.4615,,,,,,,6978000000,,13.67,,49.44,30.41
2025-12-28,GSK,3.59,32166001000.0,13.67,,0.23,5.42,,,,,,,,,,,,,,,None,2083000000,2083000000,,,,,,None,577000000,,0.64,0.0344,,,,0.232,0.2862,2132000000,2709000000,1.17,2011-09-30,9.43,,23299000000.0,5021000000,1941000000,498000000,,,None,191000000,None,,None,,,,,1378000000,0,None,None,0.326,,2906000000,2115000000,,,,,None,,,,,0.419,4.537,3.088,,,,,,,,0.171,,,2025-10-29,quarterly,1.4562,GBP,pre-market,984000000,,0.0713,0.415,0.067,15.82,2013000000,,,,41.03,47.02,24.4615,,,,,,,7104000000,,13.67,,49.44,30.41
2025-12-28,GSK,3.59,32166001000.0,13.67,,0.23,5.42,,,,,,,,,,,,,,,None,1744000000,1744000000,,,,,,None,465000000,,0.64,0.0344,,,,0.232,0.2862,1803000000,2268000000,1.17,2011-06-30,9.43,,23299000000.0,4976000000,1592000000,445000000,,,None,211000000,None,,None,,,,,1106000000,0,None,None,0.326,,3198000000,1778000000,,,,,None,,,,,0.419,4.537,3.088,,,,,,,,0.171,,,2025-10-29,quarterly,1.4562,GBP,pre-market,1015000000,,0.0713,0.415,0.067,15.82,2245000000,,,,41.03,47.02,24.4615,,,,,,,6720000000,,13.67,,49.44,30.41
2025-12-28,GSK,3.59,32166001000.0,13.67,,0.23,5.42,,,,,,,,,,,,,,,None,1872000000,1872000000,,,,,,None,130000000,,0.64,0.0344,,,,0.232,0.2862,2657000000,2787000000,1.17,2011-03-31,9.43,,23299000000.0,4713000000,2464000000,880000000,,,None,193000000,None,,None,,,,,1525000000,0,None,None,0.326,,2678000000,2035000000,,,,,None,,,,,0.419,4.537,3.088,,,,,,,,0.171,,,2025-10-29,quarterly,1.4562,GBP,pre-market,915000000,,0.0713,0.415,0.067,15.82,2080000000,,,,41.03,47.02,24.4615,,,,,,,6585000000,,13.67,,49.44,30.41
2025-12-28,GSK,3.59,32166001000.0,13.67,,0.23,5.42,,,,,,,,,,,,,,,None,2077000000,2077000000,,,,,,None,185000000,,0.64,0.0344,,,,0.232,0.2862,-236000000,-51000000,1.17,2010-12-31,9.43,,23299000000.0,5120000000,-476000000,157000000,,,None,240000000,None,,None,,,,,-690000000,0,None,None,0.326,,5440000000,-320000000,,,,,None,,,,,0.419,4.537,3.088,,,,,,,,0.171,,,2025-10-29,quarterly,1.4562,GBP,pre-market,1097000000,,0.0713,0.415,0.067,15.82,4461000000,,,,41.03,47.02,24.4615,,,,,,,7197000000,,13.67,,49.44,30.41
2025-12-28,GSK,3.59,32166001000.0,13.67,,0.23,5.42,,,,,,,,,,,,,,,None,1906000000,1906000000,,,,,,None,566000000,,0.64,0.0344,,,,0.232,0.2862,1996000000,2562000000,1.17,2010-09-30,9.43,,23299000000.0,4907000000,1799000000,456000000,,,None,197000000,None,,None,,,,,1288000000,0,None,None,0.326,,2949000000,1958000000,,,,,None,,,,,0.419,4.537,3.088,,,,,,,,0.171,,,2025-10-29,quarterly,1.4562,GBP,pre-market,1004000000,,0.0713,0.415,0.067,15.82,2040000000,,,,41.03,47.02,24.4615,,,,,,,6813000000,,13.67,,49.44,30.41
2025-12-28,GSK,3.59,32166001000.0,13.67,,0.23,5.42,,,,,,,,,,,,,,,None,1657000000,1657000000,,,,,,None,462000000,,0.64,0.0344,,,,0.232,0.2862,92000000,554000000,1.17,2010-06-30,9.43,,23299000000.0,5368000000,-97000000,155000000,,,None,189000000,None,,None,,,,,-304000000,0,None,None,0.326,,5317000000,51000000,,,,,None,,,,,0.419,4.537,3.088,,,,,,,,0.171,,,2025-10-29,quarterly,1.4562,GBP,pre-market,1196000000,,0.0713,0.415,0.067,15.82,4202000000,,,,41.03,47.02,24.4615,,,,,,,7025000000,,13.67,,49.44,30.41
2025-12-28,GSK,3.59,32166001000.0,13.67,,0.23,5.42,,,,,,,,,,,,,,,None,1952000000,1952000000,,,,,,None,466000000,,0.64,0.0344,,,,0.232,0.2862,2136000000,2602000000,1.17,2010-03-31,9.43,,23299000000.0,5405000000,1931000000,536000000,,,None,205000000,None,,None,,,,,1340000000,0,None,None,0.326,,3311000000,2094000000,,,,,None,,,,,0.419,4.537,3.088,,,,,,,,0.171,,,2025-10-29,quarterly,1.4562,GBP,pre-market,1160000000,,0.0713,0.415,0.067,15.82,2350000000,,,,41.03,47.02,24.4615,,,,,,,7357000000,,13.67,,49.44,30.41
2025-12-28,GSK,3.59,32166001000.0,13.67,,0.23,5.42,,,,,,,,,,,,,,,None,2119000000,2119000000,,,,,,None,314000000,,0.64,0.0344,,,,0.232,0.2862,2463000000,2777000000,1.17,2009-12-31,9.43,,23299000000.0,5975000000,2250000000,582000000,,,None,213000000,None,,None,,,,,1630000000,0,None,None,0.326,,3528000000,2447000000,,,,,None,,,,,0.419,4.537,3.088,,,,,,,,0.171,,,2025-10-29,quarterly,1.4562,GBP,pre-market,1127000000,,0.0713,0.415,0.067,15.82,2954000000,,,,41.03,47.02,24.4615,,,,,,,8094000000,,13.67,,49.44,30.41
2025-12-28,GSK,3.59,32166001000.0,13.67,,0.23,5.42,,,,,,,,,,,,,,,None,1782000000,1782000000,,,,,,None,481000000,,0.64,0.0344,,,,0.232,0.2862,2112000000,2593000000,1.17,2009-09-30,9.43,,23299000000.0,4976000000,1913000000,542000000,,,None,199000000,None,,None,,,,,1335000000,0,None,None,0.326,,2905000000,2071000000,,,,,None,,,,,0.419,4.537,3.088,,,,,,,,0.171,,,2025-10-29,quarterly,1.4562,GBP,pre-market,882000000,,0.0713,0.415,0.067,15.82,2146000000,,,,41.03,47.02,24.4615,,,,,,,6758000000,,13.67,,49.44,30.41
2025-12-28,GSK,3.59,32166001000.0,13.67,,0.23,5.42,,,,,,,,,,,,,,,None,1692000000,1692000000,,,,,,None,164000000,,0.64,0.0344,,,,0.232,0.2862,2230000000,2394000000,1.17,2009-06-30,9.43,,23299000000.0,5055000000,2062000000,601000000,,,None,168000000,None,,None,,,,,1435000000,0,None,None,0.326,,2860000000,2195000000,,,,,None,,,,,0.419,4.537,3.088,,,,,,,,0.171,,,2025-10-29,quarterly,1.4562,GBP,pre-market,973000000,,0.0713,0.415,0.067,15.82,2292000000,,,,41.03,47.02,24.4615,,,,,,,6747000000,,13.67,,49.44,30.41
2025-12-28,GSK,3.59,32166001000.0,13.67,,0.23,5.42,,,,,,,,,,,,,,,None,1787000000,1787000000,,,,,,None,603000000,,0.64,0.0344,,,,0.232,0.2862,1869000000,2472000000,1.17,2009-03-31,9.43,,23299000000.0,4982000000,1666000000,497000000,,,None,203000000,None,,None,,,,,1131000000,0,None,None,0.326,,3270000000,1712000000,,,,,None,,,,,0.419,4.537,3.088,,,,,,,,0.171,,,2025-10-29,quarterly,1.4562,GBP,pre-market,1124000000,,0.0713,0.415,0.067,15.82,2200000000,,,,41.03,47.02,24.4615,,,,,,,6769000000,,13.67,,49.44,30.41
2025-12-28,GSK,3.59,32166001000.0,13.67,,0.23,5.42,,,,,,,,,,,,,,,None,1953000000,1953000000,,,,,,None,238000000,,0.64,0.0344,,,,0.232,0.2862,1637000000,1875000000,1.17,2008-12-31,9.43,,23299000000.0,4957000000,1396000000,379000000,,,None,241000000,None,,None,,,,,1017000000,0,None,None,0.326,,3375000000,1582000000,,,,,None,,,,,0.419,4.537,3.088,,,,,,,,0.171,,,2025-10-29,quarterly,1.4562,GBP,pre-market,1212000000,,0.0713,0.415,0.067,15.82,2296000000,,,,41.03,47.02,24.4615,,,,,,,6910000000,,13.67,,49.44,30.41
2025-12-28,GSK,3.59,32166001000.0,13.67,,0.23,5.42,,,,,,,,,,,,,,,None,1590000000,1590000000,,,,,,None,395000000,,0.64,0.0344,,,,0.232,0.2862,1771000000,2166000000,1.17,2008-09-30,9.43,,23299000000.0,4292000000,1553000000,497000000,,,None,218000000,None,,None,,,,,1027000000,0,None,None,0.326,,2635000000,1657000000,,,,,None,,,,,0.419,4.537,3.088,,,,,,,,0.171,,,2025-10-29,quarterly,1.4562,GBP,pre-market,869000000,,0.0713,0.415,0.067,15.82,1819000000,,,,41.03,47.02,24.4615,,,,,,,5882000000,,13.67,,49.44,30.41
2025-12-28,GSK,3.59,32166001000.0,13.67,,0.23,5.42,,,,,,,,,,,,,,,None,1513000000,1513000000,,,,,,None,288000000,,0.64,0.0344,,,,0.232,0.2862,2050000000,2338000000,1.17,2008-06-30,9.43,,23299000000.0,4361000000,1836000000,529000000,,,None,214000000,None,,None,,,,,1286000000,0,None,None,0.326,,2422000000,1939000000,,,,,None,,,,,0.419,4.537,3.088,,,,,,,,0.171,,,2025-10-29,quarterly,1.4562,GBP,pre-market,820000000,,0.0713,0.415,0.067,15.82,1796000000,,,,41.03,47.02,24.4615,,,,,,,5874000000,,13.67,,49.44,30.41
2025-12-28,GSK,3.59,32166001000.0,13.67,,0.23,5.42,,,,,,,,,,,,,,,None,1359000000,1359000000,,,,,,None,310000000,,0.64,0.0344,,,,0.232,0.2862,2044000000,2354000000,1.17,2008-03-31,9.43,,23299000000.0,4327000000,1874000000,542000000,,,None,168000000,None,,None,,,,,1307000000,0,None,None,0.326,,2364000000,1963000000,,,,,None,,,,,0.419,4.537,3.088,,,,,,,,0.171,,,2025-10-29,quarterly,1.4562,GBP,pre-market,780000000,,0.0713,0.415,0.067,15.82,1745000000,,,,41.03,47.02,24.4615,,,,,,,5686000000,,13.67,,49.44,30.41
2025-12-28,GSK,3.59,32166001000.0,13.67,,0.23,5.42,,,,,,,,,,,,,,,None,1532919500,1532919500,,,,,,None,103123250,,0.64,0.0344,,,,0.232,0.2862,1945617750,2048741000,1.17,2007-12-31,9.43,,23299000000.0,4463730000,1615520500,534221250,,,None,135102750,None,,None,,,,,1061987500,0,None,None,0.326,,2529818000,1933912000,,,,,None,,,,,0.419,4.537,3.088,,,,,,,,0.171,,,2025-10-29,quarterly,1.4562,GBP,pre-market,956310500,,0.0713,0.415,0.067,15.82,1692511000,,,,41.03,47.02,24.4615,,,,,,,5996649500,,13.67,,49.44,30.41
2025-12-28,GSK,3.59,32166001000.0,13.67,,0.23,5.42,,,,,,,,,,,,,,,None,1231801200,1231801200,,,,,,None,395940420,,0.64,0.0344,,,,0.232,0.2862,51813860,447754280,1.17,2007-09-30,9.43,,23299000000.0,4243359610,1881429690,535735760,,,None,1845746560,None,,None,,,,,1310010800,0,None,None,0.326,,4191545750,51813860,,,,,None,,,,,0.419,4.537,3.088,,,,,,,,0.171,,,2025-10-29,quarterly,1.4562,GBP,pre-market,768898130,,0.0713,0.415,0.067,15.82,1616494670,,,,41.03,47.02,24.4615,,,,,,,5475160810,,13.67,,49.44,30.41
2025-12-28,GSK,3.59,32166001000.0,13.67,,0.23,5.42,,,,,,,,,,,,,,,None,1212000000,1212000000,,,,,,None,250000000,,0.64,0.0344,,,,0.232,0.2862,2017000000,2267000000,1.17,2007-06-30,9.43,,23299000000.0,4462000000,1896000000,541000000,,,None,121000000,None,,None,,,,,1333000000,0,None,None,0.326,,2533000000,1929000000,,,,,None,,,,,0.419,4.537,3.088,,,,,,,,0.171,,,2025-10-29,quarterly,1.4562,GBP,pre-market,789000000,,0.0713,0.415,0.067,15.82,5367251000,,,,41.03,47.02,24.4615,,,,,,,5674000000,,13.67,,49.44,30.41
2025-12-28,GSK,3.59,32166001000.0,13.67,,0.23,5.42,,,,,,,,,,,,,,,None,1234000000,1234000000,,,,,,None,274000000,,0.64,0.0344,,,,0.232,0.2862,2239000000,2513000000,1.17,2007-03-31,9.43,,23299000000.0,4358000000,2143000000,610000000,,,None,96000000,None,,None,,,,,1514000000,0,None,None,0.326,,2192000000,2166000000,,,,,None,,,,,0.419,4.537,3.088,,,,,,,,0.171,,,2025-10-29,quarterly,1.4562,GBP,pre-market,726000000,,0.0713,0.415,0.067,15.82,4722432000,,,,41.03,47.02,24.4615,,,,,,,5592000000,,13.67,,49.44,30.41
2025-12-28,GSK,3.59,32166001000.0,13.67,,0.23,5.42,,,,,,,,,,,,,,,None,1443653330,1443653330,,,,,,None,71039570,,0.64,0.0344,,,,0.232,0.2862,1450189720,1521229290,1.17,2006-12-31,9.43,,23299000000.0,4507876750,1707512750,504417870,,,None,506164640,None,,None,,,,,1179377550,0,None,None,0.326,,2810176620,1697700130,,,,,None,,,,,0.419,4.537,3.088,,,,,,,,0.171,,,2025-10-29,quarterly,1.4562,GBP,pre-market,978986110,,0.0713,0.415,0.067,15.82,1931967740,,,,41.03,47.02,24.4615,,,,,,,5951530080,,13.67,,49.44,30.41
2025-12-28,GSK,3.59,32166001000.0,13.67,,0.23,5.42,,,,,,,,,,,,,,,None,1222000000,1222000000,,,,,,None,303000000,,0.64,0.0344,,,,0.232,0.2862,2103000000,2406000000,1.17,2006-09-30,9.43,,23299000000.0,4420000000,2022000000,596000000,,,None,81000000,None,,None,,,,,1391000000,0,None,None,0.326,,2397000000,2023000000,,,,,None,,,,,0.419,4.537,3.088,,,,,,,,0.171,,,2025-10-29,quarterly,1.4562,GBP,pre-market,871000000,,0.0713,0.415,0.067,15.82,4776061000,,,,41.03,47.02,24.4615,,,,,,,5642000000,,13.67,,49.44,30.41
2025-12-28,GSK,3.59,32166001000.0,13.67,,0.23,5.42,,,,,,,,,,,,,,,None,1209537300,1209537300,,,,,,None,352612380,,0.64,0.0344,,,,0.232,0.2862,1911447760,2264060140,1.17,2006-06-30,9.43,,23299000000.0,4603818260,1897918260,560121300,,,None,21106020,None,,None,,,,,1315608580,0,None,None,0.326,,2692370500,1911447760,,,,,None,,,,,0.419,4.537,3.088,,,,,,,,0.171,,,2025-10-29,quarterly,1.4562,GBP,pre-market,853440860,,0.0713,0.415,0.067,15.82,1883847580,,,,41.03,47.02,24.4615,,,,,,,5813355560,,13.67,,49.44,30.41
2025-12-28,GSK,3.59,32166001000.0,13.67,,0.23,5.42,,,,,,,,,,,,,,,None,1132844460,1132844460,,,,,,None,231862020,,0.64,0.0344,,,,0.232,0.2862,2171333160,2403195180,1.17,2006-03-31,9.43,,23299000000.0,4673486820,2167305780,639202740,,,None,92000000,None,,None,,,,,1500486720,0,None,None,0.326,,2502153660,2171333160,,,,,None,,,,,0.419,4.537,3.088,,,,,,,,0.171,,,2025-10-29,quarterly,1.4562,GBP,pre-market,751969380,,0.0713,0.415,0.067,15.82,1820951100,,,,41.03,47.02,24.4615,,,,,,,5806331280,,13.67,,49.44,30.41
2025-12-28,GSK,3.59,32166001000.0,13.67,,0.23,5.42,,,,,,,,,,,,,,,None,1297187000,1297187000,,,,,,None,234704000,,0.64,0.0344,,,,0.232,0.2862,-5088194000,-4853490000,1.17,2005-12-31,9.43,,23299000000.0,4604997000,1604414000,454503000,,,None,7079444320,None,,None,,,,,1120637000,0,None,None,0.326,,9482190000,-4877194000,,,,,None,,,,,0.419,4.537,3.088,,,,,,,,0.171,,,2025-10-29,quarterly,1.4562,GBP,pre-market,967358000,,0.0713,0.415,0.067,15.82,2038227520,,,,41.03,47.02,24.4615,,,,,,,5902184000,,13.67,,49.44,30.41
2025-12-28,GSK,3.59,32166001000.0,13.67,,0.23,5.42,,,,,,,,,,,,,,,None,1184000000,1184000000,,,,,,None,253000000,,0.64,0.0344,,,,0.232,0.2862,1866000000,2119000000,1.17,2005-09-30,9.43,,23299000000.0,4287000000,1753000000,500000000,,,None,113000000,None,,None,,,,,1207000000,0,None,None,0.326,,2504000000,1783000000,,,,,None,,,,,0.419,4.537,3.088,,,,,,,,0.171,,,2025-10-29,quarterly,1.4562,GBP,pre-market,803000000,,0.0713,0.415,0.067,15.82,1884000000,,,,41.03,47.02,24.4615,,,,,,,5471000000,,13.67,,49.44,30.41
2025-12-28,GSK,3.59,32166001000.0,13.67,,0.23,5.42,,,,,,,,,,,,,,,None,9048000000,9048000000,,,,,,None,2551000000,,0.64,0.0344,,,,0.232,0.2862,4117000000,6668000000,1.17,2024-12-31,9.43,,23299000000.0,22328000000,3477000000,526000000,,,None,657580000,60000000,,None,,,,,2575000000,2951000000,-603000000,None,0.326,,18307000000,4021000000,,,,,None,,,,,0.419,4.537,3.088,,,,,,,,0.171,,,2025-10-29,annual,1.4562,GBP,pre-market,6401000000,,0.0713,0.415,0.067,15.82,11015000000,,,,41.03,47.02,24.4615,,,,,,,31376000000,,13.67,,49.44,30.41
2025-12-28,GSK,3.59,32166001000.0,13.67,,0.23,5.42,,,,,,,,,,,,,,,None,8565000000,8565000000,,,,,,None,2294000000,,0.64,0.0344,,,,0.232,0.2862,6789000000,9083000000,1.17,2023-12-31,9.43,,23299000000.0,21763000000,6064000000,756000000,,,None,775000000,48000000,,None,,,,,4928000000,6535000000,-735000000,None,0.326,,15018000000,6745000000,,,,,None,,,,,0.419,4.537,3.088,,,,,,,,0.171,,,2025-10-29,annual,1.4562,GBP,pre-market,6223000000,,0.0713,0.415,0.067,15.82,9385000000,,,,41.03,47.02,24.4615,,,,,,,30328000000,,13.67,,49.44,30.41
2025-12-28,GSK,3.59,32166001000.0,13.67,,0.23,5.42,,,,,,,,,,,,,,,None,9554000000,9554000000,,,,,,None,2147000000,,0.64,0.0344,,,,0.232,0.2862,6454000000,8601000000,1.17,2022-12-31,9.43,,23299000000.0,19770000000,5628000000,707000000,,,None,855528000,76000000,,None,,,,,14956000000,4921000000,-803000000,None,0.326,,13337000000,6433000000,,,,,None,,,,,0.419,4.537,3.088,,,,,,,,0.171,,,2025-10-29,annual,1.4562,GBP,pre-market,5488000000,,0.0713,0.415,0.067,15.82,8372000000,,,,41.03,47.02,24.4615,,,,,,,29324000000,,13.67,,49.44,30.41
2025-12-28,GSK,3.59,32166001000.0,13.67,,0.23,5.42,,,,,,,,,,,,,,,None,8163000000,8163000000,,,,,,None,2122000000,,0.64,0.0344,,,,0.232,0.2862,4363000000,6485000000,1.17,2021-12-31,9.43,,23299000000.0,16533000000,3599000000,83000000,,,None,784000000,723000000,,None,,,,,4385000000,5096000000,-756000000,None,0.326,,12176000000,4357000000,,,,,None,,,,,0.419,4.537,3.088,,,,,,,,0.171,,,2025-10-29,annual,1.4562,GBP,pre-market,5019000000,,0.0713,0.415,0.067,15.82,7070000000,,,,41.03,47.02,24.4615,,,,,,,24696000000,,13.67,,49.44,30.41
2025-12-28,GSK,3.59,32166001000.0,13.67,,0.23,5.42,,,,,,,,,,,,,,,None,7929000000,7929000000,,,,,,None,2050000000,,0.64,0.0344,,,,0.232,0.2862,6017000000,8067000000,1.17,2020-12-31,9.43,,23299000000.0,16425000000,5170000000,67000000,,,None,892000000,44000000,,None,,,,,5749000000,6388000000,-848000000,None,0.326,,10446000000,5979000000,,,,,None,,,,,0.419,4.537,3.088,,,,,,,,0.171,,,2025-10-29,annual,1.4562,GBP,pre-market,4793000000,,0.0713,0.415,0.067,15.82,7437000000,,,,41.03,47.02,24.4615,,,,,,,24354000000,,13.67,,49.44,30.41
2025-12-28,GSK,3.59,32166001000.0,13.67,,0.23,5.42,,,,,,,,,,,,,,,None,11863000000,11863000000,,,,,,None,2120000000,,0.64,0.0344,,,,0.232,0.2862,7100000000,9220000000,1.17,2019-12-31,9.43,,23299000000.0,21891000000,6221000000,953000000,,,None,912000000,708000000,,None,,,,,4645000000,5268000000,-840000000,None,0.326,,14930000000,6961000000,,,,,0,,,,,0.419,4.537,3.088,,,,,,,,0.171,,,2025-10-29,annual,1.4562,GBP,pre-market,4568000000,,0.0713,0.415,0.067,15.82,11402000000,,,,41.03,47.02,24.4615,,,,,,,33754000000,,13.67,,49.44,30.41
2025-12-28,GSK,3.59,32166001000.0,13.67,,0.23,5.42,,,,,,,,,,,,,,,None,10241000000,10241000000,,,,,,None,1856000000,,0.64,0.0344,,,,0.232,0.2862,5494000000,7350000000,1.17,2018-12-31,9.43,,23299000000.0,20580000000,4800000000,754000000,,,None,743636000,602000000,,None,,,,,3623000000,4046000000,-728000000,None,0.326,,15097000000,5483000000,,,,,0,,,,,0.419,4.537,3.088,,,,,,,,0.171,,,2025-10-29,annual,1.4562,GBP,pre-market,3893000000,,0.0713,0.415,0.067,15.82,9915000000,,,,41.03,47.02,24.4615,,,,,,,30821000000,,13.67,,49.44,30.41
2025-12-28,GSK,3.59,32166001000.0,13.67,,0.23,5.42,,,,,,,,,,,,,,,None,10342000000,10342000000,,,,,,None,1922000000,,0.64,0.0344,,,,0.232,0.2862,4262000000,6184000000,1.17,2017-12-31,9.43,,23299000000.0,19844000000,3525000000,1356000000,,,None,734000000,646000000,,None,,,,,1532000000,2169000000,-667000000,None,0.326,,15757000000,4087000000,,,,,0,,,,,0.419,4.537,3.088,,,,,,,,0.171,,,2025-10-29,annual,1.4562,GBP,pre-market,4476000000,,0.0713,0.415,0.067,15.82,9672000000,,,,41.03,47.02,24.4615,,,,,,,30186000000,,13.67,,49.44,30.41
2025-12-28,GSK,3.59,32166001000.0,13.67,,0.23,5.42,,,,,,,,,,,,,,,None,9290000000,9290000000,,,,,,None,1774000000,,0.64,0.0344,,,,0.232,0.2862,2656000000,4430000000,1.17,2016-12-31,9.43,,23299000000.0,18599000000,1939000000,877000000,,,None,736000000,628000000,,None,,,,,912000000,1062000000,-662000000,None,0.326,,16001000000,2598000000,,,,,0,,,,,0.419,4.537,3.088,,,,,,,,0.171,,,2025-10-29,annual,1.4562,GBP,pre-market,3628000000,,0.0713,0.415,0.067,15.82,9366000000,,,,41.03,47.02,24.4615,,,,,,,27889000000,,13.67,,49.44,30.41
2025-12-28,GSK,3.59,32166001000.0,13.67,,0.23,5.42,,,,,,,,,,,,,,,None,8853000000,8853000000,,,,,,None,1630000000,,0.64,0.0344,,,,0.232,0.2862,11261000000,12891000000,1.17,2015-12-31,9.43,,23299000000.0,15070000000,10526000000,2154000000,,,None,757000000,609000000,,None,,,,,8422000000,85808459982.48,None,None,0.326,,4748000000,10322000000,,,,,0,,,,,0.419,4.537,3.088,,,,,,,,0.171,,,2025-10-29,annual,1.4562,GBP,pre-market,3560000000,,0.0713,0.415,0.067,15.82,9232000000,,,,41.03,47.02,24.4615,,,,,,,23923000000,,13.67,,49.44,30.41
2025-12-28,GSK,3.59,32166001000.0,13.67,,0.23,5.42,,,,,,,,,,,,,,,None,7323000000,7323000000,,,,,,None,1484000000,,0.64,0.0344,,,,0.232,0.2862,3671000000,5155000000,1.17,2014-12-31,9.43,,23299000000.0,15683000000,2968000000,137000000,,,None,696199000,None,,None,,,,,2756000000,2831000000,None,None,0.326,,12086000000,3597000000,,,,,None,,,,,0.419,4.537,3.088,,,,,,,,0.171,,,2025-10-29,annual,1.4562,GBP,pre-market,3450000000,,0.0713,0.415,0.067,15.82,8246000000,,,,41.03,47.02,24.4615,,,,,,,23006000000,,13.67,,49.44,30.41
2025-12-28,GSK,3.59,32166001000.0,13.67,,0.23,5.42,,,,,,,,,,,,,,,None,8585000000,8585000000,,,,,,None,1414000000,,0.64,0.0344,,,,0.232,0.2862,7387000000,8801000000,1.17,2013-12-31,9.43,,23299000000.0,17920000000,6647000000,1019000000,,,None,767000000,None,,None,,,,,5436000000,5628000000,None,None,0.326,,10892000000,7028000000,,,,,None,,,,,0.419,4.537,3.088,,,,,,,,0.171,,,2025-10-29,annual,1.4562,GBP,pre-market,3923000000,,0.0713,0.415,0.067,15.82,8480000000,,,,41.03,47.02,24.4615,,,,,,,26505000000,,13.67,,49.44,30.41
2025-12-28,GSK,3.59,32166001000.0,13.67,,0.23,5.42,,,,,,,,,,,,,,,None,7925000000,7925000000,,,,,,None,1445000000,,0.64,0.0344,,,,0.232,0.2862,7360000000,8805000000,1.17,2012-12-31,9.43,,23299000000.0,18506000000,6600000000,1922000000,,,None,734974000,None,,None,,,,,4499000000,None,None,None,0.326,,11206000000,7300000000,,,,,None,,,,,0.419,4.537,3.088,,,,,,,,0.171,,,2025-10-29,annual,1.4562,GBP,pre-market,3979000000,,0.0713,0.415,0.067,15.82,8789000000,,,,41.03,47.02,24.4615,,,,,,,26431000000,,13.67,,49.44,30.41
2025-12-28,GSK,3.59,32166001000.0,13.67,,0.23,5.42,,,,,,,,,,,,,,,None,7648000000,7648000000,,,,,,None,1423000000,,0.64,0.0344,,,,0.232,0.2862,8454000000,9877000000,1.17,2011-12-31,9.43,,23299000000.0,19739000000,7698000000,2240000000,,,None,742337000,None,,None,,,,,5261000000,None,None,None,0.326,,11932000000,7807000000,,,,,None,,,,,0.419,4.537,3.088,,,,,,,,0.171,,,2025-10-29,annual,1.4562,GBP,pre-market,4009000000,,0.0713,0.415,0.067,15.82,8510000000,,,,41.03,47.02,24.4615,,,,,,,27387000000,,13.67,,49.44,30.41
2025-12-28,GSK,3.59,32166001000.0,13.67,,0.23,5.42,,,,,,,,,,,,,,,None,7898000000,7898000000,,,,,,None,1679000000,,0.64,0.0344,,,,0.232,0.2862,3942000000,5621000000,1.17,2010-12-31,9.43,,23299000000.0,20494000000,3157000000,1304000000,,,None,765363000,None,,None,,,,,1634000000,None,None,None,0.326,,16711000000,3783000000,,,,,None,,,,,0.419,4.537,3.088,,,,,,,,0.171,,,2025-10-29,annual,1.4562,GBP,pre-market,4457000000,,0.0713,0.415,0.067,15.82,12747000000,,,,41.03,47.02,24.4615,,,,,,,28392000000,,13.67,,49.44,30.41
2025-12-28,GSK,3.59,32166001000.0,13.67,,0.23,5.42,,,,,,,,,,,,,,,None,7380000000,7380000000,,,,,,None,1562000000,,0.64,0.0344,,,,0.232,0.2862,8674000000,10236000000,1.17,2009-12-31,9.43,,23299000000.0,20988000000,7891000000,2222000000,,,None,783000000,None,,None,,,,,5531000000,None,None,None,0.326,,12563000000,8425000000,,,,,None,,,,,0.419,4.537,3.088,,,,,,,,0.171,,,2025-10-29,annual,1.4562,GBP,pre-market,4106000000,,0.0713,0.415,0.067,15.82,9592000000,,,,41.03,47.02,24.4615,,,,,,,28368000000,,13.67,,49.44,30.41
2025-12-28,GSK,3.59,32166001000.0,13.67,,0.23,5.42,,,,,,,,,,,,,,,None,6415000000,6415000000,,,,,,None,1231000000,,0.64,0.0344,,,,0.232,0.2862,7502000000,8733000000,1.17,2008-12-31,9.43,,23299000000.0,17937000000,6659000000,1947000000,,,None,843000000,None,,None,,,,,4602000000,None,None,None,0.326,,10796000000,7141000000,,,,,None,,,,,0.419,4.537,3.088,,,,,,,,0.171,,,2025-10-29,annual,1.4562,GBP,pre-market,3681000000,,0.0713,0.415,0.067,15.82,7656000000,,,,41.03,47.02,24.4615,,,,,,,24352000000,,13.67,,49.44,30.41
2025-12-28,GSK,3.59,32166001000.0,13.67,,0.23,5.42,,,,,,,,,,,,,,,None,5210920000,5210920000,,,,,,None,1023123000,,0.64,0.0344,,,,0.232,0.2862,8200618000,9223741000,1.17,2007-12-31,9.43,,23299000000.0,17527730000,7536521000,2221221000,,,None,314850000,None,,None,,,,,5219492000,None,None,None,0.326,,9588818000,7938912000,,,,,None,,,,,0.419,4.537,3.088,,,,,,,,0.171,,,2025-10-29,annual,1.4562,GBP,pre-market,3240311000,,0.0713,0.415,0.067,15.82,6823511000,,,,41.03,47.02,24.4615,,,,,,,22738650000,,13.67,,49.44,30.41
2025-12-28,GSK,3.59,32166001000.0,13.67,,0.23,5.42,,,,,,,,,,,,,,,None,5008653000,5008653000,,,,,,None,958040000,,0.64,0.0344,,,,0.232,0.2862,7805189000,8763229000,1.17,2006-12-31,9.43,,23299000000.0,18208877000,7796513000,2300418000,,,None,352000000,None,,None,,,,,5387378000,None,None,None,0.326,,10403177000,7805700000,,,,,None,,,,,0.419,4.537,3.088,,,,,,,,0.171,,,2025-10-29,annual,1.4562,GBP,pre-market,3455986000,,0.0713,0.415,0.067,15.82,7254968000,,,,41.03,47.02,24.4615,,,,,,,23217530000,,13.67,,49.44,30.41
2025-12-28,GSK,3.59,32166001000.0,13.67,,0.23,5.42,,,,,,,,,,,,,,,None,4763187000,4763187000,,,,,,None,903704000,,0.64,0.0344,,,,0.232,0.2862,363806000,1267510000,1.17,2005-12-31,9.43,,23299000000.0,16891997000,6730414000,1915503000,,,None,451000000,None,,None,,,,,4687637000,None,None,None,0.326,,16528190000,363806000,,,,,None,,,,,0.419,4.537,3.088,,,,,,,,0.171,,,2025-10-29,annual,1.4562,GBP,pre-market,3135358000,,0.0713,0.415,0.067,15.82,7248228000,,,,41.03,47.02,24.4615,,,,,,,21655184000,,13.67,,49.44,30.41
2025-12-28,GSK,3.59,32166001000.0,13.67,None,0.23,5.42,,None,4437240000,4437240000,,,,,,,,,1816091250,2051000000,None,4763187000,4763187000,21102468750,None,None,11179260000,None,None,903704000,,0.64,0.0344,,,,0.232,0.2862,363806000,1267510000,1.17,2025-09-30,9.43,9581261250,23299000000.0,16891997000,6730414000,1915503000,22704506250,22704506250,None,451000000,None,8236357500,None,None,14894000000,None,None,4687637000,None,None,None,0.326,,16528190000,363806000,153472500,3773538750,None,6567000000,None,,,,,0.419,4.537,3.088,,,,,,,,0.171,,10132000000,2025-10-29,quarterly,1.4562,GBP,pre-market,3135358000,13484040000,0.0713,0.415,0.067,15.82,7248228000,23895937500,3844890000,13462500,41.03,47.02,24.4615,82577628750,24019792500,28720897500,61371498750,58557836250,32650601250,21655184000,21739245000,13.67,None,49.44,30.41
2025-12-28,GSK,3.59,32166001000.0,13.67,None,0.23,5.42,,None,4931889650,4931889650,,,,,,,,,1848602150,2055000000,None,4763187000,4763187000,20308587000,None,None,10547583950,None,None,903704000,,0.64,0.0344,,,,0.232,0.2862,363806000,1267510000,1.17,2025-06-30,9.43,9227936900,23299000000.0,16891997000,6730414000,1915503000,21070501600,21070501600,None,451000000,None,8320765199,None,None,15304000000,None,None,4687637000,None,None,None,0.326,,16528190000,363806000,390549750,4807187800,None,6442000000,None,,,,,0.419,4.537,3.088,,,,,,,,0.171,,9918000000,2025-10-29,quarterly,1.4562,USD,pre-market,3135358000,12054968950,0.0713,0.415,0.067,15.82,7248228000,23781053900,2809217500,27407000,41.03,47.02,24.4615,81204200300,24218195550,27924992300,61534196400,56986004749,33609204100,21655184000,20268846850,13.67,None,49.44,30.41
2025-12-28,GSK,3.59,32166001000.0,13.67,None,0.23,5.42,,None,5761908000,5761908000,,,,,,,,,1741221750,2068500000,None,4763187000,4763187000,19553571750,None,None,9681915750,None,None,903704000,,0.64,0.0344,,,,0.232,0.2862,363806000,1267510000,1.17,2025-03-31,9.43,8939734500,23299000000.0,16891997000,6730414000,1915503000,20985013500,20985013500,None,451000000,None,7744500000,None,None,16474000000,None,None,4687637000,None,None,None,0.326,,16528190000,363806000,127784250,4806753000,None,6884000000,None,,,,,0.419,4.537,3.088,,,,,,,,0.171,,9971000000,2025-10-29,quarterly,1.4562,GBP,pre-market,3135358000,10722260250,0.0713,0.415,0.067,15.82,7248228000,23791104000,2527288500,27105750,41.03,47.02,24.4615,78354978750,23343213750,26887613250,60731078250,55011765000,33843464999,21655184000,18273147750,13.67,None,49.44,30.41
2025-12-28,GSK,3.59,32166001000.0,13.67,None,0.23,5.42,,1102000000,3693000000,3693000000,,,,,,,,,1348000000,2072500000,None,4763187000,4763187000,3462000000,None,2181000000,5999000000,None,None,903704000,,0.64,0.0344,,,,0.232,0.2862,363806000,1267510000,1.17,2024-12-31,9.43,6982000000,23299000000.0,16891997000,6730414000,1915503000,15515000000,15515000000,None,451000000,None,5669000000,None,None,13703000000,None,None,4687637000,None,None,None,0.326,,16528190000,363806000,1615000000,15183000000,None,6108000000,None,,,,,0.419,4.537,3.088,,,,,,,,0.171,,10073000000,2025-10-29,quarterly,1.4562,GBP,pre-market,3135358000,7796000000,0.0713,0.415,0.067,15.82,7248228000,16986000000,2349000000,21000000,41.03,47.02,24.4615,59463000000,16997000000,21697000000,46377000000,42466000000,24680000000,21655184000,13671000000,13.67,None,49.44,30.41
2025-12-28,GSK,3.59,32166001000.0,13.67,None,0.23,5.42,,None,3192000000,3192000000,,,,,,,,,1348000000,2040000000,None,4763187000,4763187000,14375000000,None,None,7383000000,None,None,903704000,,0.64,0.0344,,,,0.232,0.2862,363806000,1267510000,1.17,2024-09-30,9.43,6680000000,23299000000.0,16891997000,6730414000,1915503000,15010000000,15010000000,None,451000000,None,5918000000,None,None,13244000000,None,None,4687637000,None,None,None,0.326,,16528190000,363806000,785000000,3701000000,None,7060000000,None,,,,,0.419,4.537,3.088,,,,,,,,0.171,,9725000000,2025-10-29,quarterly,1.4562,GBP,pre-market,3135358000,8187000000,0.0713,0.415,0.067,15.82,7248228000,16059000000,2815000000,20000000,41.03,47.02,24.4615,58049000000,17298000000,21459000000,44596000000,40751000000,23137000000,21655184000,14008000000,13.67,None,49.44,30.41
2025-12-28,GSK,3.59,32166001000.0,13.67,None,0.23,5.42,,None,3744264200,3744264200,,,,,,,,,1704006800,2061000000,None,4763187000,4763187000,18007104500,None,None,9832169800,None,None,903704000,,0.64,0.0344,,,,0.232,0.2862,363806000,1267510000,1.17,2024-06-30,9.43,8798136000,23299000000.0,16891997000,6730414000,1915503000,19559419300,19559419300,None,451000000,None,7406361900,None,None,None,None,None,4687637000,None,None,None,0.326,,16528190000,363806000,182030400,2725049399,None,7170000000,None,,,,,0.419,4.537,3.088,,,,,,,,0.171,,None,2025-10-29,quarterly,1.4562,GBP,pre-market,3135358000,10849770300,0.0713,0.415,0.067,15.82,7248228000,21417646300,4254960600,26546100,41.03,47.02,24.4615,73401230600,21191372400,25718114500,55994573600,52209858199,30276459100,21655184000,18167645200,13.67,None,49.44,30.41
2025-12-28,GSK,3.59,32166001000.0,13.67,None,0.23,5.42,,None,3524467500,3524467500,,,,,,,,,1702861000,2056500000,None,4763187000,4763187000,18469978250,None,None,9210355749,None,None,903704000,,0.64,0.0344,,,,0.232,0.2862,363806000,1267510000,1.17,2024-03-31,9.43,8814958499,23299000000.0,16891997000,6730414000,1915503000,19791337750,19791337750,None,451000000,None,7203051499,None,None,None,None,None,4687637000,None,None,None,0.326,,16528190000,363806000,147800250,2575819250,None,7100000000,None,,,,,0.419,4.537,3.088,,,,,,,,0.171,,None,2025-10-29,quarterly,1.4562,GBP,pre-market,3135358000,10023888750,0.0713,0.415,0.067,15.82,7248228000,22450479000,3304662000,1648541250,41.03,47.02,24.4615,73914020749,21734216250,25070459500,57202486500,52179804499,32132027000,21655184000,17483380000,13.67,None,49.44,30.41
2025-12-28,GSK,3.59,32166001000.0,13.67,None,0.23,5.42,,1207000000,3742812800,3742812800,,,,,,,,,1718430400,2058823529,None,4763187000,4763187000,20197931200,None,2657000000,9437344400,None,None,903704000,,0.64,0.0344,,,,0.232,0.2862,363806000,1267510000,1.17,2023-12-31,9.43,8682662800,23299000000.0,16891997000,6730414000,1915503000,18826246400,18826246400,None,451000000,None,7008850400,None,None,14154000000,None,None,4687637000,None,None,None,0.326,,16528190000,363806000,715162800,2573542800,None,5609000000,None,,,,,0.419,4.537,3.088,,,,,,,,0.171,,None,2025-10-29,quarterly,1.4562,GBP,pre-market,3135358000,9228277200,0.0713,0.415,0.067,15.82,7248228000,22969346400,3586012400,2863200800,41.03,47.02,24.4615,75219574000,23767371200,26857486400,58908508000,51452202799,32051021600,21655184000,17014755600,13.67,-3447000000,49.44,30.41
2025-12-28,GSK,3.59,32166001000.0,13.67,None,0.23,5.42,,None,3877687350,3877687350,,,,,,,,,1645301400,2056000000,None,4763187000,4763187000,19018610100,None,None,10831160700,None,None,903704000,,0.64,0.0344,,,,0.232,0.2862,363806000,1267510000,1.17,2023-09-30,9.43,8510895150,23299000000.0,16891997000,6730414000,1915503000,18668312250,18668312250,None,451000000,None,6688614000,None,None,15993000000,None,None,4687637000,None,None,None,0.326,,16528190000,363806000,247771650,2112380750,None,6550000000,None,,,,,0.419,4.537,3.088,,,,,,,,0.171,,9454000000,2025-10-29,quarterly,1.4562,GBP,pre-market,3135358000,8564599350,0.0713,0.415,0.067,15.82,7248228000,25431379800,5911123650,4279248300,41.03,47.02,24.4615,74285114100,25924482000,27328114500,58882993650,48360632100,31554879149,21655184000,16029483150,13.67,-3796000000,49.44,30.41
2025-12-28,GSK,3.59,32166001000.0,13.67,None,0.23,5.42,,None,3992039000,3992039000,,,,,,,,,1713779800,2046500000,None,4763187000,4763187000,17736603850,None,None,9020228250,None,None,903704000,,0.64,0.0344,,,,0.232,0.2862,363806000,1267510000,1.17,2023-06-30,9.43,8538386599,23299000000.0,16891997000,6730414000,1915503000,19745336850,19745336850,None,451000000,None,7007681200,None,None,15553000000,None,None,4687637000,None,None,None,0.326,,16528190000,363806000,301309950,2298738600,None,6184000000,None,,,,,0.419,4.537,3.088,,,,,,,,0.171,,9315000000,2025-10-29,quarterly,1.4562,GBP,pre-market,3135358000,8159524300,0.0713,0.415,0.067,15.82,7248228000,27300969900,7527663350,4276821400,41.03,47.02,24.4615,75595742350,24598079800,28107005800,60137397700,50997662550,32030391900,21655184000,16134702850,13.67,-3796000000,49.44,30.41
2025-12-28,GSK,3.59,32166001000.0,13.67,None,0.23,5.42,,None,3573340500,3573340500,,,,,,,,,1666734600,2042500000,None,4763187000,4763187000,17641668600,None,None,8814652050,None,None,903704000,,0.64,0.0344,,,,0.232,0.2862,363806000,1267510000,1.17,2023-03-31,9.43,8478337649,23299000000.0,16891997000,6730414000,1915503000,17508132000,17508132000,None,451000000,None,6621189750,None,None,16644000000,None,None,4687637000,None,None,None,0.326,,16528190000,363806000,321476999,2255387150,None,6514000000,None,,,,,0.419,4.537,3.088,,,,,,,,0.171,,9414000000,2025-10-29,quarterly,1.4562,GBP,pre-market,3135358000,6992124750,0.0713,0.415,0.067,15.82,7248228000,25847987250,5268513450,5050898250,41.03,47.02,24.4615,72451024200,24381557550,25589569200,58464301800,48069466650,32874732600,21655184000,14614839000,13.67,-3796000000,49.44,30.41
2025-12-28,GSK,3.59,32166001000.0,13.67,None,0.23,5.42,,1008000000,3723000000,3723000000,,,,,,,,,1347000000,2045500000,None,4763187000,4763187000,3866000000,None,3785000000,6218000000,None,None,903704000,,0.64,0.0344,,,,0.232,0.2862,363806000,1267510000,1.17,2022-12-31,9.43,7046000000,23299000000.0,16891997000,6730414000,1915503000,14318000000,14318000000,None,451000000,None,5146000000,None,None,17035000000,None,None,4687637000,None,None,None,0.326,,16528190000,363806000,1446000000,14521000000,None,6678000000,None,,,,,0.419,4.537,3.088,,,,,,,,0.171,,9620000000,2025-10-29,quarterly,1.4562,GBP,pre-market,3135358000,4363000000,0.0713,0.415,0.067,15.82,7248228000,20987000000,3952000000,4154000000,41.03,47.02,24.4615,60146000000,20769000000,22810000000,50050000000,39377000000,27240000000,21655184000,10598000000,13.67,-3798000000,49.44,30.41
2025-12-28,GSK,3.59,32166001000.0,13.67,None,0.23,5.42,,None,4025377800,4025377800,,,,,,,,,1503656100,2044000000,None,4763187000,4763187000,17989174500,None,None,9035332200,None,None,903704000,,0.64,0.0344,,,,0.232,0.2862,363806000,1267510000,1.17,2022-09-30,9.43,8031778500,23299000000.0,16891997000,6730414000,1915503000,17402000700,17402000700,None,451000000,None,5200841700,None,None,19322000000,None,None,4687637000,None,None,None,0.326,,16528190000,363806000,373960500,2153833500,None,7250000000,None,,,,,0.419,4.537,3.088,,,,,,,,0.171,,9650000000,2025-10-29,quarterly,1.4562,GBP,pre-market,3135358000,2893449600,0.0713,0.415,0.067,15.82,7248228000,24686974500,3117825900,3968446500,41.03,47.02,24.4615,67327401900,22603958700,23389833900,57597731100,44723443199,34207897199,21655184000,10216377600,13.67,-4265000000,49.44,30.41
2025-12-28,GSK,3.59,32166001000.0,13.67,None,0.23,5.42,,None,7851419250,7851419250,,,,,,,,,1635864150,2032000000,None,4763187000,4763187000,17981146700,None,None,8343271500,None,None,903704000,,0.64,0.0344,,,,0.232,0.2862,363806000,1267510000,1.17,2022-06-30,9.43,7172541700,23299000000.0,16891997000,6730414000,1915503000,13809510950,13809510950,None,451000000,None,5664194800,None,None,18784000000,None,None,4687637000,None,None,None,0.326,,16528190000,363806000,43868362899,23632093900,None,6353000000,None,,,,,0.419,4.537,3.088,,,,,,,,0.171,,9153000000,2025-10-29,quarterly,1.4562,GBP,pre-market,3135358000,11930756800,0.0713,0.415,0.067,15.82,7248228000,26852703950,4040475150,81368150,41.03,47.02,24.4615,108140700250,65808616599,45948715750,80645552250,42332083650,34696836499,21655184000,19885404300,13.67,-4265000000,49.44,30.41
2025-12-28,GSK,3.59,32166001000.0,13.67,None,0.23,5.42,,None,4901887950,4901887950,,,,,,,,,1773527550,2033000000,None,4763187000,4763187000,21412678950,None,None,9819575700,None,None,903704000,,0.64,0.0344,,,,0.232,0.2862,363806000,1267510000,1.17,2022-03-31,9.43,9277115900,23299000000.0,16891997000,6730414000,1915503000,18851794700,18851794700,None,451000000,None,6775480900,None,None,29226000000,None,None,4687637000,None,None,None,0.326,,16528190000,363806000,379195200,2633706750,None,6095000000,None,,,,,0.419,4.537,3.088,,,,,,,,0.171,,10704000000,2025-10-29,quarterly,1.4562,GBP,pre-market,3135358000,5744543950,0.0713,0.415,0.067,15.82,7248228000,27632533550,5203400800,5469364100,41.03,47.02,24.4615,79191230900,27345503850,30032786500,65898332500,51845727049,35865546000,21655184000,13953856700,13.67,-4265000000,49.44,30.41
2025-12-28,GSK,3.59,32166001000.0,13.67,None,0.23,5.42,,1015000000,5788919300,5788919300,,,,,,,,,1824444150,2037600000,None,4763187000,4763187000,6142430750,None,3398000000,10877587950,None,None,903704000,,0.64,0.0344,,,,0.232,0.2862,363806000,1267510000,1.17,2021-12-31,9.43,14292156400,23299000000.0,16891997000,6730414000,1915503000,40740501550,40740501550,None,451000000,None,7832784350,None,None,20572000000,None,None,4687637000,None,None,None,0.326,,16528190000,363806000,711086250,20135210150,None,6039000000,None,,,,,0.419,4.537,3.088,,,,,,,,0.171,,10672000000,2025-10-29,quarterly,1.4562,GBP,pre-market,3135358000,13264128850,0.0713,0.415,0.067,15.82,7248228000,32741119850,4877374450,82621450,41.03,47.02,24.4615,107141058350,25292999300,32059831500,78234386450,81848059050,46174554950,21655184000,20391244750,13.67,-4969000000,49.44,30.41
2025-12-28,GSK,3.59,32166001000.0,13.67,None,0.23,5.42,,None,4655852550,4655852550,,,,,,,,,1816227450,2027000000,None,4763187000,4763187000,20535370500,None,None,11169731400,None,None,903704000,,0.64,0.0344,,,,0.232,0.2862,363806000,1267510000,1.17,2021-09-30,9.43,14268239700,23299000000.0,16891997000,6730414000,1915503000,40775452350,40775452350,None,451000000,None,8419097400,None,None,20736000000,None,None,4687637000,None,None,None,0.326,,16528190000,363806000,285850200,2408475300,None,5872000000,None,,,,,0.419,4.537,3.088,,,,,,,,0.171,,10667000000,2025-10-29,quarterly,1.4562,GBP,pre-market,3135358000,10494208050,0.0713,0.415,0.067,15.82,7248228000,34524501750,6565116150,82249350,41.03,47.02,24.4615,106100313150,24612780900,30225961950,76776397350,81487532250,46550435400,21655184000,20799647100,13.67,None,49.44,30.41
2025-12-28,GSK,3.59,32166001000.0,13.67,None,0.23,5.42,,None,4839219350,4839219350,,,,,,,,,1860813150,2019000000,None,4763187000,4763187000,19709147150,None,None,10370545150,None,None,903704000,,0.64,0.0344,,,,0.232,0.2862,363806000,1267510000,1.17,2021-06-30,9.43,14415430750,23299000000.0,16891997000,6730414000,1915503000,40522072850,40522072850,None,451000000,None,8744578500,None,None,20442000000,None,None,4687637000,None,None,None,0.326,,16528190000,363806000,230702150,2461034550,None,5826000000,None,,,,,0.419,4.537,3.088,,,,,,,,0.171,,10589000000,2025-10-29,quarterly,1.4562,GBP,pre-market,3135358000,10193719550,0.0713,0.415,0.067,15.82,7248228000,35203490350,6963889450,81505550,41.03,47.02,24.4615,106386845950,24266550700,29545071150,76577917850,82120295250,47032846699,21655184000,21242556650,13.67,None,49.44,30.41
2025-12-28,GSK,3.59,32166001000.0,13.67,None,0.23,5.42,,None,6563232900,6563232900,,,,,,,,,1857076200,2014800000,None,4763187000,4763187000,20157417000,None,None,9910385099,None,None,903704000,,0.64,0.0344,,,,0.232,0.2862,363806000,1267510000,1.17,2021-03-31,9.43,14406827400,23299000000.0,16891997000,6730414000,1915503000,40588014600,40588014600,None,451000000,None,8576215200,None,None,23047000000,None,None,4687637000,None,None,None,0.326,,16528190000,363806000,424947600,2779592100,None,5846000000,None,,,,,0.419,4.537,3.088,,,,,,,,0.171,,10633000000,2025-10-29,quarterly,1.4562,GBP,pre-market,3135358000,9243989999,0.0713,0.415,0.067,15.82,7248228000,36174354300,4376408400,82782000,41.03,47.02,24.4615,107725596300,25557562800,27973417500,78738099300,82168033500,50764681800,21655184000,20509240500,13.67,None,49.44,30.41
2025-12-28,GSK,3.59,32166001000.0,13.67,None,0.23,5.42,,1117000000,8600849400,8600849400,,,,,,,,,1839914700,2016800000,None,4763187000,4763187000,5955801150,None,3495000000,9929524800,None,None,903704000,,0.64,0.0344,,,,0.232,0.2862,363806000,1267510000,1.17,2020-12-31,9.43,14485569150,23299000000.0,16891997000,6730414000,1915503000,40767916800,40767916800,None,451000000,None,8196232200,None,None,23425000000,None,None,4687637000,None,None,None,0.326,,16528190000,363806000,843408150,18189049750,None,5907000000,None,,,,,0.419,4.537,3.088,,,,,,,,0.171,,11006000000,2025-10-29,quarterly,1.4562,GBP,pre-market,3135358000,11761237800,0.0713,0.415,0.067,15.82,7248228000,37112692500,5091888750,106622100,41.03,47.02,24.4615,109945155450,27676636650,30275208600,81501659850,82268518800,51226451250,21655184000,19939699650,13.67,None,49.44,30.41
2025-12-28,GSK,3.59,32166001000.0,13.67,None,0.23,5.42,,None,5537062400,5537062400,,,,,,,,,1740108800,2016000000,None,4763187000,4763187000,19575577600,None,None,10886668800,None,None,903704000,,0.64,0.0344,,,,0.232,0.2862,363806000,1267510000,1.17,2020-09-30,9.43,14076006400,23299000000.0,16891997000,6730414000,1915503000,39642419200,39642419200,None,451000000,None,8325631999,None,None,23334000000,None,None,4687637000,None,None,None,0.326,,16528190000,363806000,845491200,2316614400,None,6118000000,None,,,,,0.419,4.537,3.088,,,,,,,,0.171,,11205000000,2025-10-29,quarterly,1.4562,GBP,pre-market,3135358000,9120703999,0.0713,0.415,0.067,15.82,7248228000,36519014400,6352819200,107302400,41.03,47.02,24.4615,104622425600,25702156800,28673011200,77958425600,78920268800,49285414400,21655184000,18468940800,13.67,None,49.44,30.41
2025-12-28,GSK,3.59,32166001000.0,13.67,None,0.23,5.42,,None,10089909600,10089909600,,,,,,,,,1663117600,2009200000,None,4763187000,4763187000,19090020000,None,492000000,9262057600,None,None,903704000,,0.64,0.0344,,,,0.232,0.2862,363806000,1267510000,1.17,2020-06-30,9.43,13589128800,23299000000.0,16891997000,6730414000,1915503000,38628562800,38628562800,None,451000000,None,7902897600,None,None,25726000000,None,None,4687637000,None,None,None,0.326,,16528190000,363806000,1029254800,2416356000,None,5854000000,None,,,,,0.419,4.537,3.088,,,,,,,,0.171,,11431000000,2025-10-29,quarterly,1.4562,GBP,pre-market,3135358000,8182143200,0.0713,0.415,0.067,15.82,7248228000,39156164000,7369118400,107497200,41.03,47.02,24.4615,104581184000,28391616800,29560494400,79699906800,76189567199,50139412400,21655184000,16795510800,13.67,None,49.44,30.41
2025-12-28,GSK,3.59,32166001000.0,13.67,None,0.23,5.42,,None,5913321550,5913321550,,,,,,,,,1668972700,2004000000,None,4763187000,4763187000,18983634500,None,None,11029355250,None,None,903704000,,0.64,0.0344,,,,0.232,0.2862,363806000,1267510000,1.17,2020-03-31,9.43,13514215050,23299000000.0,16891997000,6730414000,1915503000,39057185050,39057185050,None,451000000,None,7380182400,None,None,24741000000,None,None,4687637000,None,None,None,0.326,,16528190000,363806000,2877923950,2607262000,None,5673000000,None,,,,,0.419,4.537,3.088,,,,,,,,0.171,,11402000000,2025-10-29,quarterly,1.4562,GBP,pre-market,3135358000,7877402350,0.0713,0.415,0.067,15.82,7248228000,39685839700,9008236750,106635700,41.03,47.02,24.4615,104629460900,27307418850,31414133250,79710185750,77322042050,48296052500,21655184000,16235905300,13.67,None,49.44,30.41
2025-12-28,GSK,3.59,32166001000.0,13.67,0,0.23,5.42,,1250000000,6235598250,6235598250,,,,,,,,,1783113500,2008800000,None,4763187000,4763187000,5489764000,None,6678000000,9469313000,None,None,903704000,,0.64,0.0344,,,,0.232,0.2862,363806000,1267510000,1.17,2019-12-31,9.43,13992009500,23299000000.0,16891997000,6730414000,1915503000,41007636250,41007636250,None,451000000,None,7878288250,None,None,23590000000,None,64262568394.81,4687637000,None,None,None,0.326,,16528190000,363806000,2132847500,16367542500,None,4724000000,None,,,,,0.419,4.537,3.088,,,,,,,,0.171,,11314000000,2025-10-29,quarterly,1.4562,GBP,pre-market,3135358000,8450580250,0.0713,0.415,0.067,15.82,7248228000,40415473000,9164620500,104655250,41.03,47.02,24.4615,105571977000,25820702250,31860237500,81253541250,79751274750,49393303749,21655184000,15108773750,13.67,0,49.44,30.41
2025-12-28,GSK,3.59,32166001000.0,13.67,0,0.23,5.42,,0,4305000000,4305000000,,,,,,,,,1345000000,2002800000,None,4763187000,4763187000,12970000000,None,0,8342000000,None,None,903704000,,0.64,0.0344,,,,0.232,0.2862,363806000,1267510000,1.17,2019-09-30,9.43,11046000000,23299000000.0,16891997000,6730414000,1915503000,32455000000,32455000000,None,451000000,None,6776000000,None,None,24833000000,None,22894175296.65,4687637000,None,None,None,0.326,,16528190000,363806000,1481000000,3718000000,None,6172000000,None,,,,,0.419,4.537,3.088,,,,,,,,0.171,,11700000000,2025-10-29,quarterly,1.4562,GBP,pre-market,3135358000,5265000000,0.0713,0.415,0.067,15.82,7248228000,33049000000,8216000000,86000000,41.03,47.02,24.4615,83245000000,20990000000,25514000000,65185000000,62255000000,39671000000,21655184000,11772000000,13.67,0,49.44,30.41
2025-12-28,GSK,3.59,32166001000.0,13.67,0,0.23,5.42,,0,4123000000,4123000000,,,,,,,,,1345000000,1996400000,None,4763187000,4763187000,11715000000,None,0,7061000000,None,None,903704000,,0.64,0.0344,,,,0.232,0.2862,363806000,1267510000,1.17,2019-06-30,9.43,7026000000,23299000000.0,16891997000,6730414000,1915503000,20134000000,20134000000,None,451000000,None,5959000000,None,None,23313000000,None,28066890901.44,4687637000,None,None,None,0.326,,16528190000,363806000,1001000000,3415000000,None,6090000000,None,,,,,0.419,4.537,3.088,,,,,,,,0.171,,11408000000,2025-10-29,quarterly,1.4562,GBP,pre-market,3135358000,-2804000000,0.0713,0.415,0.067,15.82,7248228000,33460000000,10147000000,84000000,41.03,47.02,24.4615,63632000000,18228000000,25779000000,60665000000,45404000000,34886000000,21655184000,3614000000,13.67,0,49.44,30.41
2025-12-28,GSK,3.59,32166001000.0,13.67,0,0.23,5.42,,0,4132000000,4132000000,,,,,,,,,1345000000,1991200000,None,4763187000,4763187000,11241000000,None,0,6718000000,None,None,903704000,,0.64,0.0344,,,,0.232,0.2862,363806000,1267510000,1.17,2019-03-31,9.43,6807000000,23299000000.0,16891997000,6730414000,1915503000,20022000000,20022000000,None,451000000,None,5678000000,None,None,23344000000,None,41978798497.87,4687637000,None,None,None,0.326,,16528190000,363806000,915000000,3841000000,None,6006000000,None,,,,,0.419,4.537,3.088,,,,,,,,0.171,,11292000000,2025-10-29,quarterly,1.4562,GBP,pre-market,3135358000,-2438000000,0.0713,0.415,0.067,15.82,7248228000,31757000000,8413000000,81000000,41.03,47.02,24.4615,62365000000,17524000000,24460000000,58994000000,44841000000,34534000000,21655184000,4014000000,13.67,0,49.44,30.41
2025-12-28,GSK,3.59,32166001000.0,13.67,0,0.23,5.42,,0,3874000000,3874000000,,,,,,,,,1345000000,1991200000,None,4763187000,4763187000,14037000000,None,5895721492.22,25644447690.44,None,None,903704000,,0.64,0.0344,,,,0.232,0.2862,363806000,1267510000,1.17,2018-12-31,9.43,5789000000,23299000000.0,16891997000,6730414000,1915503000,17202000000,17202000000,None,451000000,None,5476000000,None,None,87236838788.26,None,6741048055.91,4687637000,None,None,None,0.326,,16528190000,363806000,7493000000,837000000,None,0,None,,,,,0.419,4.537,3.088,,,,,,,,0.171,,47691944594.90,2025-10-29,quarterly,1.4562,GBP,pre-market,3135358000,-2137000000,0.0713,0.415,0.067,15.82,7248228000,74317973764,5793000000,84000000,41.03,47.02,24.4615,58066000000,16927000000,22491000000,54394000000,41139000000,31903000000,21655184000,4360000000,13.67,0,49.44,30.41
2025-12-28,GSK,3.59,32166001000.0,13.67,0,0.23,5.42,,0,3793000000,3793000000,,,,,,,,,1344000000,1988800000,None,4763187000,4763187000,11002000000,None,0,7292000000,None,None,903704000,,0.64,0.0344,,,,0.232,0.2862,363806000,1267510000,1.17,2018-09-30,9.43,5848000000,23299000000.0,16891997000,6730414000,1915503000,17263000000,17263000000,None,451000000,None,5788000000,None,None,32356854049.82,None,2105125864.09,4687637000,None,None,None,0.326,,16528190000,363806000,465000000,3678000000,None,0,None,,,,,0.419,4.537,3.088,,,,,,,,0.171,,14246771879.48,2025-10-29,quarterly,1.4562,GBP,pre-market,3135358000,-2081000000,0.0713,0.415,0.067,15.82,7248228000,27710000000,2902000000,80000000,41.03,47.02,24.4615,58604000000,17418000000,18395000000,54881000000,41186000000,36486000000,21655184000,4476000000,13.67,-999999999999999999.99,49.44,30.41
2025-12-28,GSK,3.59,32166001000.0,13.67,None,0.23,5.42,,None,4046000000,4046000000,,,,,,,,,1343000000,1984400000,None,4763187000,4763187000,10475000000,None,41599129916930000,6559000000,None,None,903704000,,0.64,0.0344,,,,0.232,0.2862,363806000,1267510000,1.17,2018-06-30,9.43,5778000000,23299000000.0,16891997000,6730414000,1915503000,17294000000,17294000000,None,451000000,None,5943000000,None,None,32319621500.85,None,1667761860.95,4687637000,None,None,None,0.326,,16528190000,363806000,415000000,3482000000,None,None,None,,,,,0.419,4.537,3.088,,,,,,,,0.171,,14223945327.90,2025-10-29,quarterly,1.4562,GBP,pre-market,3135358000,-2680000000,0.0713,0.415,0.067,15.82,7248228000,28062000000,3470000000,81000000,41.03,47.02,24.4615,57635000000,17044000000,18198000000,54612000000,40591000000,36414000000,21655184000,3679000000,13.67,-11878957527707000,49.44,30.41
2025-12-28,GSK,3.59,32166001000.0,13.67,None,0.23,5.42,,None,4004000000,4004000000,,,,,,,,,1343000000,1978000000,None,4763187000,4763187000,21088000000,None,24518258426.97,6106000000,None,None,903704000,,0.64,0.0344,,,,0.232,0.2862,363806000,1267510000,1.17,2018-03-31,9.43,5601000000,23299000000.0,16891997000,6730414000,1915503000,17290000000,17290000000,None,451000000,None,5659000000,None,None,19683988764.05,None,1612359550.56,4687637000,None,None,None,0.326,,16528190000,363806000,578000000,1317000000,None,None,None,,,,,0.419,4.537,3.088,,,,,,,,0.171,,14973314606.74,2025-10-29,quarterly,1.4562,GBP,pre-market,3135358000,-6353000000,0.0713,0.415,0.067,15.82,7248228000,17457000000,3442000000,76000000,41.03,47.02,24.4615,56159000000,16423000000,26927000000,52569000000,39736000000,25642000000,21655184000,-69000000,13.67,-12041154494.38,49.44,30.41
2025-12-28,GSK,3.59,32166001000.0,13.67,None,0.23,5.42,,None,3833000000,3833000000,,,,,,,,,1343000000,1956400000,None,4763187000,4763187000,3528000000,None,2040000000,5950000000,None,None,903704000,,0.64,0.0344,,,,0.232,0.2862,363806000,1267510000,1.17,2017-12-31,9.43,5734000000,23299000000.0,16891997000,6730414000,1915503000,17562000000,17562000000,None,451000000,None,5557000000,None,None,19297766000,None,1109000000,4687637000,None,None,None,0.326,,16528190000,363806000,1704000000,19221000000,None,None,None,,,,,0.419,4.537,3.088,,,,,,,,0.171,,14692495000,2025-10-29,quarterly,1.4562,GBP,pre-market,3135358000,-6477000000,0.0713,0.415,0.067,15.82,7248228000,17089000000,2825000000,78000000,41.03,47.02,24.4615,56381000000,15907000000,26569000000,52892000000,40474000000,26323000000,21655184000,-68000000,13.67,-8387980000,49.44,30.41
2025-12-28,GSK,3.59,32166001000.0,13.67,None,0.23,5.42,,None,4743000000,4743000000,,,,,,,,,1343000000,1974000000,None,4763187000,4763187000,19840000000,None,19034000000,6491000000,None,None,903704000,,0.64,0.0344,,,,0.232,0.2862,363806000,1267510000,1.17,2017-09-30,9.43,5764000000,23299000000.0,16891997000,6730414000,1915503000,17921000000,17921000000,None,451000000,None,5661000000,None,None,19156819000,None,1116000000,4687637000,None,None,None,0.326,,16528190000,363806000,679000000,1797000000,None,None,None,,,,,0.419,4.537,3.088,,,,,,,,0.171,,14250347000,2025-10-29,quarterly,1.4562,GBP,pre-market,3135358000,-5349000000,0.0713,0.415,0.067,15.82,7248228000,19034000000,4740000000,82000000,41.03,47.02,24.4615,58783000000,17656000000,27438000000,53954000000,41127000000,26516000000,21655184000,1294000000,13.67,-8797073000,49.44,30.41
2025-12-28,GSK,3.59,32166001000.0,13.67,None,0.23,5.42,,None,3986000000,3986000000,,,,,,,,,1343000000,1954800000,None,4763187000,4763187000,17392000000,None,18871000000,6392000000,None,None,903704000,,0.64,0.0344,,,,0.232,0.2862,363806000,1267510000,1.17,2017-06-30,9.43,5864000000,23299000000.0,16891997000,6730414000,1915503000,18465000000,18465000000,None,451000000,None,5743000000,None,None,15930570000,None,1263000000,4687637000,None,None,None,0.326,,16528190000,363806000,155000000,3855000000,None,None,None,,,,,0.419,4.537,3.088,,,,,,,,0.171,,13855268000,2025-10-29,quarterly,1.4562,GBP,pre-market,3135358000,-5854000000,0.0713,0.415,0.067,15.82,7248228000,18871000000,6612000000,85000000,41.03,47.02,24.4615,58233000000,16426000000,28788000000,53809000000,41807000000,25021000000,21655184000,811000000,13.67,-8579299000,49.44,30.41
2025-12-28,GSK,3.59,32166001000.0,13.67,None,0.23,5.42,,None,4509000000,4509000000,,,,,,,,,1343000000,1967200000,None,4763187000,4763187000,9414000000,None,18340000000,6224000000,None,None,903704000,,0.64,0.0344,,,,0.232,0.2862,363806000,1267510000,1.17,2017-03-31,9.43,5960000000,23299000000.0,16891997000,6730414000,1915503000,18753000000,18753000000,None,451000000,None,5417000000,None,None,18304019000,None,1325000000,4687637000,None,None,None,0.326,,16528190000,363806000,549000000,4189000000,None,None,None,,,,,0.419,4.537,3.088,,,,,,,,0.171,,13555004000,2025-10-29,quarterly,1.4562,GBP,pre-market,3135358000,-4906000000,0.0713,0.415,0.067,15.82,7248228000,18340000000,3740000000,88000000,41.03,47.02,24.4615,59235000000,16787000000,18757000000,53642000000,42448000000,34885000000,21655184000,1714000000,13.67,-8334598000,49.44,30.41
2025-12-28,GSK,3.59,32166001000.0,13.67,None,0.23,5.42,,None,4897000000,4897000000,,,,,,,,,1342000000,1966000000,None,4763187000,4763187000,3596000000,None,2720000000,5917000000,None,None,903704000,,0.64,0.0344,,,,0.232,0.2862,363806000,1267510000,1.17,2016-12-31,9.43,5965000000,23299000000.0,16891997000,6730414000,1915503000,18776000000,18776000000,None,451000000,None,5102000000,None,None,18087276000,None,1248000000,4687637000,None,None,None,0.326,,16528190000,363806000,1875000000,9971000000,None,None,None,,,,,0.419,4.537,3.088,,,,,,,,0.171,,13333830000,2025-10-29,quarterly,1.4562,GBP,pre-market,3135358000,-5392000000,0.0713,0.415,0.067,15.82,7248228000,18790000000,4129000000,89000000,41.03,47.02,24.4615,59081000000,16711000000,19001000000,54118000000,42370000000,35117000000,21655184000,1124000000,13.67,-8311435000,49.44,30.41
2025-12-28,GSK,3.59,32166001000.0,13.67,None,0.23,5.42,,None,4614000000,4614000000,,,,,,,,,1341000000,1960800000,None,4763187000,4763187000,9063000000,None,19362000000,7100000000,None,None,903704000,,0.64,0.0344,,,,0.232,0.2862,363806000,1267510000,1.17,2016-09-30,9.43,5865000000,23299000000.0,16891997000,6730414000,1915503000,18471000000,18471000000,None,451000000,None,5373000000,None,None,20044402000,None,1202000000,4687637000,None,None,None,0.326,,16528190000,363806000,440000000,3776000000,None,None,None,,,,,0.419,4.537,3.088,,,,,,,,0.171,,14278757000,2025-10-29,quarterly,1.4562,GBP,pre-market,3135358000,-6550000000,0.0713,0.415,0.067,15.82,7248228000,19362000000,3961000000,85000000,41.03,47.02,24.4615,58787000000,17612000000,18137000000,54789000000,41175000000,36652000000,21655184000,138000000,13.67,-9040220000,49.44,30.41
2025-12-28,GSK,3.59,32166001000.0,13.67,None,0.23,5.42,,None,4590000000,4590000000,,,,,,,,,1341000000,1943600000,None,4763187000,4763187000,9671000000,None,19583000000,5843000000,None,None,903704000,,0.64,0.0344,,,,0.232,0.2862,363806000,1267510000,1.17,2016-06-30,9.43,5747000000,23299000000.0,16891997000,6730414000,1915503000,18317000000,18317000000,None,451000000,None,5494000000,None,None,19992772000,None,1590000000,4687637000,None,None,None,0.326,,16528190000,363806000,284000000,2812000000,None,None,None,,,,,0.419,4.537,3.088,,,,,,,,0.171,,13955744000,2025-10-29,quarterly,1.4562,GBP,pre-market,3135358000,-6081000000,0.0713,0.415,0.067,15.82,7248228000,19583000000,4485000000,83000000,41.03,47.02,24.4615,57627000000,16880000000,18107000000,53401000000,40747000000,35294000000,21655184000,574000000,13.67,-9216432000,49.44,30.41
2025-12-28,GSK,3.59,32166001000.0,13.67,None,0.23,5.42,,None,4410000000,4410000000,,,,,,,,,1340000000,1956000000,None,4763187000,4763187000,9299000000,None,None,5852000000,None,None,903704000,,0.64,0.0344,,,,0.232,0.2862,363806000,1267510000,1.17,2016-03-31,9.43,5392000000,23299000000.0,16891997000,6730414000,1915503000,17644000000,17644000000,None,451000000,None,5138000000,None,None,22648637000,None,None,4687637000,None,None,None,0.326,,16528190000,363806000,352000000,2212000000,None,None,None,,,,,0.419,4.537,3.088,,,,,,,,0.171,,14484543000,2025-10-29,quarterly,1.4562,GBP,pre-market,3135358000,-3700000000,0.0713,0.415,0.067,15.82,7248228000,16982000000,1233000000,77000000,41.03,47.02,24.4615,54479000000,15829000000,13919000000,47938000000,38650000000,34019000000,21655184000,2808000000,13.67,-10036500000,49.44,30.41
2025-12-28,GSK,3.59,32166001000.0,13.67,None,0.23,5.42,,None,5830000000,5830000000,,,,,,,,,1340000000,1935200000,None,4763187000,4763187000,3120000000,None,941000000,3824000000,None,None,903704000,,0.64,0.0344,,,,0.232,0.2862,363806000,1267510000,1.17,2015-12-31,9.43,5162000000,23299000000.0,16891997000,6730414000,1915503000,16672000000,16672000000,None,451000000,None,4716000000,None,None,22596770000,None,1462000000,4687637000,None,None,None,0.326,,16528190000,363806000,2023000000,7568000000,None,None,None,,,,,0.419,4.537,3.088,,,,,,,,0.171,,14256433000,2025-10-29,quarterly,1.4562,GBP,pre-market,3135358000,-1397000000,0.0713,0.415,0.067,15.82,7248228000,16632000000,1308000000,75000000,41.03,47.02,24.4615,53446000000,16587000000,13417000000,44568000000,36859000000,31151000000,21655184000,5114000000,13.67,-10310403000,49.44,30.41
2025-12-28,GSK,3.59,32166001000.0,13.67,None,0.23,5.42,,None,5908000000,5908000000,,,,,,,,,1340000000,1950800000,None,4763187000,4763187000,8514000000,None,None,5908000000,None,None,903704000,,0.64,0.0344,,,,0.232,0.2862,363806000,1267510000,1.17,2015-09-30,9.43,5165000000,23299000000.0,16891997000,6730414000,1915503000,16668000000,16668000000,None,451000000,None,4854000000,None,None,22837252000,None,None,4687637000,None,None,None,0.326,,16528190000,363806000,240000000,1217000000,None,None,None,,,,,0.419,4.537,3.088,,,,,,,,0.171,,14503802000,2025-10-29,quarterly,1.4562,GBP,pre-market,3135358000,-677000000,0.0713,0.415,0.067,15.82,7248228000,16530000000,1422000000,71000000,41.03,47.02,24.4615,53120000000,16981000000,12750000000,43789000000,36139000000,31039000000,21655184000,5431000000,13.67,-10629571000,49.44,30.41
2025-12-28,GSK,3.59,32166001000.0,13.67,None,0.23,5.42,,None,7546000000,7546000000,,,,,,,,,1339000000,1949600000,None,4763187000,4763187000,8155000000,None,None,5314000000,None,None,903704000,,0.64,0.0344,,,,0.232,0.2862,363806000,1267510000,1.17,2015-06-30,9.43,5072000000,23299000000.0,16891997000,6730414000,1915503000,16614000000,16614000000,None,451000000,None,4797000000,None,None,23112400000,None,None,4687637000,None,None,None,0.326,,16528190000,363806000,390000000,1342000000,None,None,None,,,,,0.419,4.537,3.088,,,,,,,,0.171,,14655992000,2025-10-29,quarterly,1.4562,GBP,pre-market,3135358000,556000000,0.0713,0.415,0.067,15.82,7248228000,17168000000,2472000000,69000000,41.03,47.02,24.4615,54118000000,18116000000,13796000000,43566000000,36002000000,29770000000,21655184000,6820000000,13.67,-11115844000,49.44,30.41
2025-12-28,GSK,3.59,32166001000.0,13.67,None,0.23,5.42,,None,10290000000,10290000000,,,,,,,,,1339000000,1944400000,None,4763187000,4763187000,8592000000,None,None,5496000000,None,None,903704000,,0.64,0.0344,,,,0.232,0.2862,363806000,1267510000,1.17,2015-03-31,9.43,5212000000,23299000000.0,16891997000,6730414000,1915503000,17084000000,17084000000,None,451000000,None,4578000000,None,None,22603185000,None,None,4687637000,None,None,None,0.326,,16528190000,363806000,427000000,1258000000,None,None,None,,,,,0.419,4.537,3.088,,,,,,,,0.171,,14318370000,2025-10-29,quarterly,1.4562,GBP,pre-market,3135358000,1107000000,0.0713,0.415,0.067,15.82,7248228000,18461000000,3240000000,73000000,41.03,47.02,24.4615,57996000000,20864000000,15786000000,46588000000,37132000000,30802000000,21655184000,7434000000,13.67,-10495980000,49.44,30.41
2025-12-28,GSK,3.59,32166001000.0,13.67,None,0.23,5.42,,None,4338000000,4338000000,,,,,,,,,1339000000,1944000000,None,4763187000,4763187000,2790000000,None,1949000000,3556000000,None,None,903704000,,0.64,0.0344,,,,0.232,0.2862,363806000,1267510000,1.17,2014-12-31,9.43,3724000000,23299000000.0,16891997000,6730414000,1915503000,8320000000,8320000000,None,451000000,None,4231000000,None,None,24677110000,None,1454000000,4687637000,None,None,None,0.326,,16528190000,363806000,2414000000,6617000000,None,None,None,,,,,0.419,4.537,3.088,,,,,,,,0.171,,14101206000,2025-10-29,quarterly,1.4562,GBP,pre-market,3135358000,-2074000000,0.0713,0.415,0.067,15.82,7248228000,18784000000,2943000000,69000000,41.03,47.02,24.4615,40651000000,14678000000,13295000000,35715000000,25973000000,22420000000,21655184000,4263000000,13.67,-11010530000,49.44,30.41
2025-12-28,GSK,3.59,32166001000.0,13.67,None,0.23,5.42,,None,4104000000,4104000000,,,,,,,,,1338000000,1946000000,None,4763187000,4763187000,7541000000,None,None,5071000000,None,None,903704000,,0.64,0.0344,,,,0.232,0.2862,363806000,1267510000,1.17,2014-09-30,9.43,3733000000,23299000000.0,16891997000,6730414000,1915503000,8370000000,8370000000,None,451000000,None,4274000000,None,None,22090018000,None,None,4687637000,None,None,None,0.326,,16528190000,363806000,1345000000,1105000000,None,None,None,,,,,0.419,4.537,3.088,,,,,,,,0.171,,14319016000,2025-10-29,quarterly,1.4562,GBP,pre-market,3135358000,-1190000000,0.0713,0.415,0.067,15.82,7248228000,18959000000,5340000000,67000000,41.03,47.02,24.4615,40303000000,14861000000,15270000000,34553000000,25442000000,19283000000,21655184000,5043000000,13.67,-11778964000,49.44,30.41
2025-12-28,GSK,3.59,32166001000.0,13.67,None,0.23,5.42,,None,3163000000,3163000000,,,,,,,,,1338000000,1949600000,None,4763187000,4763187000,6949000000,None,None,5000000000,None,None,903704000,,0.64,0.0344,,,,0.232,0.2862,363806000,1267510000,1.17,2014-06-30,9.43,3666000000,23299000000.0,16891997000,6730414000,1915503000,8413000000,8413000000,None,451000000,None,4111000000,None,None,24814224000,None,None,4687637000,None,None,None,0.326,,16528190000,363806000,1215000000,945000000,None,None,None,,,,,0.419,4.537,3.088,,,,,,,,0.171,,14824901000,2025-10-29,quarterly,1.4562,GBP,pre-market,3135358000,-158000000,0.0713,0.415,0.067,15.82,7248228000,17650000000,3143000000,64000000,41.03,47.02,24.4615,38850000000,13553000000,12252000000,32014000000,25297000000,19762000000,21655184000,6118000000,13.67,-12695331000,49.44,30.41
2025-12-28,GSK,3.59,32166001000.0,13.67,None,0.23,5.42,,None,3514000000,3514000000,,,,,,,,,1337000000,1946400000,None,4763187000,4763187000,7300000000,None,None,5321000000,None,None,903704000,,0.64,0.0344,,,,0.232,0.2862,363806000,1267510000,1.17,2014-03-31,9.43,4169000000,23299000000.0,16891997000,6730414000,1915503000,9050000000,9050000000,None,451000000,None,4093000000,None,None,25649484000,None,None,4687637000,None,None,None,0.326,,16528190000,363806000,252000000,1141000000,None,None,None,,,,,0.419,4.537,3.088,,,,,,,,0.171,,14679003000,2025-10-29,quarterly,1.4562,GBP,pre-market,3135358000,478000000,0.0713,0.415,0.067,15.82,7248228000,17239000000,1857000000,65000000,41.03,47.02,24.4615,39707000000,13245000000,11667000000,32276000000,26462000000,20609000000,21655184000,6616000000,13.67,-12026011000,49.44,30.41
2025-12-28,GSK,3.59,32166001000.0,13.67,None,0.23,5.42,,None,5534000000,5534000000,,,,,,,,,1336000000,1952400000,None,4763187000,4763187000,2739000000,None,18245000000,3966000000,None,None,903704000,,0.64,0.0344,,,,0.232,0.2862,363806000,1267510000,1.17,2013-12-31,9.43,4205000000,23299000000.0,16891997000,6730414000,1915503000,9283000000,9283000000,None,451000000,None,3900000000,None,None,25616774000,None,1526000000,4687637000,None,None,None,0.326,,16528190000,363806000,1761000000,6697000000,None,None,None,,,,,0.419,4.537,3.088,,,,,,,,0.171,,14704453000,2025-10-29,quarterly,1.4562,GBP,pre-market,3135358000,913000000,0.0713,0.415,0.067,15.82,7248228000,18245000000,2789000000,66000000,41.03,47.02,24.4615,42086000000,15227000000,13677000000,34274000000,26859000000,20597000000,21655184000,6997000000,13.67,-11906762000,49.44,30.41
2025-12-28,GSK,3.59,32166001000.0,13.67,None,0.23,5.42,,None,3252000000,3252000000,,,,,,,,,1341000000,1969200000,None,4763187000,4763187000,7795000000,None,None,5206000000,None,None,903704000,,0.64,0.0344,,,,0.232,0.2862,363806000,1267510000,1.17,2013-09-30,9.43,4316000000,23299000000.0,16891997000,6730414000,1915503000,9865000000,9865000000,None,451000000,None,4167000000,None,None,25328224000,None,None,4687637000,None,None,None,0.326,,16528190000,363806000,780000000,1091000000,None,None,None,,,,,0.419,4.537,3.088,,,,,,,,0.171,,14182511000,2025-10-29,quarterly,1.4562,GBP,pre-market,3135358000,-129000000,0.0713,0.415,0.067,15.82,7248228000,18407000000,2752000000,67000000,41.03,47.02,24.4615,41110000000,13472000000,12832000000,34309000000,27638000000,21477000000,21655184000,5974000000,13.67,-11605197000,49.44,30.41
2025-12-28,GSK,3.59,32166001000.0,13.67,None,0.23,5.42,,None,2841000000,2841000000,,,,,,,,,1353000000,1967200000,None,4763187000,4763187000,7836000000,None,None,5583000000,None,None,903704000,,0.64,0.0344,,,,0.232,0.2862,363806000,1267510000,1.17,2013-06-30,9.43,4499000000,23299000000.0,16891997000,6730414000,1915503000,10276000000,10276000000,None,451000000,None,4143000000,None,None,24790779000,None,None,4687637000,None,None,None,0.326,,16528190000,363806000,797000000,999000000,None,None,None,,,,,0.419,4.537,3.088,,,,,,,,0.171,,13647933000,2025-10-29,quarterly,1.4562,GBP,pre-market,3135358000,414000000,0.0713,0.415,0.067,15.82,7248228000,18633000000,2334000000,72000000,41.03,47.02,24.4615,42059000000,13436000000,12477000000,34788000000,28623000000,22311000000,21655184000,6412000000,13.67,-11106342000,49.44,30.41
2025-12-28,GSK,3.59,32166001000.0,13.67,None,0.23,5.42,,None,3832000000,3832000000,,,,,,,,,1352000000,1938800000,None,4763187000,4763187000,7713000000,None,None,5674000000,None,None,903704000,,0.64,0.0344,,,,0.232,0.2862,363806000,1267510000,1.17,2013-03-31,9.43,4550000000,23299000000.0,16891997000,6730414000,1915503000,10356000000,10356000000,None,451000000,None,4197000000,None,None,26280851000,None,None,4687637000,None,None,None,0.326,,16528190000,363806000,331000000,908000000,None,None,None,,,,,0.419,4.537,3.088,,,,,,,,0.171,,13897037000,2025-10-29,quarterly,1.4562,GBP,pre-market,3135358000,1296000000,0.0713,0.415,0.067,15.82,7248228000,19321000000,2023000000,83000000,41.03,47.02,24.4615,42892000000,14117000000,12008000000,35275000000,28775000000,23267000000,21655184000,6694000000,13.67,-10691314000,49.44,30.41
2025-12-28,GSK,3.59,32166001000.0,13.67,None,0.23,5.42,,None,4184000000,4184000000,,,,,,,,,1349000000,1965200000,None,4763187000,4763187000,2666000000,None,None,5241000000,None,None,903704000,,0.64,0.0344,,,,0.232,0.2862,363806000,1267510000,1.17,2012-12-31,9.43,4359000000,23299000000.0,16891997000,6730414000,1915503000,10161000000,10161000000,None,451000000,None,3969000000,None,None,23857980000,None,None,4687637000,None,None,None,0.326,,16528190000,363806000,5458000000,6144000000,None,None,None,,,,,0.419,4.537,3.088,,,,,,,,0.171,,14271531000,2025-10-29,quarterly,1.4562,GBP,pre-market,3135358000,652000000,0.0713,0.415,0.067,15.82,7248228000,18302000000,3631000000,81000000,41.03,47.02,24.4615,41475000000,13692000000,13815000000,34728000000,27783000000,20913000000,21655184000,5810000000,13.67,-11368764000,49.44,30.41
2025-12-28,GSK,3.59,32166001000.0,13.67,None,0.23,5.42,,None,3391000000,3391000000,,,,,,,,,1361000000,1988800000,None,4763187000,4763187000,7683000000,None,None,None,None,None,903704000,,0.64,0.0344,,,,0.232,0.2862,363806000,1267510000,1.17,2012-09-30,9.43,4405000000,23299000000.0,16891997000,6730414000,1915503000,8777000000,8777000000,None,451000000,None,4036000000,None,None,21503956000,None,None,4687637000,None,None,None,0.326,,16528190000,363806000,5840000000,939000000,None,None,None,,,,,0.419,4.537,3.088,,,,,,,,0.171,,13849322000,2025-10-29,quarterly,1.4562,GBP,pre-market,3135358000,1067000000,0.0713,0.415,0.067,15.82,7248228000,17485000000,4155000000,226000000,41.03,47.02,24.4615,40453000000,13493000000,13964000000,33425000000,26960000000,19461000000,21655184000,6223000000,13.67,-11408550000,49.44,30.41
2025-12-28,GSK,3.59,32166001000.0,13.67,None,0.23,5.42,,None,7389000000,7389000000,,,,,,,,,1367000000,1998400000,None,4763187000,4763187000,7160000000,None,None,None,None,None,903704000,,0.64,0.0344,,,,0.232,0.2862,363806000,1267510000,1.17,2012-06-30,9.43,3722000000,23299000000.0,16891997000,6730414000,1915503000,7674000000,7674000000,None,451000000,None,3959000000,None,None,21292177000,None,None,4687637000,None,None,None,0.326,,16528190000,363806000,5712000000,2932000000,None,None,None,,,,,0.419,4.537,3.088,,,,,,,,0.171,,13588782000,2025-10-29,quarterly,1.4562,GBP,pre-market,3135358000,2051000000,0.0713,0.415,0.067,15.82,7248228000,17231000000,3657000000,204000000,41.03,47.02,24.4615,42457000000,17264000000,15402000000,34661000000,25193000000,19259000000,21655184000,7052000000,13.67,-10534718000,49.44,30.41
2025-12-28,GSK,3.59,32166001000.0,13.67,None,0.23,5.42,,None,5636000000,5636000000,,,,,,,,,1390000000,2014000000,None,4763187000,4763187000,7058000000,None,None,None,None,None,903704000,,0.64,0.0344,,,,0.232,0.2862,363806000,1267510000,1.17,2012-03-31,9.43,3659000000,23299000000.0,16891997000,6730414000,1915503000,7605000000,7605000000,None,451000000,None,4008000000,None,None,19169211000,None,None,4687637000,None,None,None,0.326,,16528190000,363806000,6431000000,3041000000,None,None,None,,,,,0.419,4.537,3.088,,,,,,,,0.171,,13772674000,2025-10-29,quarterly,1.4562,GBP,pre-market,3135358000,3956000000,0.0713,0.415,0.067,15.82,7248228000,14715000000,2723000000,203000000,41.03,47.02,24.4615,40802000000,16278000000,14533000000,31226000000,24524000000,16693000000,21655184000,8776000000,13.67,-11696225000,49.44,30.41
2025-12-28,GSK,3.59,32166001000.0,13.67,None,0.23,5.42,,None,5714000000,5714000000,,,,,,,,,1387000000,2010400000,None,4763187000,4763187000,2568000000,None,None,5574000000,None,None,903704000,,0.64,0.0344,,,,0.232,0.2862,363806000,1267510000,1.17,2011-12-31,9.43,3754000000,23299000000.0,16891997000,6730414000,1915503000,7802000000,7802000000,None,451000000,None,3873000000,None,None,18959802000,None,None,4687637000,None,None,None,0.326,,16528190000,363806000,822000000,8101000000,None,None,None,,,,,0.419,4.537,3.088,,,,,,,,0.171,,13591768000,2025-10-29,quarterly,1.4562,GBP,pre-market,3135358000,3370000000,0.0713,0.415,0.067,15.82,7248228000,14901000000,2698000000,184000000,41.03,47.02,24.4615,41080000000,16167000000,15010000000,32253000000,24913000000,17243000000,21655184000,8032000000,13.67,-11113616000,49.44,30.41
2025-12-28,GSK,3.59,32166001000.0,13.67,None,0.23,5.42,,None,5414000000,5414000000,,,,,,,,,1392000000,2023600000,None,4763187000,4763187000,7174000000,None,None,None,None,None,903704000,,0.64,0.0344,,,,0.232,0.2862,363806000,1267510000,1.17,2011-09-30,9.43,3745000000,23299000000.0,16891997000,6730414000,1915503000,7847000000,7847000000,None,451000000,None,4035000000,None,None,22200142000,None,None,4687637000,None,None,None,0.326,,16528190000,363806000,6774000000,3426000000,None,None,None,,,,,0.419,4.537,3.088,,,,,,,,0.171,,13666313000,2025-10-29,quarterly,1.4562,GBP,pre-market,3135358000,3147000000,0.0713,0.415,0.067,15.82,7248228000,15081000000,872000000,170000000,41.03,47.02,24.4615,41410000000,16393000000,13106000000,33179000000,25017000000,20073000000,21655184000,7443000000,13.67,-11688315000,49.44,30.41
2025-12-28,GSK,3.59,32166001000.0,13.67,None,0.23,5.42,,None,5846000000,5846000000,,,,,,,,,1400000000,2048000000,None,4763187000,4763187000,7268000000,None,None,None,None,None,903704000,,0.64,0.0344,,,,0.232,0.2862,363806000,1267510000,1.17,2011-06-30,9.43,3750000000,23299000000.0,16891997000,6730414000,1915503000,8499000000,8499000000,None,451000000,None,4271000000,None,None,22861734000,None,None,4687637000,None,None,None,0.326,,16528190000,363806000,6026000000,3785000000,None,None,None,,,,,0.419,4.537,3.088,,,,,,,,0.171,,14490827000,2025-10-29,quarterly,1.4562,GBP,pre-market,3135358000,4505000000,0.0713,0.415,0.067,15.82,7248228000,15268000000,1039000000,166000000,41.03,47.02,24.4615,42078000000,16309000000,13621000000,32643000000,25769000000,19022000000,21655184000,8681000000,13.67,-11797999000,49.44,30.41
2025-12-28,GSK,3.59,32166001000.0,13.67,None,0.23,5.42,,None,6498000000,6498000000,,,,,,,,,1416000000,2055600000,None,4763187000,4763187000,7246000000,None,None,None,None,None,903704000,,0.64,0.0344,,,,0.232,0.2862,363806000,1267510000,1.17,2011-03-31,9.43,3712000000,23299000000.0,16891997000,6730414000,1915503000,8580000000,8580000000,None,451000000,None,4035000000,None,None,23797579000,None,None,4687637000,None,None,None,0.326,,16528190000,363806000,6098000000,4003000000,None,None,None,,,,,0.419,4.537,3.088,,,,,,,,0.171,,14475296000,2025-10-29,quarterly,1.4562,GBP,pre-market,3135358000,4985000000,0.0713,0.415,0.067,15.82,7248228000,15087000000,258000000,170000000,41.03,47.02,24.4615,42578000000,16801000000,13111000000,32691000000,25777000000,19580000000,21655184000,9071000000,13.67,-12119450000,49.44,30.41
2025-12-28,GSK,3.59,32166001000.0,13.67,None,0.23,5.42,,None,6057000000,6057000000,,,,,,,,,1418000000,2034400000,None,4763187000,4763187000,2141000000,None,None,5849000000,None,None,903704000,,0.64,0.0344,,,,0.232,0.2862,363806000,1267510000,1.17,2010-12-31,9.43,3606000000,23299000000.0,16891997000,6730414000,1915503000,8532000000,8532000000,None,451000000,None,3837000000,None,None,22794013000,None,None,4687637000,None,None,None,0.326,,16528190000,363806000,5958000000,9315000000,None,None,None,,,,,0.419,4.537,3.088,,,,,,,,0.171,,13922065000,2025-10-29,quarterly,1.4562,GBP,pre-market,3135358000,4779000000,0.0713,0.415,0.067,15.82,7248228000,15100000000,291000000,277000000,41.03,47.02,24.4615,42230000000,16036000000,12794000000,32485000000,26194000000,19691000000,21655184000,8887000000,13.67,-10976035000,49.44,30.41
2025-12-28,GSK,3.59,32166001000.0,13.67,None,0.23,5.42,,None,6229000000,6229000000,,,,,,,,,1417000000,2050400000,None,4763187000,4763187000,6806000000,None,None,5986000000,None,None,903704000,,0.64,0.0344,,,,0.232,0.2862,363806000,1267510000,1.17,2010-09-30,9.43,3484000000,23299000000.0,16891997000,6730414000,1915503000,8369000000,8369000000,None,451000000,None,4074000000,None,None,23362108000,None,None,4687637000,None,None,None,0.326,,16528190000,363806000,73000000,2879000000,None,None,None,,,,,0.419,4.537,3.088,,,,,,,,0.171,,14397012000,2025-10-29,quarterly,1.4562,GBP,pre-market,3135358000,5839000000,0.0713,0.415,0.067,15.82,7248228000,15237000000,386000000,431000000,41.03,47.02,24.4615,42648000000,16793000000,11243000000,32035000000,25855000000,20792000000,21655184000,9809000000,13.67,-11302724000,49.44,30.41
2025-12-28,GSK,3.59,32166001000.0,13.67,None,0.23,5.42,,None,6574000000,6574000000,,,,,,,,,1417000000,2050400000,None,4763187000,4763187000,6568000000,None,None,6015000000,None,None,903704000,,0.64,0.0344,,,,0.232,0.2862,363806000,1267510000,1.17,2010-06-30,9.43,3545000000,23299000000.0,16891997000,6730414000,1915503000,8378000000,8378000000,None,451000000,None,4070000000,None,None,22193305000,None,None,4687637000,None,None,None,0.326,,16528190000,363806000,61000000,3634000000,None,None,None,,,,,0.419,4.537,3.088,,,,,,,,0.171,,13721346000,2025-10-29,quarterly,1.4562,GBP,pre-market,3135358000,4914000000,0.0713,0.415,0.067,15.82,7248228000,15301000000,453000000,359000000,41.03,47.02,24.4615,43053000000,17079000000,12002000000,33509000000,25974000000,21507000000,21655184000,8769000000,13.67,-10823123000,49.44,30.41
2025-12-28,GSK,3.59,32166001000.0,13.67,None,0.23,5.42,,None,6964000000,6964000000,,,,,,,,,1417000000,2049600000,None,4763187000,4763187000,6796000000,None,None,6814000000,None,None,903704000,,0.64,0.0344,,,,0.232,0.2862,363806000,1267510000,1.17,2010-03-31,9.43,3524000000,23299000000.0,16891997000,6730414000,1915503000,8412000000,8412000000,None,451000000,None,4157000000,None,None,23113091000,None,None,4687637000,None,None,None,0.326,,16528190000,363806000,80000000,2607000000,None,None,None,,,,,0.419,4.537,3.088,,,,,,,,0.171,,14475295000,2025-10-29,quarterly,1.4562,GBP,pre-market,3135358000,6822000000,0.0713,0.415,0.067,15.82,7248228000,16254000000,1034000000,341000000,41.03,47.02,24.4615,44557000000,18356000000,12153000000,33131000000,26201000000,20978000000,21655184000,10670000000,13.67,-11069075000,49.44,30.41
2025-12-28,GSK,3.59,32166001000.0,13.67,None,0.23,5.42,,None,6545000000,6545000000,,,,,,,,,1416000000,2028000000,None,4763187000,4763187000,6772000000,None,None,6492000000,None,None,903704000,,0.64,0.0344,,,,0.232,0.2862,363806000,1267510000,1.17,2009-12-31,9.43,3361000000,23299000000.0,16891997000,6730414000,1915503000,8183000000,8183000000,None,451000000,None,4064000000,None,None,23904525000,None,None,4687637000,None,None,None,0.326,,16528190000,363806000,72000000,2424000000,None,None,None,,,,,0.419,4.537,3.088,,,,,,,,0.171,,15154946000,2025-10-29,quarterly,1.4562,GBP,pre-market,3135358000,6321000000,0.0713,0.415,0.067,15.82,7248228000,16257000000,1471000000,397000000,41.03,47.02,24.4615,42862000000,17570000000,12118000000,32120000000,25292000000,20002000000,21655184000,10005000000,13.67,-12002381000,49.44,30.41
2025-12-28,GSK,3.59,32166001000.0,13.67,None,0.23,5.42,,None,6467000000,6467000000,,,,,,,,,1416000000,2043200000,None,4763187000,4763187000,6084000000,None,None,6050000000,None,None,903704000,,0.64,0.0344,,,,0.232,0.2862,363806000,1267510000,1.17,2009-09-30,9.43,3294000000,23299000000.0,16891997000,6730414000,1915503000,7261000000,7261000000,None,451000000,None,4193000000,None,None,24062014000,None,None,4687637000,None,None,None,0.326,,16528190000,363806000,69000000,1971000000,None,None,None,,,,,0.419,4.537,3.088,,,,,,,,0.171,,15011752000,2025-10-29,quarterly,1.4562,GBP,pre-market,3135358000,5701000000,0.0713,0.415,0.067,15.82,7248228000,16921000000,1886000000,562000000,41.03,47.02,24.4615,41447000000,17341000000,11120000000,31813000000,24106000000,20693000000,21655184000,9280000000,13.67,-12099024000,49.44,30.41
2025-12-28,GSK,3.59,32166001000.0,13.67,None,0.23,5.42,,None,5346000000,5346000000,,,,,,,,,1416000000,2042800000,None,4763187000,4763187000,5161000000,None,None,5363000000,None,None,903704000,,0.64,0.0344,,,,0.232,0.2862,363806000,1267510000,1.17,2009-06-30,9.43,2015000000,23299000000.0,16891997000,6730414000,1915503000,5787000000,5787000000,None,451000000,None,3910000000,None,None,21497829000,None,None,4687637000,None,None,None,0.326,,16528190000,363806000,57000000,1813000000,None,None,None,,,,,0.419,4.537,3.088,,,,,,,,0.171,,14601150000,2025-10-29,quarterly,1.4562,GBP,pre-market,3135358000,4257000000,0.0713,0.415,0.067,15.82,7248228000,14252000000,1185000000,573000000,41.03,47.02,24.4615,35961000000,15249000000,9034000000,27930000000,20712000000,18896000000,21655184000,7717000000,13.67,-12462390000,49.44,30.41
2025-12-28,GSK,3.59,32166001000.0,13.67,None,0.23,5.42,,None,6221000000,6221000000,,,,,,,,,1416000000,2043200000,None,4763187000,4763187000,5752000000,None,None,5920000000,None,None,903704000,,0.64,0.0344,,,,0.232,0.2862,363806000,1267510000,1.17,2009-03-31,9.43,2147000000,23299000000.0,16891997000,6730414000,1915503000,6157000000,6157000000,None,451000000,None,4107000000,None,None,21601580000,None,None,4687637000,None,None,None,0.326,,16528190000,363806000,97000000,1770000000,None,None,None,,,,,0.419,4.537,3.088,,,,,,,,0.171,,13500630000,2025-10-29,quarterly,1.4562,GBP,pre-market,3135358000,4619000000,0.0713,0.415,0.067,15.82,7248228000,16382000000,1276000000,622000000,41.03,47.02,24.4615,39167000000,16967000000,9746000000,30733000000,22200000000,20987000000,21655184000,8062000000,13.67,-10908040000,49.44,30.41
2025-12-28,GSK,3.59,32166001000.0,13.67,None,0.23,5.42,,None,5623000000,5623000000,,,,,,,,,1415000000,2043781094,None,4763187000,4763187000,6075000000,None,None,6265000000,None,None,903704000,,0.64,0.0344,,,,0.232,0.2862,363806000,1267510000,1.17,2008-12-31,9.43,2101000000,23299000000.0,16891997000,6730414000,1915503000,5869000000,5869000000,None,451000000,None,4056000000,None,None,22266199000,None,None,4687637000,None,None,None,0.326,,16528190000,363806000,78000000,2206000000,None,None,None,,,,,0.419,4.537,3.088,,,,,,,,0.171,,14148268000,2025-10-29,quarterly,1.4562,GBP,pre-market,3135358000,4622000000,0.0713,0.415,0.067,15.82,7248228000,16187000000,956000000,391000000,41.03,47.02,24.4615,39393000000,17269000000,10017000000,31075000000,22124000000,21058000000,21655184000,7931000000,13.67,-11301949000,49.44,30.41
2025-12-28,GSK,3.59,32166001000.0,13.67,None,0.23,5.42,,None,5148000000,5148000000,,,,,,,,,1423000000,2058400000,None,4763187000,4763187000,5143000000,None,None,5483000000,None,None,903704000,,0.64,0.0344,,,,0.232,0.2862,363806000,1267510000,1.17,2008-09-30,9.43,1747000000,23299000000.0,16891997000,6730414000,1915503000,4944000000,4944000000,None,451000000,None,3515000000,None,None,22790900000,None,None,4687637000,None,None,None,0.326,,16528190000,363806000,407000000,1210000000,None,None,None,,,,,0.419,4.537,3.088,,,,,,,,0.171,,14946457000,2025-10-29,quarterly,1.4562,GBP,pre-market,3135358000,4099000000,0.0713,0.415,0.067,15.82,7248228000,14188000000,1387000000,401000000,41.03,47.02,24.4615,33860000000,14954000000,8798000000,26063000000,18906000000,17265000000,21655184000,7486000000,13.67,None,49.44,30.41
2025-12-28,GSK,3.59,32166001000.0,13.67,None,0.23,5.42,,None,4988000000,4988000000,,,,,,,,,1440000000,2108800000,None,4763187000,4763187000,5312000000,None,None,5392000000,None,None,903704000,,0.64,0.0344,,,,0.232,0.2862,363806000,1267510000,1.17,2008-06-30,9.43,1618000000,23299000000.0,16891997000,6730414000,1915503000,4658000000,4658000000,None,451000000,None,3525000000,None,None,25013880000,None,None,4687637000,None,None,None,0.326,,16528190000,363806000,381000000,956000000,None,None,None,,,,,0.419,4.537,3.088,,,,,,,,0.171,,16107935000,2025-10-29,quarterly,1.4562,GBP,pre-market,3135358000,4255000000,0.0713,0.415,0.067,15.82,7248228000,13723000000,1157000000,393000000,41.03,47.02,24.4615,32522000000,14679000000,8266000000,24815000000,17843000000,16549000000,21655184000,7438000000,13.67,-30981698000,49.44,30.41
2025-12-28,GSK,3.59,32166001000.0,13.67,None,0.23,5.42,,None,2147000000,2147000000,,,,,,,,,1476000000,2160330578,None,4763187000,4763187000,5329000000,None,None,5316000000,None,None,903704000,,0.64,0.0344,,,,0.232,0.2862,363806000,1267510000,1.17,2008-03-31,9.43,1372000000,23299000000.0,16891997000,6730414000,1915503000,4492000000,4492000000,None,451000000,None,3314000000,None,None,16110346000,None,None,4687637000,None,None,None,0.326,,16528190000,363806000,531000000,1095000000,None,None,None,,,,,0.419,4.537,3.088,,,,,,,,0.171,,15935622000,2025-10-29,quarterly,1.4562,GBP,pre-market,3135358000,5717000000,0.0713,0.415,0.067,15.82,7248228000,9913000000,1799000000,1225000000,41.03,47.02,24.4615,30356000000,12533000000,9279000000,21146000000,17823000000,11867000000,21655184000,8916000000,13.67,-15735088000,49.44,30.41
2025-12-28,GSK,3.59,32166001000.0,13.67,None,0.23,5.42,,None,3382509000,3382509000,,,,,,,,,1504682000,2220123598,None,4763187000,4763187000,4866012500,None,None,5558347750,None,None,903704000,,0.64,0.0344,,,,0.232,0.2862,363806000,1267510000,1.17,2007-12-31,9.43,1371560000,23299000000.0,16891997000,6730414000,1915503000,4460595500,4460595500,None,451000000,None,3064831500,None,None,14023048000,None,None,4687637000,None,None,None,0.326,,16528190000,363806000,479541750,1719492500,None,None,None,,,,,0.419,4.537,3.088,,,,,,,,0.171,,15519210000,2025-10-29,quarterly,1.4562,GBP,pre-market,3135358000,6481629500,0.0713,0.415,0.067,15.82,7248228000,10581686250,3507563000,1154228250,41.03,47.02,24.4615,31033562000,13639458250,10355278000,21113956000,17394103750,10758678000,21655184000,9612517750,13.67,-16469690000,49.44,30.41
2025-12-28,GSK,3.59,32166001000.0,13.67,None,0.23,5.42,,None,2050000000,2050000000,,,,,,,,,1506000000,2239019510,None,4763187000,4763187000,5142000000,None,None,5030000000,None,None,903704000,,0.64,0.0344,,,,0.232,0.2862,363806000,1267510000,1.17,2007-09-30,9.43,985000000,23299000000.0,16891997000,6730414000,1915503000,3721000000,3721000000,None,451000000,None,2965000000,None,None,9960026000,None,None,4687637000,None,None,None,0.326,,16528190000,363806000,252000000,676000000,None,None,None,,,,,0.419,4.537,3.088,,,,,,,,0.171,,15218350000,2025-10-29,quarterly,1.4562,GBP,pre-market,3135358000,6818000000,0.0713,0.415,0.067,15.82,7248228000,6879000000,1994000000,1084000000,41.03,47.02,24.4615,27669000000,11381000000,9029000000,17507000000,16288000000,8478000000,21655184000,9879000000,13.67,-14741247000,49.44,30.41
2025-12-28,GSK,3.59,32166001000.0,13.67,None,0.23,5.42,,None,1894000000,1894000000,,,,,,,,,1505000000,2239600000,None,4763187000,4763187000,4374000000,None,None,5062000000,None,None,903704000,,0.64,0.0344,,,,0.232,0.2862,363806000,1267510000,1.17,2007-06-30,9.43,956000000,23299000000.0,16891997000,6730414000,1915503000,3688000000,3688000000,None,451000000,None,2758000000,None,None,10077645000,None,None,4687637000,None,None,None,0.326,,16528190000,363806000,238000000,875000000,None,None,None,,,,,0.419,4.537,3.088,,,,,,,,0.171,,14475454000,2025-10-29,quarterly,1.4562,GBP,pre-market,3135358000,7820000000,0.0713,0.415,0.067,15.82,7248228000,6198000000,1175000000,1022000000,41.03,47.02,24.4615,26830000000,10974000000,7207000000,15789000000,15856000000,8582000000,21655184000,10796000000,13.67,-12318682000,49.44,30.41
2025-12-28,GSK,3.59,32166001000.0,13.67,None,0.23,5.42,,None,1981000000,1981000000,,,,,,,,,1503000000,2264800000,None,4763187000,4763187000,4534000000,None,None,5124000000,None,None,903704000,,0.64,0.0344,,,,0.232,0.2862,363806000,1267510000,1.17,2007-03-31,9.43,946000000,23299000000.0,16891997000,6730414000,1915503000,3702000000,3702000000,None,451000000,None,2554000000,None,None,9421240000,None,None,4687637000,None,None,None,0.326,,16528190000,363806000,189000000,789000000,None,None,None,,,,,0.419,4.537,3.088,,,,,,,,0.171,,13879893000,2025-10-29,quarterly,1.4562,GBP,pre-market,3135358000,7202000000,0.0713,0.415,0.067,15.82,7248228000,5991000000,1205000000,1009000000,41.03,47.02,24.4615,26376000000,10857000000,7442000000,16214000000,15519000000,8772000000,21655184000,9935000000,13.67,-11165332000,49.44,30.41
2025-12-28,GSK,3.59,32166001000.0,13.67,None,0.23,5.42,,None,2004380070,2004380070,,,,,,,,,1497542940,2239600000,None,4763187000,4763187000,864634540,None,None,5501198980,None,None,903704000,,0.64,0.0344,,,,0.232,0.2862,363806000,1267510000,1.17,2006-12-31,9.43,757958850,23299000000.0,16891997000,6730414000,1915503000,3292144500,3292144500,None,451000000,None,2436186930,None,None,9346439000,None,None,4687637000,None,None,None,0.326,,16528190000,363806000,5513448820,2809296640,None,None,None,,,,,0.419,4.537,3.088,,,,,,,,0.171,,13573098000,2025-10-29,quarterly,1.4562,GBP,pre-market,3135358000,6963013220,0.0713,0.415,0.067,15.82,7248228000,5487928320,717636460,1034601070,41.03,47.02,24.4615,25544999680,10988616890,7262623890,15900292320,14556382790,8637668430,21655184000,9382867030,13.67,-10078956000,49.44,30.41
2025-12-28,GSK,3.59,32166001000.0,13.67,None,0.23,5.42,,None,2344000000,2344000000,,,,,,,,,1497000000,2262400000,None,4763187000,4763187000,4611000000,None,None,None,None,None,903704000,,0.64,0.0344,,,,0.232,0.2862,363806000,1267510000,1.17,2006-09-30,9.43,679000000,23299000000.0,16891997000,6730414000,1915503000,3194000000,3194000000,None,451000000,None,2493000000,None,None,9081003000,None,None,4687637000,None,None,None,0.326,,16528190000,363806000,6014000000,929000000,None,None,None,,,,,0.419,4.537,3.088,,,,,,,,0.171,,12717523000,2025-10-29,quarterly,1.4562,GBP,pre-market,3135358000,6940000000,0.0713,0.415,0.067,15.82,7248228000,5505000000,653000000,1043000000,41.03,47.02,24.4615,25852000000,11894000000,7293000000,16448000000,13958000000,9155000000,21655184000,9162000000,13.67,-8830209000,49.44,30.41
2025-12-28,GSK,3.59,32166001000.0,13.67,None,0.23,5.42,,None,3782000000,3782000000,,,,,,,,,1496000000,2291200000,None,4763187000,4763187000,4493000000,None,None,4991000000,None,None,903704000,,0.64,0.0344,,,,0.232,0.2862,363806000,1267510000,1.17,2006-06-30,9.43,685000000,23299000000.0,16891997000,6730414000,1915503000,3227000000,3227000000,None,451000000,None,2403000000,None,None,9019910000,None,None,4687637000,None,None,None,0.326,,16528190000,363806000,479000000,929000000,None,None,None,,,,,0.419,4.537,3.088,,,,,,,,0.171,,12446292000,2025-10-29,quarterly,1.4562,GBP,pre-market,3135358000,6708000000,0.0713,0.415,0.067,15.82,7248228000,5434000000,556000000,997000000,41.03,47.02,24.4615,26488000000,12652000000,8248000000,17454000000,13836000000,9206000000,21655184000,8815000000,13.67,-8250685000,49.44,30.41
2025-12-28,GSK,3.59,32166001000.0,13.67,None,0.23,5.42,,None,4740000000,4740000000,,,,,,,,,1494000000,2287600000,None,4763187000,4763187000,4931000000,None,None,5338000000,None,None,903704000,,0.64,0.0344,,,,0.232,0.2862,363806000,1267510000,1.17,2006-03-31,9.43,692000000,23299000000.0,16891997000,6730414000,1915503000,3354000000,3354000000,None,451000000,None,2347000000,None,None,9197417000,None,None,4687637000,None,None,None,0.326,,16528190000,363806000,5818000000,917000000,None,None,None,,,,,0.419,4.537,3.088,,,,,,,,0.171,,11769843000,2025-10-29,quarterly,1.4562,GBP,pre-market,3135358000,6859000000,0.0713,0.415,0.067,15.82,7248228000,6151000000,863000000,1039000000,41.03,47.02,24.4615,27978000000,13944000000,9346000000,18923000000,14034000000,9577000000,21655184000,8818000000,13.67,-7414636000,49.44,30.41
2025-12-28,GSK,3.59,32166001000.0,13.67,None,0.23,5.42,,None,4208179560,4208179560,,,,,,,,,1490675400,2263200000,None,4763187000,4763187000,818854440,None,None,5107815240,None,None,903704000,,0.64,0.0344,,,,0.232,0.2862,363806000,1267510000,1.17,2005-12-31,9.43,1196285000,23299000000.0,16891997000,6730414000,1915503000,4077999720,4077999720,None,451000000,None,2176444200,None,None,9059794000,None,None,4687637000,None,None,None,0.326,,16528190000,363806000,5764526040,6561877560,None,None,None,,,,,0.419,4.537,3.088,,,,,,,,0.171,,11433457000,2025-10-29,quarterly,1.4562,GBP,pre-market,3135358000,5577973680,0.0713,0.415,0.067,15.82,7248228000,7364459520,2094500640,1024585080,41.03,47.02,24.4615,27191895240,13173734880,9508939920,19623448560,14018160360,10114508640,21655184000,7309249320,13.67,-7067706000,49.44,30.41
2025-12-28,GSK,3.59,32166001000.0,13.67,None,0.23,5.42,,None,6093000000,6093000000,,,,,,,,,1487000000,2272000000,None,4763187000,4763187000,4579000000,None,None,None,None,None,903704000,,0.64,0.0344,,,,0.232,0.2862,363806000,1267510000,1.17,2005-09-30,9.43,334000000,23299000000.0,16891997000,6730414000,1915503000,2641000000,2641000000,None,451000000,None,2200000000,None,None,9223155000,None,None,4687637000,None,None,None,0.326,,16528190000,363806000,5266000000,1005000000,None,None,None,,,,,0.419,4.537,3.088,,,,,,,,0.171,,11205106000,2025-10-29,quarterly,1.4562,GBP,pre-market,3135358000,5486000000,0.0713,0.415,0.067,15.82,7248228000,6828000000,1616000000,336000000,41.03,47.02,24.4615,26477000000,13895000000,9431000000,19299000000,12582000000,9868000000,21655184000,6945000000,13.67,-6823578000,49.44,30.41
2025-12-28,GSK,3.59,32166001000.0,13.67,None,0.23,5.42,,1102000000,3693000000,3693000000,,,,,,,,,1348000000,2071000000,None,4763187000,4763187000,3462000000,None,2181000000,5999000000,None,None,903704000,,0.64,0.0344,,,,0.232,0.2862,363806000,1267510000,1.17,2024-12-31,9.43,6982000000,23299000000.0,16891997000,6730414000,1915503000,15515000000,15515000000,None,451000000,None,5669000000,None,None,13703000000,None,None,4687637000,None,None,None,0.326,,16528190000,363806000,1615000000,15183000000,None,6108000000,None,,,,,0.419,4.537,3.088,,,,,,,,0.171,,10073000000,2025-10-29,annual,1.4562,GBP,pre-market,3135358000,7796000000,0.0713,0.415,0.067,15.82,7248228000,16986000000,2349000000,21000000,41.03,47.02,24.4615,59463000000,16997000000,21697000000,46377000000,42466000000,24680000000,21655184000,13671000000,13.67,None,49.44,30.41
2025-12-28,GSK,3.59,32166001000.0,13.67,None,0.23,5.42,,1207000000,3742812800,3742812800,,,,,,,,,1718430400,2055500000,None,4763187000,4763187000,4738431600,None,2657000000,9437344400,None,None,903704000,,0.64,0.0344,,,,0.232,0.2862,363806000,1267510000,1.17,2023-12-31,9.43,8682662800,23299000000.0,16891997000,6730414000,1915503000,18826246400,18826246400,None,451000000,None,7008850400,None,None,14154000000,None,None,4687637000,None,None,None,0.326,,16528190000,363806000,715162800,17750036800,None,5609000000,None,,,,,0.419,4.537,3.088,,,,,,,,0.171,,9957000000,2025-10-29,annual,1.4562,GBP,pre-market,3135358000,9228277200,0.0713,0.415,0.067,15.82,7248228000,22969346400,3586012400,2863200800,41.03,47.02,24.4615,75219574000,23767371200,26857486400,58908508000,51452202799,32051021600,21655184000,17014755600,13.67,-3447000000,49.44,30.41
2025-12-28,GSK,3.59,32166001000.0,13.67,None,0.23,5.42,,1008000000,3723000000,3723000000,,,,,,,,,1347000000,2042000000,None,4763187000,4763187000,3866000000,None,3785000000,6218000000,None,None,903704000,,0.64,0.0344,,,,0.232,0.2862,363806000,1267510000,1.17,2022-12-31,9.43,7046000000,23299000000.0,16891997000,6730414000,1915503000,14318000000,14318000000,None,451000000,None,5146000000,None,None,17035000000,None,None,4687637000,None,None,None,0.326,,16528190000,363806000,1446000000,14521000000,None,6678000000,None,,,,,0.419,4.537,3.088,,,,,,,,0.171,,9620000000,2025-10-29,annual,1.4562,GBP,pre-market,3135358000,4363000000,0.0713,0.415,0.067,15.82,7248228000,20987000000,3952000000,4154000000,41.03,47.02,24.4615,60146000000,20769000000,22810000000,50050000000,39377000000,27240000000,21655184000,10598000000,13.67,-3798000000,49.44,30.41
2025-12-28,GSK,3.59,32166001000.0,13.67,None,0.23,5.42,,1015000000,5788919300,5788919300,,,,,,,,,1824444150,1620800000,None,4763187000,4763187000,6142430750,None,3398000000,10877587950,None,None,903704000,,0.64,0.0344,,,,0.232,0.2862,363806000,1267510000,1.17,2021-12-31,9.43,14292156400,23299000000.0,16891997000,6730414000,1915503000,40740501550,40740501550,None,451000000,None,7832784350,None,None,20572000000,None,None,4687637000,None,None,None,0.326,,16528190000,363806000,711086250,20135210150,None,6039000000,None,,,,,0.419,4.537,3.088,,,,,,,,0.171,,10672000000,2025-10-29,annual,1.4562,GBP,pre-market,3135358000,13264128850,0.0713,0.415,0.067,15.82,7248228000,32741119850,4877374450,82621450,41.03,47.02,24.4615,107141058350,25292999300,32059831500,78234386450,81848059050,46174554950,21655184000,20391244750,13.67,-4969000000,49.44,30.41
2025-12-28,GSK,3.59,32166001000.0,13.67,None,0.23,5.42,,1117000000,8600849400,8600849400,,,,,,,,,1839914700,2015200000,None,4763187000,4763187000,5955801150,None,3495000000,9929524800,None,None,903704000,,0.64,0.0344,,,,0.232,0.2862,363806000,1267510000,1.17,2020-12-31,9.43,14485569150,23299000000.0,16891997000,6730414000,1915503000,40767916800,40767916800,None,451000000,None,8196232200,None,None,23425000000,None,None,4687637000,None,None,None,0.326,,16528190000,363806000,843408150,18189049750,None,5907000000,None,,,,,0.419,4.537,3.088,,,,,,,,0.171,,11006000000,2025-10-29,annual,1.4562,GBP,pre-market,3135358000,11761237800,0.0713,0.415,0.067,15.82,7248228000,37112692500,5091888750,106622100,41.03,47.02,24.4615,109945155450,27676636650,30275208600,81501659850,82268518800,51226451250,21655184000,19939699650,13.67,-4969000000,49.44,30.41
2025-12-28,GSK,3.59,32166001000.0,13.67,0,0.23,5.42,,1250000000,6235598250,6235598250,,,,,,,,,1783113500,2006400000,None,4763187000,4763187000,5489764000,None,6678000000,9469313000,None,None,903704000,,0.64,0.0344,,,,0.232,0.2862,363806000,1267510000,1.17,2019-12-31,9.43,13992009500,23299000000.0,16891997000,6730414000,1915503000,41007636250,41007636250,None,451000000,None,7878288250,None,None,22580000000,None,64262568394.81,4687637000,None,None,None,0.326,,16528190000,363806000,2132847500,16367542500,None,4724000000,None,,,,,0.419,4.537,3.088,,,,,,,,0.171,,11314000000,2025-10-29,annual,1.4562,GBP,pre-market,3135358000,8450580250,0.0713,0.415,0.067,15.82,7248228000,40415473000,9164620500,104655250,41.03,47.02,24.4615,105571977000,25820702250,31860237500,81253541250,79751274750,49393303749,21655184000,15108773750,13.67,-5505000000,49.44,30.41
2025-12-28,GSK,3.59,32166001000.0,13.67,0,0.23,5.42,,68000000,3874000000,3874000000,,,,,,,,,1345000000,1988400000,None,4763187000,4763187000,3645000000,None,5769000000,6322000000,None,None,903704000,,0.64,0.0344,,,,0.232,0.2862,363806000,1267510000,1.17,2018-12-31,9.43,5789000000,23299000000.0,16891997000,6730414000,1915503000,17202000000,17202000000,None,451000000,None,5476000000,None,None,20227000000,None,29073403001.79,4687637000,None,None,None,0.326,,16528190000,363806000,1171000000,11872000000,None,5449000000,None,,,,,0.419,4.537,3.088,,,,,,,,0.171,,11058000000,2025-10-29,annual,1.4562,GBP,pre-market,3135358000,-2137000000,0.0713,0.415,0.067,15.82,7248228000,26064000000,5793000000,84000000,41.03,47.02,24.4615,58066000000,16927000000,22491000000,54394000000,41139000000,31903000000,21655184000,4360000000,13.67,-5800000000,49.44,30.41
2025-12-28,GSK,3.59,32166001000.0,13.67,0,0.23,5.42,,66000000,3833000000,3833000000,,,,,,,,,1343000000,1976400000,None,4763187000,4763187000,20970000000,None,2802000000,5950000000,None,None,903704000,,0.64,0.0344,,,,0.232,0.2862,363806000,1267510000,1.17,2017-12-31,9.43,5734000000,23299000000.0,16891997000,6730414000,1915503000,17562000000,17562000000,None,451000000,None,5557000000,None,None,14221000000,None,40731185779.36,4687637000,None,None,None,0.326,,16528190000,363806000,6439000000,1076000000,None,5096000000,None,,,,,0.419,4.537,3.088,,,,,,,,0.171,,10860000000,2025-10-29,annual,1.4562,GBP,pre-market,3135358000,-6477000000,0.0713,0.415,0.067,15.82,7248228000,17089000000,2825000000,78000000,41.03,47.02,24.4615,56381000000,15907000000,26569000000,52892000000,40474000000,26323000000,21655184000,-68000000,13.67,-5800000000,49.44,30.41
2025-12-28,GSK,3.59,32166001000.0,13.67,0,0.23,5.42,,64000000,4897000000,4897000000,,,,,,,,,1342000000,1963600000,None,4763187000,4763187000,11964000000,None,4106000000,5917000000,None,None,903704000,,0.64,0.0344,,,,0.232,0.2862,363806000,1267510000,1.17,2016-12-31,9.43,5965000000,23299000000.0,16891997000,6730414000,1915503000,18776000000,18776000000,None,451000000,None,5102000000,None,None,14620000000,None,14596273405.52,4687637000,None,None,None,0.326,,16528190000,363806000,6623000000,561000000,None,5335000000,None,,,,,0.419,4.537,3.088,,,,,,,,0.171,,10808000000,2025-10-29,annual,1.4562,GBP,pre-market,3135358000,-5392000000,0.0713,0.415,0.067,15.82,7248228000,18790000000,4129000000,89000000,41.03,47.02,24.4615,59081000000,16711000000,19001000000,54118000000,42370000000,35117000000,21655184000,1124000000,13.67,-6451000000,49.44,30.41
2025-12-28,GSK,3.59,32166001000.0,13.67,0,0.23,5.42,,0,5830000000,5830000000,,,,,,,,,1340000000,1955200000,None,4763187000,4763187000,9191000000,None,6543955892.54,3879000000,None,None,903704000,,0.64,0.0344,,,,0.232,0.2862,363806000,1267510000,1.17,2015-12-31,9.43,5162000000,23299000000.0,16891997000,6730414000,1915503000,16672000000,16672000000,None,451000000,None,4716000000,None,None,15277000000,None,10167123820.30,4687637000,None,None,None,0.326,,16528190000,363806000,5966000000,8989000000,None,0,None,,,,,0.419,4.537,3.088,,,,,,,,0.171,,9668000000,2025-10-29,annual,1.4562,GBP,pre-market,3135358000,-1397000000,0.0713,0.415,0.067,15.82,7248228000,16632000000,1308000000,75000000,41.03,47.02,24.4615,53446000000,16587000000,13417000000,44568000000,36859000000,31151000000,21655184000,5114000000,13.67,0,49.44,30.41
2025-12-28,GSK,3.59,32166001000.0,13.67,None,0.23,5.42,,None,4338000000,4338000000,,,,,,,,,1339000000,1946000000,None,4763187000,4763187000,7958000000,None,1949000000,4486000000,None,None,903704000,,0.64,0.0344,,,,0.232,0.2862,363806000,1267510000,1.17,2014-12-31,9.43,3724000000,23299000000.0,16891997000,6730414000,1915503000,8320000000,8320000000,None,451000000,None,4231000000,None,None,24677110000,None,1454000000,4687637000,None,None,None,0.326,,16528190000,363806000,6040000000,7562000000,None,None,None,,,,,0.419,4.537,3.088,,,,,,,,0.171,,14101206000,2025-10-29,annual,1.4562,GBP,pre-market,3135358000,-2074000000,0.0713,0.415,0.067,15.82,7248228000,18784000000,2943000000,69000000,41.03,47.02,24.4615,40651000000,14678000000,13295000000,35715000000,25973000000,22420000000,21655184000,4263000000,13.67,-238000000,49.44,30.41
2025-12-28,GSK,3.59,32166001000.0,13.67,None,0.23,5.42,,None,5534000000,5534000000,,,,,,,,,1336000000,1967600000,None,4763187000,4763187000,2739000000,None,18245000000,5281000000,None,None,903704000,,0.64,0.0344,,,,0.232,0.2862,363806000,1267510000,1.17,2013-12-31,9.43,4205000000,23299000000.0,16891997000,6730414000,1915503000,9283000000,9283000000,None,451000000,None,3900000000,None,None,25616774000,None,1526000000,4687637000,None,None,None,0.326,,16528190000,363806000,1761000000,6530000000,None,None,None,,,,,0.419,4.537,3.088,,,,,,,,0.171,,14704453000,2025-10-29,annual,1.4562,GBP,pre-market,3135358000,913000000,0.0713,0.415,0.067,15.82,7248228000,18245000000,2789000000,66000000,41.03,47.02,24.4615,42086000000,15227000000,13677000000,34274000000,26859000000,20597000000,21655184000,6997000000,13.67,-11906762000,49.44,30.41
2025-12-28,GSK,3.59,32166001000.0,13.67,None,0.23,5.42,,None,4184000000,4184000000,,,,,,,,,1349000000,1995600000,None,4763187000,4763187000,2666000000,None,None,5060000000,None,None,903704000,,0.64,0.0344,,,,0.232,0.2862,363806000,1267510000,1.17,2012-12-31,9.43,4359000000,23299000000.0,16891997000,6730414000,1915503000,10161000000,10161000000,None,451000000,None,3969000000,None,None,23857980000,None,None,4687637000,None,None,None,0.326,,16528190000,363806000,349000000,5982000000,None,None,None,,,,,0.419,4.537,3.088,,,,,,,,0.171,,14271531000,2025-10-29,annual,1.4562,GBP,pre-market,3135358000,652000000,0.0713,0.415,0.067,15.82,7248228000,18302000000,3631000000,81000000,41.03,47.02,24.4615,41475000000,13692000000,13815000000,34728000000,27783000000,20913000000,21655184000,5810000000,13.67,-11368764000,49.44,30.41
2025-12-28,GSK,3.59,32166001000.0,13.67,None,0.23,5.42,,None,5714000000,5714000000,,,,,,,,,1387000000,2039600000,None,4763187000,4763187000,2568000000,None,None,5320000000,None,None,903704000,,0.64,0.0344,,,,0.232,0.2862,363806000,1267510000,1.17,2011-12-31,9.43,3754000000,23299000000.0,16891997000,6730414000,1915503000,7802000000,7802000000,None,451000000,None,3873000000,None,None,18959802000,None,None,4687637000,None,None,None,0.326,,16528190000,363806000,1006000000,8063000000,None,None,None,,,,,0.419,4.537,3.088,,,,,,,,0.171,,13591768000,2025-10-29,annual,1.4562,GBP,pre-market,3135358000,3370000000,0.0713,0.415,0.067,15.82,7248228000,14901000000,2698000000,184000000,41.03,47.02,24.4615,41080000000,16167000000,15010000000,32253000000,24913000000,17243000000,21655184000,8032000000,13.67,-11113616000,49.44,30.41
2025-12-28,GSK,3.59,32166001000.0,13.67,None,0.23,5.42,,None,6057000000,6057000000,,,,,,,,,1418000000,2051200000,None,4763187000,4763187000,2141000000,None,None,5591000000,None,None,903704000,,0.64,0.0344,,,,0.232,0.2862,363806000,1267510000,1.17,2010-12-31,9.43,3606000000,23299000000.0,16891997000,6730414000,1915503000,8469000000,8469000000,None,451000000,None,3837000000,None,None,22794013000,None,None,4687637000,None,None,None,0.326,,16528190000,363806000,274000000,9315000000,None,None,None,,,,,0.419,4.537,3.088,,,,,,,,0.171,,13922065000,2025-10-29,annual,1.4562,GBP,pre-market,3135358000,4779000000,0.0713,0.415,0.067,15.82,7248228000,15100000000,291000000,277000000,41.03,47.02,24.4615,42052000000,16036000000,12616000000,32307000000,26016000000,19691000000,21655184000,8887000000,13.67,-10976035000,49.44,30.41
2025-12-28,GSK,3.59,32166001000.0,13.67,None,0.23,5.42,,None,6545000000,6545000000,,,,,,,,,1416000000,2043200000,None,4763187000,4763187000,6772000000,None,None,6248000000,None,None,903704000,,0.64,0.0344,,,,0.232,0.2862,363806000,1267510000,1.17,2009-12-31,9.43,3361000000,23299000000.0,16891997000,6730414000,1915503000,8183000000,8183000000,None,451000000,None,4064000000,None,None,23904525000,None,None,4687637000,None,None,None,0.326,,16528190000,363806000,316000000,2424000000,None,None,None,,,,,0.419,4.537,3.088,,,,,,,,0.171,,15154946000,2025-10-29,annual,1.4562,GBP,pre-market,3135358000,6321000000,0.0713,0.415,0.067,15.82,7248228000,16257000000,1471000000,397000000,41.03,47.02,24.4615,42862000000,17570000000,12118000000,32120000000,25292000000,20002000000,21655184000,10005000000,13.67,-12002381000,49.44,30.41
2025-12-28,GSK,3.59,32166001000.0,13.67,None,0.23,5.42,,None,5623000000,5623000000,,,,,,,,,1415000000,2090400000,None,4763187000,4763187000,6075000000,None,None,6046000000,None,None,903704000,,0.64,0.0344,,,,0.232,0.2862,363806000,1267510000,1.17,2008-12-31,9.43,2101000000,23299000000.0,16891997000,6730414000,1915503000,5869000000,5869000000,None,451000000,None,4056000000,None,None,22266199000,None,None,4687637000,None,None,None,0.326,,16528190000,363806000,297000000,2206000000,None,None,None,,,,,0.419,4.537,3.088,,,,,,,,0.171,,14148268000,2025-10-29,annual,1.4562,GBP,pre-market,3135358000,4622000000,0.0713,0.415,0.067,15.82,7248228000,16187000000,956000000,391000000,41.03,47.02,24.4615,39393000000,17269000000,10017000000,31075000000,22124000000,21058000000,21655184000,7931000000,13.67,-11301949000,49.44,30.41
2025-12-28,GSK,3.59,32166001000.0,13.67,None,0.23,5.42,,None,3379000000,3379000000,,,,,,,,,1503000000,2226800000,None,4763187000,4763187000,1757000000,None,None,5314000000,None,None,903704000,,0.64,0.0344,,,,0.232,0.2862,363806000,1267510000,1.17,2007-12-31,9.43,1370000000,23299000000.0,16891997000,6730414000,1915503000,4456000000,4456000000,None,451000000,None,3062000000,None,None,14023048000,None,None,4687637000,None,None,None,0.326,,16528190000,363806000,243000000,4258000000,None,None,None,,,,,0.419,4.537,3.088,,,,,,,,0.171,,15519210000,2025-10-29,annual,1.4562,GBP,pre-market,3135358000,6475000000,0.0713,0.415,0.067,15.82,7248228000,10571000000,3504000000,1153000000,41.03,47.02,24.4615,31003000000,13626000000,10345000000,21093000000,17377000000,10748000000,21655184000,9603000000,13.67,-16469690000,49.44,30.41
2025-12-28,GSK,3.59,32166001000.0,13.67,None,0.23,5.42,,None,2005000000,2005000000,,,,,,,,,1498000000,2282784066,None,4763187000,4763187000,864634540,None,None,5279000000,None,None,903704000,,0.64,0.0344,,,,0.232,0.2862,363806000,1267510000,1.17,2006-12-31,9.43,758000000,23299000000.0,16891997000,6730414000,1915503000,3293000000,3293000000,None,451000000,None,2437000000,None,None,9346439000,None,None,4687637000,None,None,None,0.326,,16528190000,363806000,5513448820,5061365460,None,None,None,,,,,0.419,4.537,3.088,,,,,,,,0.171,,13573098000,2025-10-29,annual,1.4562,GBP,pre-market,3135358000,6965000000,0.0713,0.415,0.067,15.82,7248228000,5490000000,718000000,1035000000,41.03,47.02,24.4615,25553000000,10992000000,7265000000,15905000000,14561000000,8640000000,21655184000,9386000000,13.67,-10078956000,49.44,30.41
2025-12-28,GSK,3.59,32166001000.0,13.67,None,0.23,5.42,,None,4209000000,4209000000,,,,,,,,,1491000000,2291924914,None,4763187000,4763187000,818854440,None,None,2029760,None,None,903704000,,0.64,0.0344,,,,0.232,0.2862,363806000,1267510000,1.17,2005-12-31,9.43,696000000,23299000000.0,16891997000,6730414000,1915503000,3383000000,3383000000,None,451000000,None,2177000000,None,None,9059794000,None,None,4687637000,None,None,None,0.326,,16528190000,363806000,5764526040,5223145560,None,None,None,,,,,0.419,4.537,3.088,,,,,,,,0.171,,11433457000,2025-10-29,annual,1.4562,GBP,pre-market,3135358000,5579000000,0.0713,0.415,0.067,15.82,7248228000,6471000000,1200000000,1025000000,41.03,47.02,24.4615,27198000000,13177000000,9511000000,19628000000,14021000000,10117000000,21655184000,7311000000,13.67,-7067706000,49.44,30.41
2025-12-28,GSK,3.59,32166001000.0,13.67,None,0.23,5.42,428372729,None,4209000000,4209000000,-1706696033,-2150111589,None,None,3000000,None,None,None,1491000000,2291924914,None,4763187000,4763187000,818854440,None,None,2029760,None,None,903704000,995058232,0.64,0.0344,905468555,905468555,None,0.232,0.2862,363806000,1267510000,1.17,2025-09-30,9.43,696000000,23299000000.0,16891997000,6730414000,1915503000,3383000000,3383000000,None,451000000,None,2177000000,None,None,9059794000,None,None,2714162902,None,None,None,0.326,3027580859,16528190000,363806000,5764526040,5223145560,None,None,None,None,None,None,None,0.419,4.537,3.088,None,None,None,None,None,-448046907,None,0.171,None,11433457000,2025-10-29,quarterly,1.4562,GBP,pre-market,3135358000,5579000000,0.0713,0.415,0.067,15.82,7248228000,6471000000,1200000000,1025000000,41.03,47.02,24.4615,27198000000,13177000000,9511000000,19628000000,14021000000,10117000000,21655184000,7311000000,13.67,-7067706000,49.44,30.41
2025-12-28,GSK,3.59,32166001000.0,13.67,None,0.23,5.42,633000000,None,4209000000,4209000000,-2372000000,-625000000,None,None,None,None,None,None,1491000000,2291924914,None,4763187000,4763187000,818854440,None,None,2029760,None,None,903704000,1159000000,0.64,0.0344,656000000,656000000,None,0.232,0.2862,363806000,1267510000,1.17,2025-06-30,9.43,696000000,23299000000.0,16891997000,6730414000,1915503000,3383000000,3383000000,None,451000000,None,2177000000,None,None,9059794000,None,None,1646000000,None,None,None,0.326,2096000000,16528190000,363806000,5764526040,5223145560,None,None,None,None,None,None,None,0.419,4.537,3.088,None,None,None,None,None,-561000000,None,0.171,None,11433457000,2025-10-29,quarterly,1.4562,USD,pre-market,3135358000,5579000000,0.0713,0.415,0.067,15.82,7248228000,6471000000,1200000000,1025000000,41.03,47.02,24.4615,27198000000,13177000000,9511000000,19628000000,14021000000,10117000000,21655184000,7311000000,13.67,-7067706000,49.44,30.41
2025-12-28,GSK,3.59,32166001000.0,13.67,None,0.23,5.42,448000000,None,4209000000,4209000000,858000000,-1144000000,None,None,None,None,None,None,1491000000,2291924914,None,4763187000,4763187000,818854440,None,None,2029760,None,None,903704000,823000000,0.64,0.0344,612000000,612000000,None,0.232,0.2862,363806000,1267510000,1.17,2025-03-31,9.43,696000000,23299000000.0,16891997000,6730414000,1915503000,3383000000,3383000000,None,451000000,None,2177000000,None,None,9059794000,None,None,1772000000,None,None,None,0.326,1145000000,16528190000,363806000,5764526040,5223145560,None,None,None,None,None,None,None,0.419,4.537,3.088,None,None,None,None,None,-247000000,None,0.171,None,11433457000,2025-10-29,quarterly,1.4562,GBP,pre-market,3135358000,5579000000,0.0713,0.415,0.067,15.82,7248228000,6471000000,1200000000,1025000000,41.03,47.02,24.4615,27198000000,13177000000,9511000000,19628000000,14021000000,10117000000,21655184000,7311000000,13.67,-7067706000,49.44,30.41
2025-12-28,GSK,3.59,32166001000.0,13.67,None,0.23,5.42,1135000000,None,4209000000,4209000000,-842000000,-1119000000,None,None,None,None,None,None,1491000000,2291924914,None,4763187000,4763187000,818854440,None,None,2029760,None,None,903704000,412000000,0.64,0.0344,612000000,612000000,None,0.232,0.2862,363806000,1267510000,1.17,2024-12-31,9.43,696000000,23299000000.0,16891997000,6730414000,1915503000,3383000000,3383000000,None,451000000,None,2177000000,None,None,9059794000,None,None,501000000,None,None,None,0.326,2329000000,16528190000,363806000,5764526040,5223145560,None,None,None,None,None,None,None,0.419,4.537,3.088,None,None,None,None,None,20000000,None,0.171,None,11433457000,2025-10-29,quarterly,1.4562,GBP,pre-market,3135358000,5579000000,0.0713,0.415,0.067,15.82,7248228000,6471000000,1200000000,1025000000,41.03,47.02,24.4615,27198000000,13177000000,9511000000,19628000000,14021000000,10117000000,21655184000,7311000000,13.67,-7067706000,49.44,30.41
2025-12-28,GSK,3.59,32166001000.0,13.67,None,0.23,5.42,842000000,None,4209000000,4209000000,-1240000000,-731000000,None,None,None,None,None,None,1491000000,2291924914,None,4763187000,4763187000,818854440,None,None,2029760,None,None,903704000,951000000,0.64,0.0344,612000000,612000000,None,0.232,0.2862,363806000,1267510000,1.17,2024-09-30,9.43,696000000,23299000000.0,16891997000,6730414000,1915503000,3383000000,3383000000,None,451000000,None,2177000000,None,None,9059794000,None,None,65000000,None,None,None,0.326,2154000000,16528190000,363806000,5764526040,5223145560,None,None,None,None,None,None,None,0.419,4.537,3.088,None,None,None,None,None,20000000,None,0.171,None,11433457000,2025-10-29,quarterly,1.4562,GBP,pre-market,3135358000,5579000000,0.0713,0.415,0.067,15.82,7248228000,6471000000,1200000000,1025000000,41.03,47.02,24.4615,27198000000,13177000000,9511000000,19628000000,14021000000,10117000000,21655184000,7311000000,13.67,-7067706000,49.44,30.41
2025-12-28,GSK,3.59,32166001000.0,13.67,None,0.23,5.42,442000000,None,4209000000,4209000000,-1584000000,770000000,None,None,None,None,None,None,1491000000,2291924914,None,4763187000,4763187000,818854440,None,None,2029760,None,None,903704000,639000000,0.64,0.0344,652000000,652000000,None,0.232,0.2862,363806000,1267510000,1.17,2024-06-30,9.43,696000000,23299000000.0,16891997000,6730414000,1915503000,3383000000,3383000000,None,451000000,None,2177000000,None,None,9059794000,None,None,1304000000,None,None,None,0.326,1113000000,16528190000,363806000,5764526040,5223145560,None,None,None,None,None,None,None,0.419,4.537,3.088,None,None,None,None,None,0,None,0.171,None,11433457000,2025-10-29,quarterly,1.4562,GBP,pre-market,3135358000,5579000000,0.0713,0.415,0.067,15.82,7248228000,6471000000,1200000000,1025000000,41.03,47.02,24.4615,27198000000,13177000000,9511000000,19628000000,14021000000,10117000000,21655184000,7311000000,13.67,-7067706000,49.44,30.41
2025-12-28,GSK,3.59,32166001000.0,13.67,None,0.23,5.42,314450107,None,4209000000,4209000000,-1253996617,-254856744,None,None,None,None,None,None,1491000000,2291924914,None,4763187000,4763187000,818854440,None,None,2029760,None,None,903704000,696101256,0.64,0.0344,720192192,720192192,None,0.232,0.2862,363806000,1267510000,1.17,2024-03-31,9.43,696000000,23299000000.0,16891997000,6730414000,1915503000,3383000000,3383000000,None,451000000,None,2177000000,None,None,9059794000,None,None,1326269425,None,None,None,0.326,1190599417,16528190000,363806000,5764526040,5223145560,None,None,None,None,None,None,None,0.419,4.537,3.088,None,None,None,None,None,None,None,0.171,None,11433457000,2025-10-29,quarterly,1.4562,GBP,pre-market,3135358000,5579000000,0.0713,0.415,0.067,15.82,7248228000,6471000000,1200000000,1025000000,41.03,47.02,24.4615,27198000000,13177000000,9511000000,19628000000,14021000000,10117000000,21655184000,7311000000,13.67,-7067706000,49.44,30.41
2025-12-28,GSK,3.59,32166001000.0,13.67,None,0.23,5.42,587275594,None,4209000000,4209000000,-4063310749,292176037,None,None,-424000000,None,None,None,1491000000,2291924914,None,4763187000,4763187000,818854440,None,None,2029760,None,None,903704000,1461436098,0.64,0.0344,674371671,674371671,None,0.232,0.2862,363806000,1267510000,1.17,2023-12-31,9.43,696000000,23299000000.0,16891997000,6730414000,1915503000,3383000000,3383000000,None,451000000,None,2177000000,None,None,9059794000,None,None,434212762,None,None,None,0.326,3618516824,16528190000,363806000,5764526040,5223145560,None,None,None,None,None,None,None,0.419,4.537,3.088,None,None,None,None,None,-49000000,None,0.171,None,11433457000,2025-10-29,quarterly,1.4562,GBP,pre-market,3135358000,5579000000,0.0713,0.415,0.067,15.82,7248228000,6471000000,1200000000,1025000000,41.03,47.02,24.4615,27198000000,13177000000,9511000000,19628000000,14021000000,10117000000,21655184000,7311000000,13.67,-7067706000,49.44,30.41
2025-12-28,GSK,3.59,32166001000.0,13.67,None,0.23,5.42,497000000,None,4209000000,4209000000,-1762000000,-491000000,None,None,-424000000,None,None,None,1491000000,2291924914,None,4763187000,4763187000,818854440,None,None,2029760,None,None,903704000,579000000,0.64,0.0344,567000000,567000000,None,0.232,0.2862,363806000,1267510000,1.17,2023-09-30,9.43,696000000,23299000000.0,16891997000,6730414000,1915503000,3383000000,3383000000,None,451000000,None,2177000000,None,None,9059794000,None,None,1534000000,None,None,None,0.326,2212000000,16528190000,363806000,5764526040,5223145560,None,None,None,None,None,None,None,0.419,4.537,3.088,None,None,None,None,None,9000000,None,0.171,None,11433457000,2025-10-29,quarterly,1.4562,GBP,pre-market,3135358000,5579000000,0.0713,0.415,0.067,15.82,7248228000,6471000000,1200000000,1025000000,41.03,47.02,24.4615,27198000000,13177000000,9511000000,19628000000,14021000000,10117000000,21655184000,7311000000,13.67,-7067706000,49.44,30.41
2025-12-28,GSK,3.59,32166001000.0,13.67,None,0.23,5.42,535000000,None,4209000000,4209000000,31000000,-964000000,None,None,None,None,None,None,1491000000,2291924914,None,4763187000,4763187000,818854440,None,None,2029760,None,None,903704000,452000000,0.64,0.0344,557000000,557000000,None,0.232,0.2862,363806000,1267510000,1.17,2023-06-30,9.43,696000000,23299000000.0,16891997000,6730414000,1915503000,3383000000,3383000000,None,451000000,None,2177000000,None,None,9059794000,None,None,1745000000,None,None,None,0.326,1307000000,16528190000,363806000,5764526040,5223145560,None,None,None,None,None,None,None,0.419,4.537,3.088,None,None,None,None,None,1185000000,None,0.171,None,11433457000,2025-10-29,quarterly,1.4562,GBP,pre-market,3135358000,5579000000,0.0713,0.415,0.067,15.82,7248228000,6471000000,1200000000,1025000000,41.03,47.02,24.4615,27198000000,13177000000,9511000000,19628000000,14021000000,10117000000,21655184000,7311000000,13.67,-7067706000,49.44,30.41
2025-12-28,GSK,3.59,32166001000.0,13.67,None,0.23,5.42,529000000,None,4209000000,4209000000,-318000000,-408000000,None,None,None,None,None,None,1491000000,2291924914,None,4763187000,4763187000,818854440,None,None,2029760,None,None,903704000,640000000,0.64,0.0344,555000000,555000000,None,0.232,0.2862,363806000,1267510000,1.17,2023-03-31,9.43,696000000,23299000000.0,16891997000,6730414000,1915503000,3383000000,3383000000,None,451000000,None,2177000000,None,None,9059794000,None,None,1631000000,None,None,None,0.326,53000000,16528190000,363806000,5764526040,5223145560,None,None,None,None,None,None,None,0.419,4.537,3.088,None,None,None,None,None,-2000000,None,0.171,None,11433457000,2025-10-29,quarterly,1.4562,GBP,pre-market,3135358000,5579000000,0.0713,0.415,0.067,15.82,7248228000,6471000000,1200000000,1025000000,41.03,47.02,24.4615,27198000000,13177000000,9511000000,19628000000,14021000000,10117000000,21655184000,7311000000,13.67,-7067706000,49.44,30.41
2025-12-28,GSK,3.59,32166001000.0,13.67,None,0.23,5.42,751000000,None,4209000000,4209000000,-1338000000,-8772000000,None,None,-269000000,None,None,None,1491000000,2291924914,None,4763187000,4763187000,818854440,None,None,2029760,None,None,903704000,7000000,0.64,0.0344,654000000,654000000,None,0.232,0.2862,363806000,1267510000,1.17,2022-12-31,9.43,696000000,23299000000.0,16891997000,6730414000,1915503000,3383000000,3383000000,None,451000000,None,2177000000,None,None,9059794000,None,None,1625000000,None,None,None,0.326,1905000000,16528190000,363806000,5764526040,5223145560,None,None,None,None,None,None,None,0.419,4.537,3.088,None,None,None,None,None,25000000,None,0.171,None,11433457000,2025-10-29,quarterly,1.4562,GBP,pre-market,3135358000,5579000000,0.0713,0.415,0.067,15.82,7248228000,6471000000,1200000000,1025000000,41.03,47.02,24.4615,27198000000,13177000000,9511000000,19628000000,14021000000,10117000000,21655184000,7311000000,13.67,-7067706000,49.44,30.41
2025-12-28,GSK,3.59,32166001000.0,13.67,None,0.23,5.42,328149300,None,4209000000,4209000000,-1746603875,-5007400456,None,None,-269000000,None,None,None,1491000000,2291924914,None,4763187000,4763187000,818854440,None,None,2029760,None,None,903704000,1569446062,0.64,0.0344,799510455,799510455,None,0.232,0.2862,363806000,1267510000,1.17,2022-09-30,9.43,696000000,23299000000.0,16891997000,6730414000,1915503000,3383000000,3383000000,None,451000000,None,2177000000,None,None,9059794000,None,None,892291806,None,None,None,0.326,1450363160,16528190000,363806000,5764526040,5223145560,None,None,None,None,None,None,None,0.419,4.537,3.088,None,None,None,None,None,3899068,None,0.171,None,11433457000,2025-10-29,quarterly,1.4562,GBP,pre-market,3135358000,5579000000,0.0713,0.415,0.067,15.82,7248228000,6471000000,1200000000,1025000000,41.03,47.02,24.4615,27198000000,13177000000,9511000000,19628000000,14021000000,10117000000,21655184000,7311000000,13.67,-7067706000,49.44,30.41
2025-12-28,GSK,3.59,32166001000.0,13.67,None,0.23,5.42,426000000,None,4209000000,4209000000,-4486000000,-545000000,None,None,None,None,None,None,1491000000,2291924914,None,4763187000,4763187000,818854440,None,None,2029760,None,None,903704000,631000000,0.64,0.0344,1156000000,1156000000,None,0.232,0.2862,363806000,1267510000,1.17,2022-06-30,9.43,696000000,23299000000.0,16891997000,6730414000,1915503000,3383000000,3383000000,None,451000000,None,2177000000,None,None,9059794000,None,None,350000000,None,None,None,0.326,1635000000,16528190000,363806000,5764526040,5223145560,None,None,None,None,None,None,None,0.419,4.537,3.088,None,None,None,None,None,4000000,None,0.171,None,11433457000,2025-10-29,quarterly,1.4562,GBP,pre-market,3135358000,5579000000,0.0713,0.415,0.067,15.82,7248228000,6471000000,1200000000,1025000000,41.03,47.02,24.4615,27198000000,13177000000,9511000000,19628000000,14021000000,10117000000,21655184000,7311000000,13.67,-7067706000,49.44,30.41
2025-12-28,GSK,3.59,32166001000.0,13.67,None,0.23,5.42,570000000,None,4209000000,4209000000,7973000000,-3593000000,None,None,None,None,None,None,1491000000,2291924914,None,4763187000,4763187000,818854440,None,None,2029760,None,None,903704000,418000000,0.64,0.0344,952000000,952000000,None,0.232,0.2862,363806000,1267510000,1.17,2022-03-31,9.43,696000000,23299000000.0,16891997000,6730414000,1915503000,3383000000,3383000000,None,451000000,None,2177000000,None,None,9059794000,None,None,1771000000,None,None,None,0.326,2542000000,16528190000,363806000,5764526040,5223145560,None,None,None,None,None,None,None,0.419,4.537,3.088,None,None,None,None,None,-7000000,None,0.171,None,11433457000,2025-10-29,quarterly,1.4562,GBP,pre-market,3135358000,5579000000,0.0713,0.415,0.067,15.82,7248228000,6471000000,1200000000,1025000000,41.03,47.02,24.4615,27198000000,13177000000,9511000000,19628000000,14021000000,10117000000,21655184000,7311000000,13.67,-7067706000,49.44,30.41
2025-12-28,GSK,3.59,32166001000.0,13.67,None,0.23,5.42,504162843,None,4209000000,4209000000,-3328892955,-472176953,None,None,51000000,None,None,None,1491000000,2291924914,None,4763187000,4763187000,818854440,None,None,2029760,None,None,903704000,413757691,0.64,0.0344,1255837220,1255837220,None,0.232,0.2862,363806000,1267510000,1.17,2021-12-31,9.43,696000000,23299000000.0,16891997000,6730414000,1915503000,3383000000,3383000000,None,451000000,None,2177000000,None,None,9059794000,None,None,574139337,None,None,None,0.326,4702868153,16528190000,363806000,5764526040,5223145560,None,None,None,None,None,None,None,0.419,4.537,3.088,None,None,None,None,None,-565000000,None,0.171,None,11433457000,2025-10-29,quarterly,1.4562,GBP,pre-market,3135358000,5579000000,0.0713,0.415,0.067,15.82,7248228000,6471000000,1200000000,1025000000,41.03,47.02,24.4615,27198000000,13177000000,9511000000,19628000000,14021000000,10117000000,21655184000,7311000000,13.67,-7067706000,49.44,30.41
2025-12-28,GSK,3.59,32166001000.0,13.67,None,0.23,5.42,310468677,None,4209000000,4209000000,-1870322465,-1649269948,None,None,25000000,None,None,None,1491000000,2291924914,None,4763187000,4763187000,818854440,None,None,2029760,None,None,903704000,1252453909,0.64,0.0344,1316594778,1316594778,None,0.232,0.2862,363806000,1267510000,1.17,2021-09-30,9.43,696000000,23299000000.0,16891997000,6730414000,1915503000,3383000000,3383000000,None,451000000,None,2177000000,None,None,9059794000,None,None,1208363122,None,None,None,0.326,3503836117,16528190000,363806000,5764526040,5223145560,None,None,None,None,None,None,None,0.419,4.537,3.088,None,None,None,None,None,-211000000,None,0.171,None,11433457000,2025-10-29,quarterly,1.4562,GBP,pre-market,3135358000,5579000000,0.0713,0.415,0.067,15.82,7248228000,6471000000,1200000000,1025000000,41.03,47.02,24.4615,27198000000,13177000000,9511000000,19628000000,14021000000,10117000000,21655184000,7311000000,13.67,-7067706000,49.44,30.41
2025-12-28,GSK,3.59,32166001000.0,13.67,None,0.23,5.42,212991807,None,4209000000,4209000000,-2397216929,-273589234,None,None,25000000,None,None,None,1491000000,2291924914,None,4763187000,4763187000,818854440,None,None,2029760,None,None,903704000,762215809,0.64,0.0344,1615575808,1615575808,None,0.232,0.2862,363806000,1267510000,1.17,2021-06-30,9.43,696000000,23299000000.0,16891997000,6730414000,1915503000,3383000000,3383000000,None,451000000,None,2177000000,None,None,9059794000,None,None,1697853196,None,None,None,0.326,1349830497,16528190000,363806000,5764526040,5223145560,None,None,None,None,None,None,None,0.419,4.537,3.088,None,None,None,None,None,-487000000,None,0.171,None,11433457000,2025-10-29,quarterly,1.4562,GBP,pre-market,3135358000,5579000000,0.0713,0.415,0.067,15.82,7248228000,6471000000,1200000000,1025000000,41.03,47.02,24.4615,27198000000,13177000000,9511000000,19628000000,14021000000,10117000000,21655184000,7311000000,13.67,-7067706000,49.44,30.41
2025-12-28,GSK,3.59,32166001000.0,13.67,None,0.23,5.42,354000000,None,4209000000,4209000000,-1376000000,-48000000,None,None,25000000,None,None,None,1491000000,2291924914,None,4763187000,4763187000,818854440,None,None,2029760,None,None,903704000,361000000,0.64,0.0344,946000000,946000000,None,0.232,0.2862,363806000,1267510000,1.17,2021-03-31,9.43,696000000,23299000000.0,16891997000,6730414000,1915503000,3383000000,3383000000,None,451000000,None,2177000000,None,None,9059794000,None,None,1260000000,None,None,None,0.326,331000000,16528190000,363806000,5764526040,5223145560,None,None,None,None,None,None,None,0.419,4.537,3.088,None,None,None,None,None,-380000000,None,0.171,None,11433457000,2025-10-29,quarterly,1.4562,GBP,pre-market,3135358000,5579000000,0.0713,0.415,0.067,15.82,7248228000,6471000000,1200000000,1025000000,41.03,47.02,24.4615,27198000000,13177000000,9511000000,19628000000,14021000000,10117000000,21655184000,7311000000,13.67,-7067706000,49.44,30.41
2025-12-28,GSK,3.59,32166001000.0,13.67,None,0.23,5.42,676270047,None,4209000000,4209000000,-2526599892,-42443670,None,None,119000000,None,None,None,1491000000,2291924914,None,4763187000,4763187000,818854440,None,None,2029760,None,None,903704000,1259696802,0.64,0.0344,1287221923,1287221923,None,0.232,0.2862,363806000,1267510000,1.17,2020-12-31,9.43,696000000,23299000000.0,16891997000,6730414000,1915503000,3383000000,3383000000,None,451000000,None,2177000000,None,None,9059794000,None,None,893935781,None,None,None,0.326,4626559347,16528190000,363806000,5764526040,5223145560,None,None,None,None,None,None,None,0.419,4.537,3.088,None,None,None,None,None,355000000,None,0.171,None,11433457000,2025-10-29,quarterly,1.4562,GBP,pre-market,3135358000,5579000000,0.0713,0.415,0.067,15.82,7248228000,6471000000,1200000000,1025000000,41.03,47.02,24.4615,27198000000,13177000000,9511000000,19628000000,14021000000,10117000000,21655184000,7311000000,13.67,-7067706000,49.44,30.41
2025-12-28,GSK,3.59,32166001000.0,13.67,None,0.23,5.42,648000000,None,4209000000,4209000000,-4276000000,-560000000,None,None,119000000,None,None,None,1491000000,2291924914,None,4763187000,4763187000,818854440,None,None,2029760,None,None,903704000,641000000,0.64,0.0344,946000000,946000000,None,0.232,0.2862,363806000,1267510000,1.17,2020-09-30,9.43,696000000,23299000000.0,16891997000,6730414000,1915503000,3383000000,3383000000,None,451000000,None,2177000000,None,None,9059794000,None,None,1430000000,None,None,None,0.326,861000000,16528190000,363806000,5764526040,5223145560,None,None,None,None,None,None,None,0.419,4.537,3.088,None,None,None,None,None,-471000000,None,0.171,None,11433457000,2025-10-29,quarterly,1.4562,GBP,pre-market,3135358000,5579000000,0.0713,0.415,0.067,15.82,7248228000,6471000000,1200000000,1025000000,41.03,47.02,24.4615,27198000000,13177000000,9511000000,19628000000,14021000000,10117000000,21655184000,7311000000,13.67,-7067706000,49.44,30.41
2025-12-28,GSK,3.59,32166001000.0,13.67,None,0.23,5.42,402000000,None,4209000000,4209000000,-2629000000,2831000000,None,None,119000000,None,None,None,1491000000,2291924914,None,4763187000,4763187000,818854440,None,None,2029760,None,None,903704000,-1165000000,0.64,0.0344,1144000000,1144000000,None,0.232,0.2862,363806000,1267510000,1.17,2020-06-30,9.43,696000000,23299000000.0,16891997000,6730414000,1915503000,3383000000,3383000000,None,451000000,None,2177000000,None,None,9059794000,None,None,2440000000,None,None,None,0.326,2760000000,16528190000,363806000,5764526040,5223145560,None,None,None,None,None,None,None,0.419,4.537,3.088,None,None,None,None,None,1383000000,None,0.171,None,11433457000,2025-10-29,quarterly,1.4562,GBP,pre-market,3135358000,5579000000,0.0713,0.415,0.067,15.82,7248228000,6471000000,1200000000,1025000000,41.03,47.02,24.4615,27198000000,13177000000,9511000000,19628000000,14021000000,10117000000,21655184000,7311000000,13.67,-7067706000,49.44,30.41
2025-12-28,GSK,3.59,32166001000.0,13.67,None,0.23,5.42,344000000,None,4209000000,4209000000,-1052000000,-58000000,None,None,119000000,None,None,None,1491000000,2291924914,None,4763187000,4763187000,818854440,None,None,2029760,None,None,903704000,194000000,0.64,0.0344,941000000,941000000,None,0.232,0.2862,363806000,1267510000,1.17,2020-03-31,9.43,696000000,23299000000.0,16891997000,6730414000,1915503000,3383000000,3383000000,None,451000000,None,2177000000,None,None,9059794000,None,None,1679000000,None,None,None,0.326,965000000,16528190000,363806000,5764526040,5223145560,None,None,None,None,None,None,None,0.419,4.537,3.088,None,None,None,None,None,-268000000,None,0.171,None,11433457000,2025-10-29,quarterly,1.4562,GBP,pre-market,3135358000,5579000000,0.0713,0.415,0.067,15.82,7248228000,6471000000,1200000000,1025000000,41.03,47.02,24.4615,27198000000,13177000000,9511000000,19628000000,14021000000,10117000000,21655184000,7311000000,13.67,-7067706000,49.44,30.41
2025-12-28,GSK,3.59,32166001000.0,13.67,None,0.23,5.42,765000000,None,4209000000,4209000000,-2759000000,-370000000,0,0,300000000,None,None,0,1491000000,2291924914,None,4763187000,4763187000,818854440,None,None,2029760,None,None,903704000,-138000000,0.64,0.0344,941000000,941000000,None,0.232,0.2862,363806000,1267510000,1.17,2019-12-31,9.43,696000000,23299000000.0,16891997000,6730414000,1915503000,3383000000,3383000000,None,451000000,None,2177000000,None,None,9059794000,None,None,1517000000,None,None,None,0.326,3453000000,16528190000,363806000,5764526040,5223145560,None,None,None,None,None,None,None,0.419,4.537,3.088,None,None,None,None,None,2123000000,None,0.171,None,11433457000,2025-10-29,quarterly,1.4562,GBP,pre-market,3135358000,5579000000,0.0713,0.415,0.067,15.82,7248228000,6471000000,1200000000,1025000000,41.03,47.02,24.4615,27198000000,13177000000,9511000000,19628000000,14021000000,10117000000,21655184000,7311000000,13.67,-7067706000,49.44,30.41
2025-12-28,GSK,3.59,32166001000.0,13.67,None,0.23,5.42,459000000,None,4209000000,4209000000,-1850000000,-468000000,0,0,3566070918.50,None,None,0,1491000000,2291924914,None,4763187000,4763187000,818854440,None,None,2029760,None,None,903704000,513000000,0.64,0.0344,940000000,940000000,None,0.232,0.2862,363806000,1267510000,1.17,2019-09-30,9.43,696000000,23299000000.0,16891997000,6730414000,1915503000,3383000000,3383000000,None,451000000,None,2177000000,None,None,9059794000,None,None,1716000000,None,None,None,0.326,2515000000,16528190000,363806000,5764526040,5223145560,None,None,None,None,None,None,None,0.419,4.537,3.088,None,None,None,None,None,-948000000,None,0.171,None,11433457000,2025-10-29,quarterly,1.4562,GBP,pre-market,3135358000,5579000000,0.0713,0.415,0.067,15.82,7248228000,6471000000,1200000000,1025000000,41.03,47.02,24.4615,27198000000,13177000000,9511000000,19628000000,14021000000,10117000000,21655184000,7311000000,13.67,-7067706000,49.44,30.41
2025-12-28,GSK,3.59,32166001000.0,13.67,None,0.23,5.42,635000000,None,4209000000,4209000000,-892000000,-564000000,0,0,4985238170.84,None,None,0,1491000000,2291924914,None,4763187000,4763187000,818854440,None,None,2029760,None,None,903704000,776000000,0.64,0.0344,1137000000,1137000000,None,0.232,0.2862,363806000,1267510000,1.17,2019-06-30,9.43,696000000,23299000000.0,16891997000,6730414000,1915503000,3383000000,3383000000,None,451000000,None,2177000000,None,None,9059794000,None,None,1050000000,None,None,None,0.326,1389000000,16528190000,363806000,5764526040,5223145560,None,None,None,None,None,None,None,0.419,4.537,3.088,None,None,None,None,None,1034000000,None,0.171,None,11433457000,2025-10-29,quarterly,1.4562,GBP,pre-market,3135358000,5579000000,0.0713,0.415,0.067,15.82,7248228000,6471000000,1200000000,1025000000,41.03,47.02,24.4615,27198000000,13177000000,9511000000,19628000000,14021000000,10117000000,21655184000,7311000000,13.67,-7067706000,49.44,30.41
2025-12-28,GSK,3.59,32166001000.0,13.67,None,0.23,5.42,304000000,None,4209000000,4209000000,3661000000,-3952000000,0,0,7669695218.93,None,None,0,1491000000,2291924914,None,4763187000,4763187000,818854440,None,None,2029760,None,None,903704000,1183000000,0.64,0.0344,935000000,935000000,None,0.232,0.2862,363806000,1267510000,1.17,2019-03-31,9.43,696000000,23299000000.0,16891997000,6730414000,1915503000,3383000000,3383000000,None,451000000,None,2177000000,None,None,9059794000,None,None,985000000,None,None,None,0.326,663000000,16528190000,363806000,5764526040,5223145560,None,None,None,None,None,None,None,0.419,4.537,3.088,None,None,None,None,None,8075000000,None,0.171,None,11433457000,2025-10-29,quarterly,1.4562,GBP,pre-market,3135358000,5579000000,0.0713,0.415,0.067,15.82,7248228000,6471000000,1200000000,1025000000,41.03,47.02,24.4615,27198000000,13177000000,9511000000,19628000000,14021000000,10117000000,21655184000,7311000000,13.67,-7067706000,49.44,30.41
2025-12-28,GSK,3.59,32166001000.0,13.67,None,0.23,5.42,635000000,None,4209000000,4209000000,-3246000000,-413000000,0,0,51000000,None,None,0,1491000000,2291924914,None,4763187000,4763187000,818854440,None,None,2029760,None,None,903704000,687000000,0.64,0.0344,934000000,934000000,None,0.232,0.2862,363806000,1267510000,1.17,2018-12-31,9.43,696000000,23299000000.0,16891997000,6730414000,1915503000,3383000000,3383000000,None,451000000,None,2177000000,None,None,9059794000,None,None,1300000000,None,None,None,0.326,4119000000,16528190000,363806000,5764526040,5223145560,None,None,None,None,None,None,None,0.419,4.537,3.088,None,None,None,None,None,250152832.06,None,0.171,None,11433457000,2025-10-29,quarterly,1.4562,GBP,pre-market,3135358000,5579000000,0.0713,0.415,0.067,15.82,7248228000,6471000000,1200000000,1025000000,41.03,47.02,24.4615,27198000000,13177000000,9511000000,19628000000,14021000000,10117000000,21655184000,7311000000,13.67,-7067706000,49.44,30.41
2025-12-28,GSK,3.59,32166001000.0,13.67,None,0.23,5.42,431000000,None,4209000000,4209000000,-1670000000,-507000000,0,0,66518847.01,None,None,0,1491000000,2291924914,None,4763187000,4763187000,818854440,None,None,2029760,None,None,903704000,496000000,0.64,0.0344,934000000,934000000,None,0.232,0.2862,363806000,1267510000,1.17,2018-09-30,9.43,696000000,23299000000.0,16891997000,6730414000,1915503000,3383000000,3383000000,None,451000000,None,2177000000,None,None,9059794000,None,None,1512000000,None,None,None,0.326,2077000000,16528190000,363806000,5764526040,5223145560,None,None,None,None,None,None,None,0.419,4.537,3.088,None,None,None,None,None,0,None,0.171,None,11433457000,2025-10-29,quarterly,1.4562,GBP,pre-market,3135358000,5579000000,0.0713,0.415,0.067,15.82,7248228000,6471000000,1200000000,1025000000,41.03,47.02,24.4615,27198000000,13177000000,9511000000,19628000000,14021000000,10117000000,21655184000,7311000000,13.67,-7067706000,49.44,30.41
2025-12-28,GSK,3.59,32166001000.0,13.67,None,0.23,5.42,375000000,None,4209000000,4209000000,-1190000000,-262000000,None,None,67025890.39,None,None,None,1491000000,2291924914,None,4763187000,4763187000,818854440,None,None,2029760,None,None,903704000,195000000,0.64,0.0344,1130000000,1130000000,None,0.232,0.2862,363806000,1267510000,1.17,2018-06-30,9.43,696000000,23299000000.0,16891997000,6730414000,1915503000,3383000000,3383000000,None,451000000,None,2177000000,None,None,9059794000,None,None,475000000,None,None,None,0.326,1362000000,16528190000,363806000,5764526040,5223145560,None,None,None,None,None,None,None,0.419,4.537,3.088,None,None,None,None,None,17788809021852,None,0.171,None,11433457000,2025-10-29,quarterly,1.4562,GBP,pre-market,3135358000,5579000000,0.0713,0.415,0.067,15.82,7248228000,6471000000,1200000000,1025000000,41.03,47.02,24.4615,27198000000,13177000000,9511000000,19628000000,14021000000,10117000000,21655184000,7311000000,13.67,-7067706000,49.44,30.41
2025-12-28,GSK,3.59,32166001000.0,13.67,None,0.23,5.42,355000000,None,4209000000,4209000000,-283000000,-371000000,None,None,71629213.48,None,None,None,1491000000,2291924914,None,4763187000,4763187000,818854440,None,None,2029760,None,None,903704000,478000000,0.64,0.0344,929000000,929000000,None,0.232,0.2862,363806000,1267510000,1.17,2018-03-31,9.43,696000000,23299000000.0,16891997000,6730414000,1915503000,3383000000,3383000000,None,451000000,None,2177000000,None,None,9059794000,None,None,759000000,None,None,None,0.326,863000000,16528190000,363806000,5764526040,5223145560,None,None,None,None,None,None,None,0.419,4.537,3.088,None,None,None,None,None,15449438.20,None,0.171,None,11433457000,2025-10-29,quarterly,1.4562,GBP,pre-market,3135358000,5579000000,0.0713,0.415,0.067,15.82,7248228000,6471000000,1200000000,1025000000,41.03,47.02,24.4615,27198000000,13177000000,9511000000,19628000000,14021000000,10117000000,21655184000,7311000000,13.67,-7067706000,49.44,30.41
2025-12-28,GSK,3.59,32166001000.0,13.67,None,0.23,5.42,678000000,None,4209000000,4209000000,-3257000000,-335000000,None,None,-461000000,None,None,None,1491000000,2291924914,None,4763187000,4763187000,818854440,None,None,2029760,None,None,903704000,-175000000,0.64,0.0344,929000000,929000000,None,0.232,0.2862,363806000,1267510000,1.17,2017-12-31,9.43,696000000,23299000000.0,16891997000,6730414000,1915503000,3383000000,3383000000,None,451000000,None,2177000000,None,None,9059794000,None,None,-363000000,None,None,None,0.326,2869000000,16528190000,363806000,5764526040,5223145560,None,None,None,None,None,None,None,0.419,4.537,3.088,None,None,None,None,None,-5000000,None,0.171,None,11433457000,2025-10-29,quarterly,1.4562,GBP,pre-market,3135358000,5579000000,0.0713,0.415,0.067,15.82,7248228000,6471000000,1200000000,1025000000,41.03,47.02,24.4615,27198000000,13177000000,9511000000,19628000000,14021000000,10117000000,21655184000,7311000000,13.67,-7067706000,49.44,30.41
2025-12-28,GSK,3.59,32166001000.0,13.67,None,0.23,5.42,496000000,None,4209000000,4209000000,-649000000,-462000000,None,None,-461000000,None,None,None,1491000000,2291924914,None,4763187000,4763187000,818854440,None,None,2029760,None,None,903704000,684000000,0.64,0.0344,928000000,928000000,None,0.232,0.2862,363806000,1267510000,1.17,2017-09-30,9.43,696000000,23299000000.0,16891997000,6730414000,1915503000,3383000000,3383000000,None,451000000,None,2177000000,None,None,9059794000,None,None,1395000000,None,None,None,0.326,1897000000,16528190000,363806000,5764526040,5223145560,None,None,None,None,None,None,None,0.419,4.537,3.088,None,None,None,None,None,1000000,None,0.171,None,11433457000,2025-10-29,quarterly,1.4562,GBP,pre-market,3135358000,5579000000,0.0713,0.415,0.067,15.82,7248228000,6471000000,1200000000,1025000000,41.03,47.02,24.4615,27198000000,13177000000,9511000000,19628000000,14021000000,10117000000,21655184000,7311000000,13.67,-7067706000,49.44,30.41
2025-12-28,GSK,3.59,32166001000.0,13.67,None,0.23,5.42,612000000,None,4209000000,4209000000,-965000000,-447000000,None,None,-461000000,None,None,None,1491000000,2291924914,None,4763187000,4763187000,818854440,None,None,2029760,None,None,903704000,1087000000,0.64,0.0344,1124000000,1124000000,None,0.232,0.2862,363806000,1267510000,1.17,2017-06-30,9.43,696000000,23299000000.0,16891997000,6730414000,1915503000,3383000000,3383000000,None,451000000,None,2177000000,None,None,9059794000,None,None,-86000000,None,None,None,0.326,1008000000,16528190000,363806000,5764526040,5223145560,None,None,None,None,None,None,None,0.419,4.537,3.088,None,None,None,None,None,1135000000,None,0.171,None,11433457000,2025-10-29,quarterly,1.4562,GBP,pre-market,3135358000,5579000000,0.0713,0.415,0.067,15.82,7248228000,6471000000,1200000000,1025000000,41.03,47.02,24.4615,27198000000,13177000000,9511000000,19628000000,14021000000,10117000000,21655184000,7311000000,13.67,-7067706000,49.44,30.41
2025-12-28,GSK,3.59,32166001000.0,13.67,None,0.23,5.42,416000000,None,4209000000,4209000000,-1509000000,-199000000,None,None,-461000000,None,None,None,1491000000,2291924914,None,4763187000,4763187000,818854440,None,None,2029760,None,None,903704000,326000000,0.64,0.0344,925000000,925000000,None,0.232,0.2862,363806000,1267510000,1.17,2017-03-31,9.43,696000000,23299000000.0,16891997000,6730414000,1915503000,3383000000,3383000000,None,451000000,None,2177000000,None,None,9059794000,None,None,1223000000,None,None,None,0.326,1144000000,16528190000,363806000,5764526040,5223145560,None,None,None,None,None,None,None,0.419,4.537,3.088,None,None,None,None,None,-61000000,None,0.171,None,11433457000,2025-10-29,quarterly,1.4562,GBP,pre-market,3135358000,5579000000,0.0713,0.415,0.067,15.82,7248228000,6471000000,1200000000,1025000000,41.03,47.02,24.4615,27198000000,13177000000,9511000000,19628000000,14021000000,10117000000,21655184000,7311000000,13.67,-7067706000,49.44,30.41
2025-12-28,GSK,3.59,32166001000.0,13.67,None,0.23,5.42,761000000,None,4209000000,4209000000,-1943000000,-174000000,None,None,70000000,None,None,None,1491000000,2291924914,None,4763187000,4763187000,818854440,None,None,2029760,None,None,903704000,624000000,0.64,0.0344,925000000,925000000,None,0.232,0.2862,363806000,1267510000,1.17,2016-12-31,9.43,696000000,23299000000.0,16891997000,6730414000,1915503000,3383000000,3383000000,None,451000000,None,2177000000,None,None,9059794000,None,None,317000000,None,None,None,0.326,2991000000,16528190000,363806000,5764526040,5223145560,None,None,None,None,None,None,None,0.419,4.537,3.088,None,None,None,None,None,-4000000,None,0.171,None,11433457000,2025-10-29,quarterly,1.4562,GBP,pre-market,3135358000,5579000000,0.0713,0.415,0.067,15.82,7248228000,6471000000,1200000000,1025000000,41.03,47.02,24.4615,27198000000,13177000000,9511000000,19628000000,14021000000,10117000000,21655184000,7311000000,13.67,-7067706000,49.44,30.41
2025-12-28,GSK,3.59,32166001000.0,13.67,None,0.23,5.42,495000000,None,4209000000,4209000000,-1965000000,-174000000,None,None,70000000,None,None,None,1491000000,2291924914,None,4763187000,4763187000,818854440,None,None,2029760,None,None,903704000,191000000,0.64,0.0344,923000000,923000000,None,0.232,0.2862,363806000,1267510000,1.17,2016-09-30,9.43,696000000,23299000000.0,16891997000,6730414000,1915503000,3383000000,3383000000,None,451000000,None,2177000000,None,None,9059794000,None,None,885000000,None,None,None,0.326,1767000000,16528190000,363806000,5764526040,5223145560,None,None,None,None,None,None,None,0.419,4.537,3.088,None,None,None,None,None,-12000000,None,0.171,None,11433457000,2025-10-29,quarterly,1.4562,GBP,pre-market,3135358000,5579000000,0.0713,0.415,0.067,15.82,7248228000,6471000000,1200000000,1025000000,41.03,47.02,24.4615,27198000000,13177000000,9511000000,19628000000,14021000000,10117000000,21655184000,7311000000,13.67,-7067706000,49.44,30.41
2025-12-28,GSK,3.59,32166001000.0,13.67,None,0.23,5.42,477000000,None,4209000000,4209000000,-1171000000,-254000000,None,None,70000000,None,None,None,1491000000,2291924914,None,4763187000,4763187000,818854440,None,None,2029760,None,None,903704000,401000000,0.64,0.0344,2083000000,2083000000,None,0.232,0.2862,363806000,1267510000,1.17,2016-06-30,9.43,696000000,23299000000.0,16891997000,6730414000,1915503000,3383000000,3383000000,None,451000000,None,2177000000,None,None,9059794000,None,None,-492000000,None,None,None,0.326,1236000000,16528190000,363806000,5764526040,5223145560,None,None,None,None,None,None,None,0.419,4.537,3.088,None,None,None,None,None,-6000000,None,0.171,None,11433457000,2025-10-29,quarterly,1.4562,GBP,pre-market,3135358000,5579000000,0.0713,0.415,0.067,15.82,7248228000,6471000000,1200000000,1025000000,41.03,47.02,24.4615,27198000000,13177000000,9511000000,19628000000,14021000000,10117000000,21655184000,7311000000,13.67,-7067706000,49.44,30.41
2025-12-28,GSK,3.59,32166001000.0,13.67,None,0.23,5.42,619000000,None,4209000000,4209000000,-1313000000,-667000000,None,None,None,None,None,None,1491000000,2291924914,None,4763187000,4763187000,818854440,None,None,2029760,None,None,903704000,558000000,0.64,0.0344,919000000,919000000,None,0.232,0.2862,363806000,1267510000,1.17,2016-03-31,9.43,696000000,23299000000.0,16891997000,6730414000,1915503000,3383000000,3383000000,None,451000000,None,2177000000,None,None,9059794000,None,None,352000000,None,None,None,0.326,503000000,16528190000,363806000,5764526040,5223145560,None,None,None,None,None,None,None,0.419,4.537,3.088,None,None,None,None,None,-52000000,None,0.171,None,11433457000,2025-10-29,quarterly,1.4562,GBP,pre-market,3135358000,5579000000,0.0713,0.415,0.067,15.82,7248228000,6471000000,1200000000,1025000000,41.03,47.02,24.4615,27198000000,13177000000,9511000000,19628000000,14021000000,10117000000,21655184000,7311000000,13.67,-7067706000,49.44,30.41
2025-12-28,GSK,3.59,32166001000.0,13.67,None,0.23,5.42,678000000,None,4209000000,4209000000,-966000000,-425000000,None,None,-111000000,None,None,None,1491000000,2291924914,None,4763187000,4763187000,818854440,None,None,2029760,None,None,903704000,284000000,0.64,0.0344,888000000,888000000,None,0.232,0.2862,363806000,1267510000,1.17,2015-12-31,9.43,696000000,23299000000.0,16891997000,6730414000,1915503000,3383000000,3383000000,None,451000000,None,2177000000,None,None,9059794000,None,None,-428000000,None,None,None,0.326,1501000000,16528190000,363806000,5764526040,5223145560,None,None,None,None,None,None,None,0.419,4.537,3.088,None,None,None,None,None,-6000000,None,0.171,None,11433457000,2025-10-29,quarterly,1.4562,GBP,pre-market,3135358000,5579000000,0.0713,0.415,0.067,15.82,7248228000,6471000000,1200000000,1025000000,41.03,47.02,24.4615,27198000000,13177000000,9511000000,19628000000,14021000000,10117000000,21655184000,7311000000,13.67,-7067706000,49.44,30.41
2025-12-28,GSK,3.59,32166001000.0,13.67,None,0.23,5.42,443000000,None,4209000000,4209000000,-2015000000,-172000000,None,None,None,None,None,None,1491000000,2291924914,None,4763187000,4763187000,818854440,None,None,2029760,None,None,903704000,234000000,0.64,0.0344,951000000,951000000,None,0.232,0.2862,363806000,1267510000,1.17,2015-09-30,9.43,696000000,23299000000.0,16891997000,6730414000,1915503000,3383000000,3383000000,None,451000000,None,2177000000,None,None,9059794000,None,None,647000000,None,None,None,0.326,481000000,16528190000,363806000,5764526040,5223145560,None,None,None,None,None,None,None,0.419,4.537,3.088,None,None,None,None,None,-15000000,None,0.171,None,11433457000,2025-10-29,quarterly,1.4562,GBP,pre-market,3135358000,5579000000,0.0713,0.415,0.067,15.82,7248228000,6471000000,1200000000,1025000000,41.03,47.02,24.4615,27198000000,13177000000,9511000000,19628000000,14021000000,10117000000,21655184000,7311000000,13.67,-7067706000,49.44,30.41
2025-12-28,GSK,3.59,32166001000.0,13.67,None,0.23,5.42,415000000,None,4209000000,4209000000,-2340000000,-456000000,None,None,None,None,None,None,1491000000,2291924914,None,4763187000,4763187000,818854440,None,None,2029760,None,None,903704000,725000000,0.64,0.0344,1111000000,1111000000,None,0.232,0.2862,363806000,1267510000,1.17,2015-06-30,9.43,696000000,23299000000.0,16891997000,6730414000,1915503000,3383000000,3383000000,None,451000000,None,2177000000,None,None,9059794000,None,None,115000000,None,None,None,0.326,217000000,16528190000,363806000,5764526040,5223145560,None,None,None,None,None,None,None,0.419,4.537,3.088,None,None,None,None,None,-15000000,None,0.171,None,11433457000,2025-10-29,quarterly,1.4562,GBP,pre-market,3135358000,5579000000,0.0713,0.415,0.067,15.82,7248228000,6471000000,1200000000,1025000000,41.03,47.02,24.4615,27198000000,13177000000,9511000000,19628000000,14021000000,10117000000,21655184000,7311000000,13.67,-7067706000,49.44,30.41
2025-12-28,GSK,3.59,32166001000.0,13.67,None,0.23,5.42,365000000,None,4209000000,4209000000,-1782000000,7090000000,None,None,None,None,None,None,1491000000,2291924914,None,4763187000,4763187000,818854440,None,None,2029760,None,None,903704000,387000000,0.64,0.0344,924000000,924000000,None,0.232,0.2862,363806000,1267510000,1.17,2015-03-31,9.43,696000000,23299000000.0,16891997000,6730414000,1915503000,3383000000,3383000000,None,451000000,None,2177000000,None,None,9059794000,None,None,8038000000,None,None,None,0.326,370000000,16528190000,363806000,5764526040,5223145560,None,None,None,None,None,None,None,0.419,4.537,3.088,None,None,None,None,None,-63000000,None,0.171,None,11433457000,2025-10-29,quarterly,1.4562,GBP,pre-market,3135358000,5579000000,0.0713,0.415,0.067,15.82,7248228000,6471000000,1200000000,1025000000,41.03,47.02,24.4615,27198000000,13177000000,9511000000,19628000000,14021000000,10117000000,21655184000,7311000000,13.67,-7067706000,49.44,30.41
2025-12-28,GSK,3.59,32166001000.0,13.67,None,0.23,5.42,586000000,None,4209000000,4209000000,-1663000000,-379000000,None,None,-529000000,None,None,None,1491000000,2291924914,None,4763187000,4763187000,818854440,None,None,2029760,None,None,903704000,155000000,0.64,0.0344,918000000,918000000,None,0.232,0.2862,363806000,1267510000,1.17,2014-12-31,9.43,696000000,23299000000.0,16891997000,6730414000,1915503000,3383000000,3383000000,None,451000000,None,2177000000,None,None,9059794000,None,None,1025000000,None,None,None,0.326,2210000000,16528190000,363806000,5764526040,5223145560,None,None,None,None,None,None,None,0.419,4.537,3.088,None,None,None,None,None,-5000000,None,0.171,None,11433457000,2025-10-29,quarterly,1.4562,GBP,pre-market,3135358000,5579000000,0.0713,0.415,0.067,15.82,7248228000,6471000000,1200000000,1025000000,41.03,47.02,24.4615,27198000000,13177000000,9511000000,19628000000,14021000000,10117000000,21655184000,7311000000,13.67,-7067706000,49.44,30.41
2025-12-28,GSK,3.59,32166001000.0,13.67,None,0.23,5.42,422000000,None,4209000000,4209000000,-180000000,-216000000,None,None,None,None,None,None,1491000000,2291924914,None,4763187000,4763187000,818854440,None,None,2029760,None,None,903704000,381000000,0.64,0.0344,916000000,916000000,None,0.232,0.2862,363806000,1267510000,1.17,2014-09-30,9.43,696000000,23299000000.0,16891997000,6730414000,1915503000,3383000000,3383000000,None,451000000,None,2177000000,None,None,9059794000,None,None,385000000,None,None,None,0.326,1273000000,16528190000,363806000,5764526040,5223145560,None,None,None,None,None,None,None,0.419,4.537,3.088,None,None,None,None,None,-18000000,None,0.171,None,11433457000,2025-10-29,quarterly,1.4562,GBP,pre-market,3135358000,5579000000,0.0713,0.415,0.067,15.82,7248228000,6471000000,1200000000,1025000000,41.03,47.02,24.4615,27198000000,13177000000,9511000000,19628000000,14021000000,10117000000,21655184000,7311000000,13.67,-7067706000,49.44,30.41
2025-12-28,GSK,3.59,32166001000.0,13.67,None,0.23,5.42,394000000,None,4209000000,4209000000,-953000000,-149000000,None,None,None,None,None,None,1491000000,2291924914,None,4763187000,4763187000,818854440,None,None,2029760,None,None,903704000,375000000,0.64,0.0344,1099000000,1099000000,None,0.232,0.2862,363806000,1267510000,1.17,2014-06-30,9.43,696000000,23299000000.0,16891997000,6730414000,1915503000,3383000000,3383000000,None,451000000,None,2177000000,None,None,9059794000,None,None,702000000,None,None,None,0.326,766000000,16528190000,363806000,5764526040,5223145560,None,None,None,None,None,None,None,0.419,4.537,3.088,None,None,None,None,None,-208000000,None,0.171,None,11433457000,2025-10-29,quarterly,1.4562,GBP,pre-market,3135358000,5579000000,0.0713,0.415,0.067,15.82,7248228000,6471000000,1200000000,1025000000,41.03,47.02,24.4615,27198000000,13177000000,9511000000,19628000000,14021000000,10117000000,21655184000,7311000000,13.67,-7067706000,49.44,30.41
2025-12-28,GSK,3.59,32166001000.0,13.67,None,0.23,5.42,349000000,None,4209000000,4209000000,-2589000000,-334000000,None,None,None,None,None,None,1491000000,2291924914,None,4763187000,4763187000,818854440,None,None,2029760,None,None,903704000,573000000,0.64,0.0344,910000000,910000000,None,0.232,0.2862,363806000,1267510000,1.17,2014-03-31,9.43,696000000,23299000000.0,16891997000,6730414000,1915503000,3383000000,3383000000,None,451000000,None,2177000000,None,None,9059794000,None,None,719000000,None,None,None,0.326,927000000,16528190000,363806000,5764526040,5223145560,None,None,None,None,None,None,None,0.419,4.537,3.088,None,None,None,None,None,-102000000,None,0.171,None,11433457000,2025-10-29,quarterly,1.4562,GBP,pre-market,3135358000,5579000000,0.0713,0.415,0.067,15.82,7248228000,6471000000,1200000000,1025000000,41.03,47.02,24.4615,27198000000,13177000000,9511000000,19628000000,14021000000,10117000000,21655184000,7311000000,13.67,-7067706000,49.44,30.41
2025-12-28,GSK,3.59,32166001000.0,13.67,None,0.23,5.42,500000000,None,4209000000,4209000000,-1617000000,1828000000,None,None,-95000000,None,None,None,1491000000,2291924914,None,4763187000,4763187000,818854440,None,None,2029760,None,None,903704000,-422000000,0.64,0.0344,864000000,864000000,None,0.232,0.2862,363806000,1267510000,1.17,2013-12-31,9.43,696000000,23299000000.0,16891997000,6730414000,1915503000,3383000000,3383000000,None,451000000,None,2177000000,None,None,9059794000,None,None,2505000000,None,None,None,0.326,2187000000,16528190000,363806000,5764526040,5223145560,None,None,None,None,None,None,None,0.419,4.537,3.088,None,None,None,None,None,-599000000,None,0.171,None,11433457000,2025-10-29,quarterly,1.4562,GBP,pre-market,3135358000,5579000000,0.0713,0.415,0.067,15.82,7248228000,6471000000,1200000000,1025000000,41.03,47.02,24.4615,27198000000,13177000000,9511000000,19628000000,14021000000,10117000000,21655184000,7311000000,13.67,-7067706000,49.44,30.41
2025-12-28,GSK,3.59,32166001000.0,13.67,None,0.23,5.42,459000000,None,4209000000,4209000000,-1103000000,-526000000,None,None,None,None,None,None,1491000000,2291924914,None,4763187000,4763187000,818854440,None,None,2029760,None,None,903704000,731000000,0.64,0.0344,878000000,878000000,None,0.232,0.2862,363806000,1267510000,1.17,2013-09-30,9.43,696000000,23299000000.0,16891997000,6730414000,1915503000,3383000000,3383000000,None,451000000,None,2177000000,None,None,9059794000,None,None,1010000000,None,None,None,0.326,2077000000,16528190000,363806000,5764526040,5223145560,None,None,None,None,None,None,None,0.419,4.537,3.088,None,None,None,None,None,-542000000,None,0.171,None,11433457000,2025-10-29,quarterly,1.4562,GBP,pre-market,3135358000,5579000000,0.0713,0.415,0.067,15.82,7248228000,6471000000,1200000000,1025000000,41.03,47.02,24.4615,27198000000,13177000000,9511000000,19628000000,14021000000,10117000000,21655184000,7311000000,13.67,-7067706000,49.44,30.41
2025-12-28,GSK,3.59,32166001000.0,13.67,None,0.23,5.42,425000000,None,4209000000,4209000000,-2098000000,-480000000,None,None,None,None,None,None,1491000000,2291924914,None,4763187000,4763187000,818854440,None,None,2029760,None,None,903704000,546000000,0.64,0.0344,1068000000,1068000000,None,0.232,0.2862,363806000,1267510000,1.17,2013-06-30,9.43,696000000,23299000000.0,16891997000,6730414000,1915503000,3383000000,3383000000,None,451000000,None,2177000000,None,None,9059794000,None,None,1084000000,None,None,None,0.326,1711000000,16528190000,363806000,5764526040,5223145560,None,None,None,None,None,None,None,0.419,4.537,3.088,None,None,None,None,None,-320000000,None,0.171,None,11433457000,2025-10-29,quarterly,1.4562,GBP,pre-market,3135358000,5579000000,0.0713,0.415,0.067,15.82,7248228000,6471000000,1200000000,1025000000,41.03,47.02,24.4615,27198000000,13177000000,9511000000,19628000000,14021000000,10117000000,21655184000,7311000000,13.67,-7067706000,49.44,30.41
2025-12-28,GSK,3.59,32166001000.0,13.67,None,0.23,5.42,317000000,None,4209000000,4209000000,-1455000000,-298000000,None,None,None,None,None,None,1491000000,2291924914,None,4763187000,4763187000,818854440,None,None,2029760,None,None,903704000,559000000,0.64,0.0344,870000000,870000000,None,0.232,0.2862,363806000,1267510000,1.17,2013-03-31,9.43,696000000,23299000000.0,16891997000,6730414000,1915503000,3383000000,3383000000,None,451000000,None,2177000000,None,None,9059794000,None,None,1029000000,None,None,None,0.326,1247000000,16528190000,363806000,5764526040,5223145560,None,None,None,None,None,None,None,0.419,4.537,3.088,None,None,None,None,None,-88000000,None,0.171,None,11433457000,2025-10-29,quarterly,1.4562,GBP,pre-market,3135358000,5579000000,0.0713,0.415,0.067,15.82,7248228000,6471000000,1200000000,1025000000,41.03,47.02,24.4615,27198000000,13177000000,9511000000,19628000000,14021000000,10117000000,21655184000,7311000000,13.67,-7067706000,49.44,30.41
2025-12-28,GSK,3.59,32166001000.0,13.67,None,0.23,5.42,523000000,None,4209000000,4209000000,-1017000000,-236000000,None,None,37000000,None,None,None,1491000000,2291924914,None,4763187000,4763187000,818854440,None,None,2029760,None,None,903704000,690000000,0.64,0.0344,830000000,830000000,None,0.232,0.2862,363806000,1267510000,1.17,2012-12-31,9.43,696000000,23299000000.0,16891997000,6730414000,1915503000,3383000000,3383000000,None,451000000,None,2177000000,None,None,9059794000,None,None,839000000,None,None,None,0.326,1914000000,16528190000,363806000,5764526040,5223145560,None,None,None,None,None,None,None,0.419,4.537,3.088,None,None,None,None,None,-653000000,None,0.171,None,11433457000,2025-10-29,quarterly,1.4562,GBP,pre-market,3135358000,5579000000,0.0713,0.415,0.067,15.82,7248228000,6471000000,1200000000,1025000000,41.03,47.02,24.4615,27198000000,13177000000,9511000000,19628000000,14021000000,10117000000,21655184000,7311000000,13.67,-7067706000,49.44,30.41
2025-12-28,GSK,3.59,32166001000.0,13.67,None,0.23,5.42,383000000,None,4209000000,4209000000,-1212000000,-2408000000,None,None,None,None,None,None,1491000000,2291924914,None,4763187000,4763187000,818854440,None,None,2029760,None,None,903704000,268000000,0.64,0.0344,846000000,846000000,None,0.232,0.2862,363806000,1267510000,1.17,2012-09-30,9.43,696000000,23299000000.0,16891997000,6730414000,1915503000,3383000000,3383000000,None,451000000,None,2177000000,None,None,9059794000,None,None,1196000000,None,None,None,0.326,-288000000,16528190000,363806000,5764526040,5223145560,None,None,None,None,None,None,None,0.419,4.537,3.088,None,None,None,None,None,-777000000,None,0.171,None,11433457000,2025-10-29,quarterly,1.4562,GBP,pre-market,3135358000,5579000000,0.0713,0.415,0.067,15.82,7248228000,6471000000,1200000000,1025000000,41.03,47.02,24.4615,27198000000,13177000000,9511000000,19628000000,14021000000,10117000000,21655184000,7311000000,13.67,-7067706000,49.44,30.41
2025-12-28,GSK,3.59,32166001000.0,13.67,None,0.23,5.42,359000000,None,4209000000,4209000000,110000000,-117000000,None,None,None,None,None,None,1491000000,2291924914,None,4763187000,4763187000,818854440,None,None,2029760,None,None,903704000,247000000,0.64,0.0344,1291000000,1291000000,None,0.232,0.2862,363806000,1267510000,1.17,2012-06-30,9.43,696000000,23299000000.0,16891997000,6730414000,1915503000,3383000000,3383000000,None,451000000,None,2177000000,None,None,9059794000,None,None,1319000000,None,None,None,0.326,1737000000,16528190000,363806000,5764526040,5223145560,None,None,None,None,None,None,None,0.419,4.537,3.088,None,None,None,None,None,-843000000,None,0.171,None,11433457000,2025-10-29,quarterly,1.4562,GBP,pre-market,3135358000,5579000000,0.0713,0.415,0.067,15.82,7248228000,6471000000,1200000000,1025000000,41.03,47.02,24.4615,27198000000,13177000000,9511000000,19628000000,14021000000,10117000000,21655184000,7311000000,13.67,-7067706000,49.44,30.41
2025-12-28,GSK,3.59,32166001000.0,13.67,None,0.23,5.42,255000000,None,4209000000,4209000000,-1232000000,130000000,None,None,None,None,None,None,1491000000,2291924914,None,4763187000,4763187000,818854440,None,None,2029760,None,None,903704000,240000000,0.64,0.0344,847000000,847000000,None,0.232,0.2862,363806000,1267510000,1.17,2012-03-31,9.43,696000000,23299000000.0,16891997000,6730414000,1915503000,3383000000,3383000000,None,451000000,None,2177000000,None,None,9059794000,None,None,1390000000,None,None,None,0.326,1012000000,16528190000,363806000,5764526040,5223145560,None,None,None,None,None,None,None,0.419,4.537,3.088,None,None,None,None,None,-257000000,None,0.171,None,11433457000,2025-10-29,quarterly,1.4562,GBP,pre-market,3135358000,5579000000,0.0713,0.415,0.067,15.82,7248228000,6471000000,1200000000,1025000000,41.03,47.02,24.4615,27198000000,13177000000,9511000000,19628000000,14021000000,10117000000,21655184000,7311000000,13.67,-7067706000,49.44,30.41
2025-12-28,GSK,3.59,32166001000.0,13.67,None,0.23,5.42,465000000,None,4209000000,4209000000,-1292000000,-464000000,None,None,None,None,None,None,1491000000,2291924914,None,4763187000,4763187000,818854440,None,None,2029760,None,None,903704000,251000000,0.64,0.0344,809000000,809000000,None,0.232,0.2862,363806000,1267510000,1.17,2011-12-31,9.43,696000000,23299000000.0,16891997000,6730414000,1915503000,3383000000,3383000000,None,451000000,None,2177000000,None,None,9059794000,None,None,1284000000,None,None,None,0.326,2146000000,16528190000,363806000,5764526040,5223145560,None,None,None,None,None,None,None,0.419,4.537,3.088,None,None,None,None,None,-366000000,None,0.171,None,11433457000,2025-10-29,quarterly,1.4562,GBP,pre-market,3135358000,5579000000,0.0713,0.415,0.067,15.82,7248228000,6471000000,1200000000,1025000000,41.03,47.02,24.4615,27198000000,13177000000,9511000000,19628000000,14021000000,10117000000,21655184000,7311000000,13.67,-7067706000,49.44,30.41
2025-12-28,GSK,3.59,32166001000.0,13.67,None,0.23,5.42,287000000,None,4209000000,4209000000,-1855000000,-229000000,None,None,None,None,None,None,1491000000,2291924914,None,4763187000,4763187000,818854440,None,None,2029760,None,None,903704000,577000000,0.64,0.0344,814000000,814000000,None,0.232,0.2862,363806000,1267510000,1.17,2011-09-30,9.43,696000000,23299000000.0,16891997000,6730414000,1915503000,3383000000,3383000000,None,451000000,None,2177000000,None,None,9059794000,None,None,1443000000,None,None,None,0.326,1828000000,16528190000,363806000,5764526040,5223145560,None,None,None,None,None,None,None,0.419,4.537,3.088,None,None,None,None,None,-986000000,None,0.171,None,11433457000,2025-10-29,quarterly,1.4562,GBP,pre-market,3135358000,5579000000,0.0713,0.415,0.067,15.82,7248228000,6471000000,1200000000,1025000000,41.03,47.02,24.4615,27198000000,13177000000,9511000000,19628000000,14021000000,10117000000,21655184000,7311000000,13.67,-7067706000,49.44,30.41
2025-12-28,GSK,3.59,32166001000.0,13.67,None,0.23,5.42,307000000,None,4209000000,4209000000,-1774000000,-254000000,None,None,None,None,None,None,1491000000,2291924914,None,4763187000,4763187000,818854440,None,None,2029760,None,None,903704000,465000000,0.64,0.0344,967000000,967000000,None,0.232,0.2862,363806000,1267510000,1.17,2011-06-30,9.43,696000000,23299000000.0,16891997000,6730414000,1915503000,3383000000,3383000000,None,451000000,None,2177000000,None,None,9059794000,None,None,1147000000,None,None,None,0.326,1289000000,16528190000,363806000,5764526040,5223145560,None,None,None,None,None,None,None,0.419,4.537,3.088,None,None,None,None,None,-544000000,None,0.171,None,11433457000,2025-10-29,quarterly,1.4562,GBP,pre-market,3135358000,5579000000,0.0713,0.415,0.067,15.82,7248228000,6471000000,1200000000,1025000000,41.03,47.02,24.4615,27198000000,13177000000,9511000000,19628000000,14021000000,10117000000,21655184000,7311000000,13.67,-7067706000,49.44,30.41
2025-12-28,GSK,3.59,32166001000.0,13.67,None,0.23,5.42,269000000,None,4209000000,4209000000,-1311000000,835000000,None,None,None,None,None,None,1491000000,2291924914,None,4763187000,4763187000,818854440,None,None,2029760,None,None,903704000,130000000,0.64,0.0344,816000000,816000000,None,0.232,0.2862,363806000,1267510000,1.17,2011-03-31,9.43,696000000,23299000000.0,16891997000,6730414000,1915503000,3383000000,3383000000,None,451000000,None,2177000000,None,None,9059794000,None,None,1584000000,None,None,None,0.326,987000000,16528190000,363806000,5764526040,5223145560,None,None,None,None,None,None,None,0.419,4.537,3.088,None,None,None,None,None,-331000000,None,0.171,None,11433457000,2025-10-29,quarterly,1.4562,GBP,pre-market,3135358000,5579000000,0.0713,0.415,0.067,15.82,7248228000,6471000000,1200000000,1025000000,41.03,47.02,24.4615,27198000000,13177000000,9511000000,19628000000,14021000000,10117000000,21655184000,7311000000,13.67,-7067706000,49.44,30.41
2025-12-28,GSK,3.59,32166001000.0,13.67,None,0.23,5.42,446000000,None,4209000000,4209000000,-1020000000,-554000000,None,None,366330000,None,None,None,1491000000,2291924914,None,4763187000,4763187000,818854440,None,None,2029760,None,None,903704000,185000000,0.64,0.0344,759000000,759000000,None,0.232,0.2862,363806000,1267510000,1.17,2010-12-31,9.43,696000000,23299000000.0,16891997000,6730414000,1915503000,3383000000,3383000000,None,451000000,None,2177000000,None,None,9059794000,None,None,-633000000,None,None,None,0.326,1465000000,16528190000,363806000,5764526040,5223145560,None,None,None,None,None,None,None,0.419,4.537,3.088,None,None,None,None,None,50000000,None,0.171,None,11433457000,2025-10-29,quarterly,1.4562,GBP,pre-market,3135358000,5579000000,0.0713,0.415,0.067,15.82,7248228000,6471000000,1200000000,1025000000,41.03,47.02,24.4615,27198000000,13177000000,9511000000,19628000000,14021000000,10117000000,21655184000,7311000000,13.67,-7067706000,49.44,30.41
2025-12-28,GSK,3.59,32166001000.0,13.67,None,0.23,5.42,517000000,None,4209000000,4209000000,-879000000,-478000000,None,None,None,None,None,None,1491000000,2291924914,None,4763187000,4763187000,818854440,None,None,2029760,None,None,903704000,566000000,0.64,0.0344,764000000,764000000,None,0.232,0.2862,363806000,1267510000,1.17,2010-09-30,9.43,696000000,23299000000.0,16891997000,6730414000,1915503000,3383000000,3383000000,None,451000000,None,2177000000,None,None,9059794000,None,None,1343000000,None,None,None,0.326,1094000000,16528190000,363806000,5764526040,5223145560,None,None,None,None,None,None,None,0.419,4.537,3.088,None,None,None,None,None,-8000000,None,0.171,None,11433457000,2025-10-29,quarterly,1.4562,GBP,pre-market,3135358000,5579000000,0.0713,0.415,0.067,15.82,7248228000,6471000000,1200000000,1025000000,41.03,47.02,24.4615,27198000000,13177000000,9511000000,19628000000,14021000000,10117000000,21655184000,7311000000,13.67,-7067706000,49.44,30.41
2025-12-28,GSK,3.59,32166001000.0,13.67,None,0.23,5.42,346000000,None,4209000000,4209000000,-2055000000,-512000000,None,None,None,None,None,None,1491000000,2291924914,None,4763187000,4763187000,818854440,None,None,2029760,None,None,903704000,462000000,0.64,0.0344,919000000,919000000,None,0.232,0.2862,363806000,1267510000,1.17,2010-06-30,9.43,696000000,23299000000.0,16891997000,6730414000,1915503000,3383000000,3383000000,None,451000000,None,2177000000,None,None,9059794000,None,None,-252000000,None,None,None,0.326,2116000000,16528190000,363806000,5764526040,5223145560,None,None,None,None,None,None,None,0.419,4.537,3.088,None,None,None,None,None,-2000000,None,0.171,None,11433457000,2025-10-29,quarterly,1.4562,GBP,pre-market,3135358000,5579000000,0.0713,0.415,0.067,15.82,7248228000,6471000000,1200000000,1025000000,41.03,47.02,24.4615,27198000000,13177000000,9511000000,19628000000,14021000000,10117000000,21655184000,7311000000,13.67,-7067706000,49.44,30.41
2025-12-28,GSK,3.59,32166001000.0,13.67,None,0.23,5.42,326000000,None,4209000000,4209000000,-1617000000,-324000000,None,None,None,None,None,None,1491000000,2291924914,None,4763187000,4763187000,818854440,None,None,2029760,None,None,903704000,466000000,0.64,0.0344,763000000,763000000,None,0.232,0.2862,363806000,1267510000,1.17,2010-03-31,9.43,696000000,23299000000.0,16891997000,6730414000,1915503000,3383000000,3383000000,None,451000000,None,2177000000,None,None,9059794000,None,None,1395000000,None,None,None,0.326,2122000000,16528190000,363806000,5764526040,5223145560,None,None,None,None,None,None,None,0.419,4.537,3.088,None,None,None,None,None,-56000000,None,0.171,None,11433457000,2025-10-29,quarterly,1.4562,GBP,pre-market,3135358000,5579000000,0.0713,0.415,0.067,15.82,7248228000,6471000000,1200000000,1025000000,41.03,47.02,24.4615,27198000000,13177000000,9511000000,19628000000,14021000000,10117000000,21655184000,7311000000,13.67,-7067706000,49.44,30.41
2025-12-28,GSK,3.59,32166001000.0,13.67,None,0.23,5.42,641000000,None,4209000000,4209000000,-1297000000,-711000000,None,None,None,None,None,None,1491000000,2291924914,None,4763187000,4763187000,818854440,None,None,2029760,None,None,903704000,314000000,0.64,0.0344,717000000,717000000,None,0.232,0.2862,363806000,1267510000,1.17,2009-12-31,9.43,696000000,23299000000.0,16891997000,6730414000,1915503000,3383000000,3383000000,None,451000000,None,2177000000,None,None,9059794000,None,None,1668000000,None,None,None,0.326,2261000000,16528190000,363806000,5764526040,5223145560,None,None,None,None,None,None,None,0.419,4.537,3.088,None,None,None,None,None,-1000000,None,0.171,None,11433457000,2025-10-29,quarterly,1.4562,GBP,pre-market,3135358000,5579000000,0.0713,0.415,0.067,15.82,7248228000,6471000000,1200000000,1025000000,41.03,47.02,24.4615,27198000000,13177000000,9511000000,19628000000,14021000000,10117000000,21655184000,7311000000,13.67,-7067706000,49.44,30.41
2025-12-28,GSK,3.59,32166001000.0,13.67,None,0.23,5.42,382000000,None,4209000000,4209000000,1316000000,-2398000000,None,None,None,None,None,None,1491000000,2291924914,None,4763187000,4763187000,818854440,None,None,2029760,None,None,903704000,481000000,0.64,0.0344,698000000,698000000,None,0.232,0.2862,363806000,1267510000,1.17,2009-09-30,9.43,696000000,23299000000.0,16891997000,6730414000,1915503000,3383000000,3383000000,None,451000000,None,2177000000,None,None,9059794000,None,None,1371000000,None,None,None,0.326,2081000000,16528190000,363806000,5764526040,5223145560,None,None,None,None,None,None,None,0.419,4.537,3.088,None,None,None,None,None,-8000000,None,0.171,None,11433457000,2025-10-29,quarterly,1.4562,GBP,pre-market,3135358000,5579000000,0.0713,0.415,0.067,15.82,7248228000,6471000000,1200000000,1025000000,41.03,47.02,24.4615,27198000000,13177000000,9511000000,19628000000,14021000000,10117000000,21655184000,7311000000,13.67,-7067706000,49.44,30.41
2025-12-28,GSK,3.59,32166001000.0,13.67,None,0.23,5.42,462000000,None,4209000000,4209000000,-2139000000,-238000000,None,None,None,None,None,None,1491000000,2291924914,None,4763187000,4763187000,818854440,None,None,2029760,None,None,903704000,164000000,0.64,0.0344,906000000,906000000,None,0.232,0.2862,363806000,1267510000,1.17,2009-06-30,9.43,696000000,23299000000.0,16891997000,6730414000,1915503000,3383000000,3383000000,None,451000000,None,2177000000,None,None,9059794000,None,None,1461000000,None,None,None,0.326,1763000000,16528190000,363806000,5764526040,5223145560,None,None,None,None,None,None,None,0.419,4.537,3.088,None,None,None,None,None,2000000,None,0.171,None,11433457000,2025-10-29,quarterly,1.4562,GBP,pre-market,3135358000,5579000000,0.0713,0.415,0.067,15.82,7248228000,6471000000,1200000000,1025000000,41.03,47.02,24.4615,27198000000,13177000000,9511000000,19628000000,14021000000,10117000000,21655184000,7311000000,13.67,-7067706000,49.44,30.41
2025-12-28,GSK,3.59,32166001000.0,13.67,None,0.23,5.42,388000000,None,4209000000,4209000000,-654000000,-666000000,None,None,None,None,None,None,1491000000,2291924914,None,4763187000,4763187000,818854440,None,None,2029760,None,None,903704000,603000000,0.64,0.0344,771000000,771000000,None,0.232,0.2862,363806000,1267510000,1.17,2009-03-31,9.43,696000000,23299000000.0,16891997000,6730414000,1915503000,3383000000,3383000000,None,451000000,None,2177000000,None,None,9059794000,None,None,1169000000,None,None,None,0.326,1736000000,16528190000,363806000,5764526040,5223145560,None,None,None,None,None,None,None,0.419,4.537,3.088,None,None,None,None,None,-50000000,None,0.171,None,11433457000,2025-10-29,quarterly,1.4562,GBP,pre-market,3135358000,5579000000,0.0713,0.415,0.067,15.82,7248228000,6471000000,1200000000,1025000000,41.03,47.02,24.4615,27198000000,13177000000,9511000000,19628000000,14021000000,10117000000,21655184000,7311000000,13.67,-7067706000,49.44,30.41
2025-12-28,GSK,3.59,32166001000.0,13.67,None,0.23,5.42,785000000,None,4209000000,4209000000,-2326000000,25000000,None,None,None,None,None,None,1491000000,2291924914,None,4763187000,4763187000,818854440,None,None,2029760,None,None,903704000,238000000,0.64,0.0344,689000000,689000000,None,0.232,0.2862,363806000,1267510000,1.17,2008-12-31,9.43,696000000,23299000000.0,16891997000,6730414000,1915503000,3383000000,3383000000,None,451000000,None,2177000000,None,None,9059794000,None,None,1017000000,None,None,None,0.326,2138000000,16528190000,363806000,5764526040,5223145560,None,None,None,None,None,None,None,0.419,4.537,3.088,None,None,None,None,None,-392000000,None,0.171,None,11433457000,2025-10-29,quarterly,1.4562,GBP,pre-market,3135358000,5579000000,0.0713,0.415,0.067,15.82,7248228000,6471000000,1200000000,1025000000,41.03,47.02,24.4615,27198000000,13177000000,9511000000,19628000000,14021000000,10117000000,21655184000,7311000000,13.67,-7067706000,49.44,30.41
2025-12-28,GSK,3.59,32166001000.0,13.67,None,0.23,5.42,503000000,None,4209000000,4209000000,-1440000000,-1031000000,None,None,None,None,None,None,1491000000,2291924914,None,4763187000,4763187000,818854440,None,None,2029760,None,None,903704000,395000000,0.64,0.0344,752000000,752000000,None,0.232,0.2862,363806000,1267510000,1.17,2008-09-30,9.43,696000000,23299000000.0,16891997000,6730414000,1915503000,3383000000,3383000000,None,451000000,None,2177000000,None,None,9059794000,None,None,-207000000,None,None,None,0.326,2176000000,16528190000,363806000,5764526040,5223145560,None,None,None,None,None,None,None,0.419,4.537,3.088,None,None,None,None,None,-954000000,None,0.171,None,11433457000,2025-10-29,quarterly,1.4562,GBP,pre-market,3135358000,5579000000,0.0713,0.415,0.067,15.82,7248228000,6471000000,1200000000,1025000000,41.03,47.02,24.4615,27198000000,13177000000,9511000000,19628000000,14021000000,10117000000,21655184000,7311000000,13.67,-7067706000,49.44,30.41
2025-12-28,GSK,3.59,32166001000.0,13.67,None,0.23,5.42,466000000,None,4209000000,4209000000,1627000000,109000000,None,None,None,None,None,None,1491000000,2291924914,None,4763187000,4763187000,818854440,None,None,2029760,None,None,903704000,288000000,0.64,0.0344,859000000,859000000,None,0.232,0.2862,363806000,1267510000,1.17,2008-06-30,9.43,696000000,23299000000.0,16891997000,6730414000,1915503000,3383000000,3383000000,None,451000000,None,2177000000,None,None,9059794000,None,None,1939000000,None,None,None,0.326,1130000000,16528190000,363806000,5764526040,5223145560,None,None,None,None,None,None,None,0.419,4.537,3.088,None,None,None,None,None,-1392000000,None,0.171,None,11433457000,2025-10-29,quarterly,1.4562,GBP,pre-market,3135358000,5579000000,0.0713,0.415,0.067,15.82,7248228000,6471000000,1200000000,1025000000,41.03,47.02,24.4615,27198000000,13177000000,9511000000,19628000000,14021000000,10117000000,21655184000,7311000000,13.67,-7067706000,49.44,30.41
2025-12-28,GSK,3.59,32166001000.0,13.67,None,0.23,5.42,315000000,None,4209000000,4209000000,-2769000000,-252000000,None,None,None,None,None,None,1491000000,2291924914,None,4763187000,4763187000,818854440,None,None,2029760,None,None,903704000,310000000,0.64,0.0344,708000000,708000000,None,0.232,0.2862,363806000,1267510000,1.17,2008-03-31,9.43,696000000,23299000000.0,16891997000,6730414000,1915503000,3383000000,3383000000,None,451000000,None,2177000000,None,None,9059794000,None,None,1963000000,None,None,None,0.326,1761000000,16528190000,363806000,5764526040,5223145560,None,None,None,None,None,None,None,0.419,4.537,3.088,None,None,None,None,None,-987000000,None,0.171,None,11433457000,2025-10-29,quarterly,1.4562,GBP,pre-market,3135358000,5579000000,0.0713,0.415,0.067,15.82,7248228000,6471000000,1200000000,1025000000,41.03,47.02,24.4615,27198000000,13177000000,9511000000,19628000000,14021000000,10117000000,21655184000,7311000000,13.67,-7067706000,49.44,30.41
2025-12-28,GSK,3.59,32166001000.0,13.67,None,0.23,5.42,612079500,None,4209000000,4209000000,1189312000,-1350885250,None,None,None,None,None,None,1491000000,2291924914,None,4763187000,4763187000,818854440,None,None,2029760,None,None,903704000,103123250,0.64,0.0344,669562000,669562000,None,0.232,0.2862,363806000,1267510000,1.17,2007-12-31,9.43,696000000,23299000000.0,16891997000,6730414000,1915503000,3383000000,3383000000,None,451000000,None,2177000000,None,None,9059794000,None,None,-689700750,None,None,None,0.326,1657977500,16528190000,363806000,5764526040,5223145560,None,None,None,None,None,None,None,0.419,4.537,3.088,None,None,None,None,None,-1424645500,None,0.171,None,11433457000,2025-10-29,quarterly,1.4562,GBP,pre-market,3135358000,5579000000,0.0713,0.415,0.067,15.82,7248228000,6471000000,1200000000,1025000000,41.03,47.02,24.4615,27198000000,13177000000,9511000000,19628000000,14021000000,10117000000,21655184000,7311000000,13.67,-7067706000,49.44,30.41
2025-12-28,GSK,3.59,32166001000.0,13.67,None,0.23,5.42,424000000,None,4209000000,4209000000,-1270000000,-388000000,None,None,None,None,None,None,1491000000,2291924914,None,4763187000,4763187000,818854440,None,None,2029760,None,None,903704000,396000000,0.64,0.0344,670000000,670000000,None,0.232,0.2862,363806000,1267510000,1.17,2007-09-30,9.43,696000000,23299000000.0,16891997000,6730414000,1915503000,3383000000,3383000000,None,451000000,None,2177000000,None,None,9059794000,None,None,1910000000,None,None,None,0.326,1742000000,16528190000,363806000,5764526040,5223145560,None,None,None,None,None,None,None,0.419,4.537,3.088,None,None,None,None,None,-1112668460,None,0.171,None,11433457000,2025-10-29,quarterly,1.4562,GBP,pre-market,3135358000,5579000000,0.0713,0.415,0.067,15.82,7248228000,6471000000,1200000000,1025000000,41.03,47.02,24.4615,27198000000,13177000000,9511000000,19628000000,14021000000,10117000000,21655184000,7311000000,13.67,-7067706000,49.44,30.41
2025-12-28,GSK,3.59,32166001000.0,13.67,None,0.23,5.42,401000000,None,4209000000,4209000000,-1008000000,-317000000,None,None,None,None,None,None,1491000000,2291924914,None,4763187000,4763187000,818854440,None,None,2029760,None,None,903704000,250000000,0.64,0.0344,785000000,785000000,None,0.232,0.2862,363806000,1267510000,1.17,2007-06-30,9.43,696000000,23299000000.0,16891997000,6730414000,1915503000,3383000000,3383000000,None,451000000,None,2177000000,None,None,9059794000,None,None,1929000000,None,None,None,0.326,1237000000,16528190000,363806000,5764526040,5223145560,None,None,None,None,None,None,None,0.419,4.537,3.088,None,None,None,None,None,-642000000,None,0.171,None,11433457000,2025-10-29,quarterly,1.4562,GBP,pre-market,3135358000,5579000000,0.0713,0.415,0.067,15.82,7248228000,6471000000,1200000000,1025000000,41.03,47.02,24.4615,27198000000,13177000000,9511000000,19628000000,14021000000,10117000000,21655184000,7311000000,13.67,-7067706000,49.44,30.41
2025-12-28,GSK,3.59,32166001000.0,13.67,None,0.23,5.42,708000000,None,4209000000,4209000000,-654000000,-956000000,None,None,None,None,None,None,1491000000,2291924914,None,4763187000,4763187000,818854440,None,None,2029760,None,None,903704000,274000000,0.64,0.0344,671000000,671000000,None,0.232,0.2862,363806000,1267510000,1.17,2007-03-31,9.43,696000000,23299000000.0,16891997000,6730414000,1915503000,3383000000,3383000000,None,451000000,None,2177000000,None,None,9059794000,None,None,2166000000,None,None,None,0.326,1530000000,16528190000,363806000,5764526040,5223145560,None,None,None,None,None,None,None,0.419,4.537,3.088,None,None,None,None,None,-575000000,None,0.171,None,11433457000,2025-10-29,quarterly,1.4562,GBP,pre-market,3135358000,5579000000,0.0713,0.415,0.067,15.82,7248228000,6471000000,1200000000,1025000000,41.03,47.02,24.4615,27198000000,13177000000,9511000000,19628000000,14021000000,10117000000,21655184000,7311000000,13.67,-7067706000,49.44,30.41
2025-12-28,GSK,3.59,32166001000.0,13.67,None,0.23,5.42,538416740,None,4209000000,4209000000,-1297708260,-639511390,None,None,None,None,None,None,1491000000,2291924914,None,4763187000,4763187000,818854440,None,None,2029760,None,None,903704000,71039570,0.64,0.0344,618966080,618966080,None,0.232,0.2862,363806000,1267510000,1.17,2006-12-31,9.43,696000000,23299000000.0,16891997000,6730414000,1915503000,3383000000,3383000000,None,451000000,None,2177000000,None,None,9059794000,None,None,-611905120,None,None,None,0.326,1737838940,16528190000,363806000,5764526040,5223145560,None,None,None,None,None,None,None,0.419,4.537,3.088,None,None,None,None,None,-533482400,None,0.171,None,11433457000,2025-10-29,quarterly,1.4562,GBP,pre-market,3135358000,5579000000,0.0713,0.415,0.067,15.82,7248228000,6471000000,1200000000,1025000000,41.03,47.02,24.4615,27198000000,13177000000,9511000000,19628000000,14021000000,10117000000,21655184000,7311000000,13.67,-7067706000,49.44,30.41
2025-12-28,GSK,3.59,32166001000.0,13.67,None,0.23,5.42,442000000,None,4209000000,4209000000,-906000000,-527000000,None,None,None,None,None,None,1491000000,2291924914,None,4763187000,4763187000,818854440,None,None,2029760,None,None,903704000,303000000,0.64,0.0344,619000000,619000000,None,0.232,0.2862,363806000,1267510000,1.17,2006-09-30,9.43,696000000,23299000000.0,16891997000,6730414000,1915503000,3383000000,3383000000,None,451000000,None,2177000000,None,None,9059794000,None,None,2023000000,None,None,None,0.326,-113000000,16528190000,363806000,5764526040,5223145560,None,None,None,None,None,None,None,0.419,4.537,3.088,None,None,None,None,None,-309000000,None,0.171,None,11433457000,2025-10-29,quarterly,1.4562,GBP,pre-market,3135358000,5579000000,0.0713,0.415,0.067,15.82,7248228000,6471000000,1200000000,1025000000,41.03,47.02,24.4615,27198000000,13177000000,9511000000,19628000000,14021000000,10117000000,21655184000,7311000000,13.67,-7067706000,49.44,30.41
2025-12-28,GSK,3.59,32166001000.0,13.67,None,0.23,5.42,342000000,None,4209000000,4209000000,-1588000000,-183000000,None,None,None,None,None,None,1491000000,2291924914,None,4763187000,4763187000,818854440,None,None,2029760,None,None,903704000,352000000,0.64,0.0344,791000000,791000000,None,0.232,0.2862,363806000,1267510000,1.17,2006-06-30,9.43,696000000,23299000000.0,16891997000,6730414000,1915503000,3383000000,3383000000,None,451000000,None,2177000000,None,None,9059794000,None,None,1911000000,None,None,None,0.326,1035000000,16528190000,363806000,5764526040,5223145560,None,None,None,None,None,None,None,0.419,4.537,3.088,None,None,None,None,None,-305277960,None,0.171,None,11433457000,2025-10-29,quarterly,1.4562,GBP,pre-market,3135358000,5579000000,0.0713,0.415,0.067,15.82,7248228000,6471000000,1200000000,1025000000,41.03,47.02,24.4615,27198000000,13177000000,9511000000,19628000000,14021000000,10117000000,21655184000,7311000000,13.67,-7067706000,49.44,30.41
2025-12-28,GSK,3.59,32166001000.0,13.67,None,0.23,5.42,267000000,None,4209000000,4209000000,-999000000,-171000000,None,None,None,None,None,None,1491000000,2291924914,None,4763187000,4763187000,818854440,None,None,2029760,None,None,903704000,232000000,0.64,0.0344,568000000,568000000,None,0.232,0.2862,363806000,1267510000,1.17,2006-03-31,9.43,696000000,23299000000.0,16891997000,6730414000,1915503000,3383000000,3383000000,None,451000000,None,2177000000,None,None,9059794000,None,None,2174000000,None,None,None,0.326,1696000000,16528190000,363806000,5764526040,5223145560,None,None,None,None,None,None,None,0.419,4.537,3.088,None,None,None,None,None,-199642980,None,0.171,None,11433457000,2025-10-29,quarterly,1.4562,GBP,pre-market,3135358000,5579000000,0.0713,0.415,0.067,15.82,7248228000,6471000000,1200000000,1025000000,41.03,47.02,24.4615,27198000000,13177000000,9511000000,19628000000,14021000000,10117000000,21655184000,7311000000,13.67,-7067706000,49.44,30.41
2025-12-28,GSK,3.59,32166001000.0,13.67,None,0.23,5.42,162541480,None,4209000000,4209000000,-1067355080,-2467792960,None,None,80784000,None,None,None,1491000000,2291924914,None,4763187000,4763187000,818854440,None,None,2029760,None,None,903704000,234703800,0.64,0.0344,652160440,652160440,None,0.232,0.2862,363806000,1267510000,1.17,2005-12-31,9.43,696000000,23299000000.0,16891997000,6730414000,1915503000,3383000000,3383000000,None,451000000,None,2177000000,None,None,9059794000,None,None,1631217000,None,None,None,0.326,1621890000,16528190000,363806000,5764526040,5223145560,None,None,None,None,None,None,None,0.419,4.537,3.088,None,None,None,None,None,-374014040,None,0.171,None,11433457000,2025-10-29,quarterly,1.4562,GBP,pre-market,3135358000,5579000000,0.0713,0.415,0.067,15.82,7248228000,6471000000,1200000000,1025000000,41.03,47.02,24.4615,27198000000,13177000000,9511000000,19628000000,14021000000,10117000000,21655184000,7311000000,13.67,-7067706000,49.44,30.41
2025-12-28,GSK,3.59,32166001000.0,13.67,None,0.23,5.42,270000000,None,4209000000,4209000000,-721000000,-249000000,None,None,None,None,None,None,1491000000,2291924914,None,4763187000,4763187000,818854440,None,None,2029760,None,None,903704000,253000000,0.64,0.0344,568000000,568000000,None,0.232,0.2862,363806000,1267510000,1.17,2005-09-30,9.43,696000000,23299000000.0,16891997000,6730414000,1915503000,3383000000,3383000000,None,451000000,None,2177000000,None,None,9059794000,None,None,1783000000,None,None,None,0.326,1719000000,16528190000,363806000,5764526040,5223145560,None,None,None,None,None,None,None,0.419,4.537,3.088,None,None,None,None,None,-235000000,None,0.171,None,11433457000,2025-10-29,quarterly,1.4562,GBP,pre-market,3135358000,5579000000,0.0713,0.415,0.067,15.82,7248228000,6471000000,1200000000,1025000000,41.03,47.02,24.4615,27198000000,13177000000,9511000000,19628000000,14021000000,10117000000,21655184000,7311000000,13.67,-7067706000,49.44,30.41
2025-12-28,GSK,3.59,32166001000.0,13.67,None,0.23,5.42,2982000000,None,4209000000,4209000000,-4726000000,-1229000000,None,None,-294000000,None,None,None,1491000000,2291924914,None,4763187000,4763187000,818854440,None,None,2029760,None,None,903704000,2551000000,0.64,0.0344,2444000000,2444000000,None,0.232,0.2862,363806000,1267510000,1.17,2024-12-31,9.43,696000000,23299000000.0,16891997000,6730414000,1915503000,3383000000,3383000000,None,451000000,None,2177000000,None,None,9059794000,None,None,2951000000,None,None,None,0.326,6554000000,16528190000,363806000,5764526040,5223145560,None,None,None,None,None,None,None,0.419,4.537,3.088,None,None,None,None,None,20000000,None,0.171,None,11433457000,2025-10-29,annual,1.4562,GBP,pre-market,3135358000,5579000000,0.0713,0.415,0.067,15.82,7248228000,6471000000,1200000000,1025000000,41.03,47.02,24.4615,27198000000,13177000000,9511000000,19628000000,14021000000,10117000000,21655184000,7311000000,13.67,-7067706000,49.44,30.41
2025-12-28,GSK,3.59,32166001000.0,13.67,None,0.23,5.42,1633370123,None,4209000000,4209000000,-6068579093,-2404062262,None,None,-527053981,None,None,None,1491000000,2291924914,None,4763187000,4763187000,818854440,None,None,2029760,None,None,903704000,2851560925,0.64,0.0344,2793137489,2793137489,None,0.232,0.2862,363806000,1267510000,1.17,2023-12-31,9.43,696000000,23299000000.0,16891997000,6730414000,1915503000,3383000000,3383000000,None,451000000,None,2177000000,None,None,9059794000,None,None,6125759477,None,None,None,0.326,7890893093,16528190000,363806000,5764526040,5223145560,None,None,None,None,None,None,None,0.419,4.537,3.088,None,None,None,None,None,-197000000,None,0.171,None,11433457000,2025-10-29,annual,1.4562,GBP,pre-market,3135358000,5579000000,0.0713,0.415,0.067,15.82,7248228000,6471000000,1200000000,1025000000,41.03,47.02,24.4615,27198000000,13177000000,9511000000,19628000000,14021000000,10117000000,21655184000,7311000000,13.67,-7067706000,49.44,30.41
2025-12-28,GSK,3.59,32166001000.0,13.67,None,0.23,5.42,2258000000,None,4209000000,4209000000,823000000,-8772000000,None,None,-269000000,None,None,None,1491000000,2291924914,None,4763187000,4763187000,818854440,None,None,2029760,None,None,903704000,2298000000,0.64,0.0344,3467000000,3467000000,None,0.232,0.2862,363806000,1267510000,1.17,2022-12-31,9.43,696000000,23299000000.0,16891997000,6730414000,1915503000,3383000000,3383000000,None,451000000,None,2177000000,None,None,9059794000,None,None,4921000000,None,None,None,0.326,7403000000,16528190000,363806000,5764526040,5223145560,None,None,None,None,None,None,None,0.419,4.537,3.088,None,None,None,None,None,25000000,None,0.171,None,11433457000,2025-10-29,annual,1.4562,GBP,pre-market,3135358000,5579000000,0.0713,0.415,0.067,15.82,7248228000,6471000000,1200000000,1025000000,41.03,47.02,24.4615,27198000000,13177000000,9511000000,19628000000,14021000000,10117000000,21655184000,7311000000,13.67,-7067706000,49.44,30.41
2025-12-28,GSK,3.59,32166001000.0,13.67,None,0.23,5.42,2931000000,None,4209000000,4209000000,-7589000000,-1777000000,None,None,25000000,None,None,None,1491000000,2291924914,None,4763187000,4763187000,818854440,None,None,2029760,None,None,903704000,2524000000,0.64,0.0344,3999000000,3999000000,None,0.232,0.2862,363806000,1267510000,1.17,2021-12-31,9.43,696000000,23299000000.0,16891997000,6730414000,1915503000,3383000000,3383000000,None,451000000,None,2177000000,None,None,9059794000,None,None,5096000000,None,None,None,0.326,7952000000,16528190000,363806000,5764526040,5223145560,None,None,None,None,None,None,None,0.419,4.537,3.088,None,None,None,None,None,-1643000000,None,0.171,None,11433457000,2025-10-29,annual,1.4562,GBP,pre-market,3135358000,5579000000,0.0713,0.415,0.067,15.82,7248228000,6471000000,1200000000,1025000000,41.03,47.02,24.4615,27198000000,13177000000,9511000000,19628000000,14021000000,10117000000,21655184000,7311000000,13.67,-7067706000,49.44,30.41
2025-12-28,GSK,3.59,32166001000.0,13.67,None,0.23,5.42,2239000000,None,4209000000,4209000000,-10132000000,2161000000,None,None,119000000,None,None,None,1491000000,2291924914,None,4763187000,4763187000,818854440,None,None,2029760,None,None,903704000,624000000,0.64,0.0344,3977000000,3977000000,None,0.232,0.2862,363806000,1267510000,1.17,2020-12-31,9.43,696000000,23299000000.0,16891997000,6730414000,1915503000,3383000000,3383000000,None,451000000,None,2177000000,None,None,9059794000,None,None,6388000000,None,None,None,0.326,8441000000,16528190000,363806000,5764526040,5223145560,None,None,None,None,None,None,None,0.419,4.537,3.088,None,None,None,None,None,999000000,None,0.171,None,11433457000,2025-10-29,annual,1.4562,GBP,pre-market,3135358000,5579000000,0.0713,0.415,0.067,15.82,7248228000,6471000000,1200000000,1025000000,41.03,47.02,24.4615,27198000000,13177000000,9511000000,19628000000,14021000000,10117000000,21655184000,7311000000,13.67,-7067706000,49.44,30.41
2025-12-28,GSK,3.59,32166001000.0,13.67,None,0.23,5.42,2163000000,None,4209000000,4209000000,-1840000000,-5354000000,0,0,300000000,None,None,0,1491000000,2291924914,None,4763187000,4763187000,818854440,None,None,2029760,None,None,903704000,2996000000,0.64,0.0344,3953000000,3953000000,None,0.232,0.2862,363806000,1267510000,1.17,2019-12-31,9.43,696000000,23299000000.0,16891997000,6730414000,1915503000,3383000000,3383000000,None,451000000,None,2177000000,None,None,9059794000,None,None,5268000000,None,None,None,0.326,8020000000,16528190000,363806000,5764526040,5223145560,None,None,None,None,None,None,None,0.419,4.537,3.088,None,None,None,None,None,10284000000,None,0.171,None,11433457000,2025-10-29,annual,1.4562,GBP,pre-market,3135358000,5579000000,0.0713,0.415,0.067,15.82,7248228000,6471000000,1200000000,1025000000,41.03,47.02,24.4615,27198000000,13177000000,9511000000,19628000000,14021000000,10117000000,21655184000,7311000000,13.67,-7067706000,49.44,30.41
2025-12-28,GSK,3.59,32166001000.0,13.67,None,0.23,5.42,1796000000,None,4209000000,4209000000,-6389000000,-1553000000,0,0,51000000,None,None,0,1491000000,2291924914,None,4763187000,4763187000,818854440,None,None,2029760,None,None,903704000,1763000000,0.64,0.0344,3927000000,3927000000,None,0.232,0.2862,363806000,1267510000,1.17,2018-12-31,9.43,696000000,23299000000.0,16891997000,6730414000,1915503000,3383000000,3383000000,None,451000000,None,2177000000,None,None,9059794000,None,None,4046000000,None,None,None,0.326,8421000000,16528190000,363806000,5764526040,5223145560,None,None,None,None,None,None,None,0.419,4.537,3.088,None,None,None,None,None,8774000000,None,0.171,None,11433457000,2025-10-29,annual,1.4562,GBP,pre-market,3135358000,5579000000,0.0713,0.415,0.067,15.82,7248228000,6471000000,1200000000,1025000000,41.03,47.02,24.4615,27198000000,13177000000,9511000000,19628000000,14021000000,10117000000,21655184000,7311000000,13.67,-7067706000,49.44,30.41
2025-12-28,GSK,3.59,32166001000.0,13.67,None,0.23,5.42,2202000000,None,4209000000,4209000000,-6380000000,-1443000000,0,0,-461000000,None,None,0,1491000000,2291924914,None,4763187000,4763187000,818854440,None,None,2029760,None,None,903704000,2981000000,0.64,0.0344,3906000000,3906000000,None,0.232,0.2862,363806000,1267510000,1.17,2017-12-31,9.43,696000000,23299000000.0,16891997000,6730414000,1915503000,3383000000,3383000000,None,451000000,None,2177000000,None,None,9059794000,None,None,2169000000,None,None,None,0.326,6918000000,16528190000,363806000,5764526040,5223145560,None,None,None,None,None,None,None,0.419,4.537,3.088,None,None,None,None,None,-65000000,None,0.171,None,11433457000,2025-10-29,annual,1.4562,GBP,pre-market,3135358000,5579000000,0.0713,0.415,0.067,15.82,7248228000,6471000000,1200000000,1025000000,41.03,47.02,24.4615,27198000000,13177000000,9511000000,19628000000,14021000000,10117000000,21655184000,7311000000,13.67,-7067706000,49.44,30.41
2025-12-28,GSK,3.59,32166001000.0,13.67,None,0.23,5.42,2352000000,None,4209000000,4209000000,-6392000000,-1269000000,0,0,70000000,None,None,0,1491000000,2291924914,None,4763187000,4763187000,818854440,None,None,2029760,None,None,903704000,1861000000,0.64,0.0344,4850000000,4850000000,None,0.232,0.2862,363806000,1267510000,1.17,2016-12-31,9.43,696000000,23299000000.0,16891997000,6730414000,1915503000,3383000000,3383000000,None,451000000,None,2177000000,None,None,9059794000,None,None,1062000000,None,None,None,0.326,6497000000,16528190000,363806000,5764526040,5223145560,None,None,None,None,None,None,None,0.419,4.537,3.088,None,None,None,None,None,-74000000,None,0.171,None,11433457000,2025-10-29,annual,1.4562,GBP,pre-market,3135358000,5579000000,0.0713,0.415,0.067,15.82,7248228000,6471000000,1200000000,1025000000,41.03,47.02,24.4615,27198000000,13177000000,9511000000,19628000000,14021000000,10117000000,21655184000,7311000000,13.67,-7067706000,49.44,30.41
2025-12-28,GSK,3.59,32166001000.0,13.67,None,0.23,5.42,1901000000,None,4209000000,4209000000,-7103000000,6037000000,0,0,-111000000,None,None,0,1491000000,2291924914,None,4763187000,4763187000,818854440,None,None,2029760,None,None,903704000,1862000000,0.64,0.0344,3874000000,3874000000,None,0.232,0.2862,363806000,1267510000,1.17,2015-12-31,9.43,696000000,23299000000.0,16891997000,6730414000,1915503000,3383000000,3383000000,None,451000000,None,2177000000,None,None,9059794000,None,None,8372000000,None,None,None,0.326,2569000000,16528190000,363806000,5764526040,5223145560,None,None,None,None,None,None,None,0.419,4.537,3.088,None,None,None,None,None,-99000000,None,0.171,None,11433457000,2025-10-29,annual,1.4562,GBP,pre-market,3135358000,5579000000,0.0713,0.415,0.067,15.82,7248228000,6471000000,1200000000,1025000000,41.03,47.02,24.4615,27198000000,13177000000,9511000000,19628000000,14021000000,10117000000,21655184000,7311000000,13.67,-7067706000,49.44,30.41
2025-12-28,GSK,3.59,32166001000.0,13.67,None,0.23,5.42,1751000000,None,4209000000,4209000000,-5385000000,-1078000000,None,None,-529000000,None,None,None,1491000000,2291924914,None,4763187000,4763187000,818854440,None,None,2029760,None,None,903704000,2026000000,0.64,0.0344,3843000000,3843000000,None,0.232,0.2862,363806000,1267510000,1.17,2014-12-31,9.43,696000000,23299000000.0,16891997000,6730414000,1915503000,3383000000,3383000000,None,451000000,None,2177000000,None,None,9059794000,None,None,2831000000,None,None,None,0.326,5176000000,16528190000,363806000,5764526040,5223145560,None,None,None,None,None,None,None,0.419,4.537,3.088,None,None,None,None,None,-333000000,None,0.171,None,11433457000,2025-10-29,annual,1.4562,GBP,pre-market,3135358000,5579000000,0.0713,0.415,0.067,15.82,7248228000,6471000000,1200000000,1025000000,41.03,47.02,24.4615,27198000000,13177000000,9511000000,19628000000,14021000000,10117000000,21655184000,7311000000,13.67,-7067706000,49.44,30.41
2025-12-28,GSK,3.59,32166001000.0,13.67,None,0.23,5.42,1701000000,None,4209000000,4209000000,-6273000000,524000000,None,None,-95000000,None,None,None,1491000000,2291924914,None,4763187000,4763187000,818854440,None,None,2029760,None,None,903704000,1415000000,0.64,0.0344,3680000000,3680000000,None,0.232,0.2862,363806000,1267510000,1.17,2013-12-31,9.43,696000000,23299000000.0,16891997000,6730414000,1915503000,3383000000,3383000000,None,451000000,None,2177000000,None,None,9059794000,None,None,5628000000,None,None,None,0.326,7222000000,16528190000,363806000,5764526040,5223145560,None,None,None,None,None,None,None,0.419,4.537,3.088,None,None,None,None,None,-1549000000,None,0.171,None,11433457000,2025-10-29,annual,1.4562,GBP,pre-market,3135358000,5579000000,0.0713,0.415,0.067,15.82,7248228000,6471000000,1200000000,1025000000,41.03,47.02,24.4615,27198000000,13177000000,9511000000,19628000000,14021000000,10117000000,21655184000,7311000000,13.67,-7067706000,49.44,30.41
2025-12-28,GSK,3.59,32166001000.0,13.67,None,0.23,5.42,1520000000,None,4209000000,4209000000,-3351000000,-2631000000,None,None,37000000,None,None,None,1491000000,2291924914,None,4763187000,4763187000,818854440,None,None,2029760,None,None,903704000,1085000000,0.64,0.0344,3814000000,3814000000,None,0.232,0.2862,363806000,1267510000,1.17,2012-12-31,9.43,696000000,23299000000.0,16891997000,6730414000,1915503000,3383000000,3383000000,None,451000000,None,2177000000,None,None,9059794000,None,None,4744000000,None,None,None,0.326,4375000000,16528190000,363806000,5764526040,5223145560,None,None,None,None,None,None,None,0.419,4.537,3.088,None,None,None,None,None,-2530000000,None,0.171,None,11433457000,2025-10-29,annual,1.4562,GBP,pre-market,3135358000,5579000000,0.0713,0.415,0.067,15.82,7248228000,6471000000,1200000000,1025000000,41.03,47.02,24.4615,27198000000,13177000000,9511000000,19628000000,14021000000,10117000000,21655184000,7311000000,13.67,-7067706000,49.44,30.41
2025-12-28,GSK,3.59,32166001000.0,13.67,None,0.23,5.42,1328000000,None,4209000000,4209000000,-6232000000,-112000000,None,None,-157000000,None,None,None,1491000000,2291924914,None,4763187000,4763187000,818854440,None,None,2029760,None,None,903704000,1677000000,0.64,0.0344,3406000000,3406000000,None,0.232,0.2862,363806000,1267510000,1.17,2011-12-31,9.43,696000000,23299000000.0,16891997000,6730414000,1915503000,3383000000,3383000000,None,451000000,None,2177000000,None,None,9059794000,None,None,5458000000,None,None,None,0.326,6250000000,16528190000,363806000,5764526040,5223145560,None,None,None,None,None,None,None,0.419,4.537,3.088,None,None,None,None,None,-2227000000,None,0.171,None,11433457000,2025-10-29,annual,1.4562,GBP,pre-market,3135358000,5579000000,0.0713,0.415,0.067,15.82,7248228000,6471000000,1200000000,1025000000,41.03,47.02,24.4615,27198000000,13177000000,9511000000,19628000000,14021000000,10117000000,21655184000,7311000000,13.67,-7067706000,49.44,30.41
2025-12-28,GSK,3.59,32166001000.0,13.67,None,0.23,5.42,1635000000,None,4209000000,4209000000,-5571000000,-1868000000,None,None,238000000,None,None,None,1491000000,2291924914,None,4763187000,4763187000,818854440,None,None,2029760,None,None,903704000,2071000000,0.64,0.0344,3205000000,3205000000,None,0.232,0.2862,363806000,1267510000,1.17,2010-12-31,9.43,696000000,23299000000.0,16891997000,6730414000,1915503000,3383000000,3383000000,None,451000000,None,2177000000,None,None,9059794000,None,None,1853000000,None,None,None,0.326,6797000000,16528190000,363806000,5764526040,5223145560,None,None,None,None,None,None,None,0.419,4.537,3.088,None,None,None,None,None,-16000000,None,0.171,None,11433457000,2025-10-29,annual,1.4562,GBP,pre-market,3135358000,5579000000,0.0713,0.415,0.067,15.82,7248228000,6471000000,1200000000,1025000000,41.03,47.02,24.4615,27198000000,13177000000,9511000000,19628000000,14021000000,10117000000,21655184000,7311000000,13.67,-7067706000,49.44,30.41
2025-12-28,GSK,3.59,32166001000.0,13.67,None,0.23,5.42,1873000000,None,4209000000,4209000000,-2774000000,-4013000000,None,None,-132000000,None,None,None,1491000000,2291924914,None,4763187000,4763187000,818854440,None,None,2029760,None,None,903704000,1271000000,0.64,0.0344,3092000000,3092000000,None,0.232,0.2862,363806000,1267510000,1.17,2009-12-31,9.43,696000000,23299000000.0,16891997000,6730414000,1915503000,3383000000,3383000000,None,451000000,None,2177000000,None,None,9059794000,None,None,5669000000,None,None,None,0.326,7841000000,16528190000,363806000,5764526040,5223145560,None,None,None,None,None,None,None,0.419,4.537,3.088,None,None,None,None,None,-57000000,None,0.171,None,11433457000,2025-10-29,annual,1.4562,GBP,pre-market,3135358000,5579000000,0.0713,0.415,0.067,15.82,7248228000,6471000000,1200000000,1025000000,41.03,47.02,24.4615,27198000000,13177000000,9511000000,19628000000,14021000000,10117000000,21655184000,7311000000,13.67,-7067706000,49.44,30.41
2025-12-28,GSK,3.59,32166001000.0,13.67,None,0.23,5.42,2069000000,None,4209000000,4209000000,-4091000000,-2072000000,None,None,-411000000,None,None,None,1491000000,2291924914,None,4763187000,4763187000,818854440,None,None,2029760,None,None,903704000,1543000000,0.64,0.0344,3008000000,3008000000,None,0.232,0.2862,363806000,1267510000,1.17,2008-12-31,9.43,696000000,23299000000.0,16891997000,6730414000,1915503000,3383000000,3383000000,None,451000000,None,2177000000,None,None,9059794000,None,None,4712000000,None,None,None,0.326,7311000000,16528190000,363806000,5764526040,5223145560,None,None,None,None,None,None,None,0.419,4.537,3.088,None,None,None,None,None,-3725000000,None,0.171,None,11433457000,2025-10-29,annual,1.4562,GBP,pre-market,3135358000,5579000000,0.0713,0.415,0.067,15.82,7248228000,6471000000,1200000000,1025000000,41.03,47.02,24.4615,27198000000,13177000000,9511000000,19628000000,14021000000,10117000000,21655184000,7311000000,13.67,-7067706000,49.44,30.41
2025-12-28,GSK,3.59,32166001000.0,13.67,None,0.23,5.42,2143000000,None,4209000000,4209000000,-1324000000,-3060000000,None,None,-457354750,None,None,None,1491000000,2291924914,None,4763187000,4763187000,818854440,None,None,2029760,None,None,903704000,1333000000,0.64,0.0344,2793000000,2793000000,None,0.232,0.2862,363806000,1267510000,1.17,2007-12-31,9.43,696000000,23299000000.0,16891997000,6730414000,1915503000,3383000000,3383000000,None,451000000,None,2177000000,None,None,9059794000,None,None,7593000000,None,None,None,0.326,5795000000,16528190000,363806000,5764526040,5223145560,None,None,None,None,None,None,None,0.419,4.537,3.088,None,None,None,None,None,-3754645500,None,0.171,None,11433457000,2025-10-29,annual,1.4562,GBP,pre-market,3135358000,5579000000,0.0713,0.415,0.067,15.82,7248228000,6471000000,1200000000,1025000000,41.03,47.02,24.4615,27198000000,13177000000,9511000000,19628000000,14021000000,10117000000,21655184000,7311000000,13.67,-7067706000,49.44,30.41
2025-12-28,GSK,3.59,32166001000.0,13.67,None,0.23,5.42,1590000000,None,4209000000,4209000000,-4323000000,-1591000000,None,None,-298079440,None,None,None,1491000000,2291924914,None,4763187000,4763187000,818854440,None,None,2029760,None,None,903704000,1138000000,0.64,0.0344,2598000000,2598000000,None,0.232,0.2862,363806000,1267510000,1.17,2006-12-31,9.43,696000000,23299000000.0,16891997000,6730414000,1915503000,3383000000,3383000000,None,451000000,None,2177000000,None,None,9059794000,None,None,7808000000,None,None,None,0.326,3958000000,16528190000,363806000,5764526040,5223145560,None,None,None,None,None,None,None,0.419,4.537,3.088,None,None,None,None,None,-1347482400,None,0.171,None,11433457000,2025-10-29,annual,1.4562,GBP,pre-market,3135358000,5579000000,0.0713,0.415,0.067,15.82,7248228000,6471000000,1200000000,1025000000,41.03,47.02,24.4615,27198000000,13177000000,9511000000,19628000000,14021000000,10117000000,21655184000,7311000000,13.67,-7067706000,49.44,30.41
2025-12-28,GSK,3.59,32166001000.0,13.67,None,0.23,5.42,1181000000,None,4209000000,4209000000,-3083000000,-1120000000,None,None,47073960,None,None,None,1491000000,2291924914,None,4763187000,4763187000,818854440,None,None,2029760,None,None,903704000,1103000000,0.64,0.0344,2390000000,2390000000,None,0.232,0.2862,363806000,1267510000,1.17,2005-12-31,9.43,696000000,23299000000.0,16891997000,6730414000,1915503000,3383000000,3383000000,None,451000000,None,2177000000,None,None,9059794000,None,None,6874000000,None,None,None,0.326,5587000000,16528190000,363806000,5764526040,5223145560,None,None,None,None,None,None,None,0.419,4.537,3.088,None,None,None,None,None,-999014040,None,0.171,None,11433457000,2025-10-29,annual,1.4562,GBP,pre-market,3135358000,5579000000,0.0713,0.415,0.067,15.82,7248228000,6471000000,1200000000,1025000000,41.03,47.02,24.4615,27198000000,13177000000,9511000000,19628000000,14021000000,10117000000,21655184000,7311000000,13.67,-7067706000,49.44,30.41
