date,symbol,eps,revenue_ttm,pe_ratio,accumulateddepreciationamortizationppe,beta,book_value,capitalexpenditures,capitalleaseobligations,cashandcashequivalentsatcarryingvalue,cashandshortterminvestments,cashflowfromfinancing,cashflowfrominvestment,changeincashandcashequivalents,changeinexchangerate,changeininventory,changeinoperatingassets,changeinoperatingliabilities,changeinreceivables,commonstock,commonstocksharesoutstanding,comprehensiveincomenetoftax,costofgoodsandservicessold,costofrevenue,currentaccountspayable,currentdebt,currentlongtermdebt,currentnetreceivables,deferredrevenue,depreciation,depreciationandamortization,depreciationdepletionandamortization,dividendpayout,dividendpayoutcommonstock,dividendpayoutpreferredstock,earnings_growth_yoy,earnings_surprise,ebit,ebitda,estimated_eps,fiscaldateending,forward_pe,goodwill,gross_profit_ttm,grossprofit,incomebeforetax,incometaxexpense,intangibleassets,intangibleassetsexcludinggoodwill,interestanddebtexpense,interestexpense,interestincome,inventory,investmentincomenet,investments,longtermdebt,longtermdebtnoncurrent,longterminvestments,netincome,netincomefromcontinuingoperations,netinterestincome,noninterestincome,operating_margin_ttm,operatingcashflow,operatingexpenses,operatingincome,othercurrentassets,othercurrentliabilities,othernoncurrentassets,othernoncurrentliabilities,othernonoperatingincome,paymentsforoperatingactivities,paymentsforrepurchaseofcommonstock,paymentsforrepurchaseofequity,paymentsforrepurchaseofpreferredstock,peg_ratio,price_to_book,price_to_sales_ttm,proceedsfromissuanceofcommonstock,proceedsfromissuanceoflongtermdebtandcapitalsecuritiesnet,proceedsfromissuanceofpreferredstock,proceedsfromoperatingactivities,proceedsfromrepaymentsofshorttermdebt,proceedsfromrepurchaseofequity,proceedsfromsaleoftreasurystock,profit_margin,profitloss,propertyplantequipment,report_date,report_type,reported_eps,reportedcurrency,reporttime,researchanddevelopment,retainedearnings,return_on_assets_ttm,return_on_equity_ttm,revenue_growth_yoy,revenue_per_share_ttm,sellinggeneralandadministrative,shortlongtermdebttotal,shorttermdebt,shortterminvestments,sma_200,sma_50,surprise_pct,totalassets,totalcurrentassets,totalcurrentliabilities,totalliabilities,totalnoncurrentassets,totalnoncurrentliabilities,totalrevenue,totalshareholderequity,trailing_pe,treasurystock,week_52_high,week_52_low
2006-06-30,GTLS,,,,,,,,,,,,,,,,,,,,,,,,,,,,,,,,,,,,0.0,,,,,,,,,,,,,,,,,,,,,,,,,,,,,,,,,,,,,,,,,,,,,,,,,,,,2006-08-18,,0.4991,,pre-market,,,,,,,,,,,,,,,,,,,,,,,,,
2006-09-30,GTLS,,,,,,,,,,,,,,,,,,,,,,,,,,,,,,,,,,,,0.02,,,0.25,,,,,,,,,,,,,,,,,,,,,,,,,,,,,,,,,,,,,,,,,,,,,,,,,2006-11-09,,0.27,,pre-market,,,,,,,,,,,,,8.0,,,,,,,,,,,,
2006-12-31,GTLS,,,,,,,,,,,,,,,,,,,,,,,,,,,,,,,,,,,,0.07,,,0.26,,,,,,,,,,,,,,,,,,,,,,,,,,,,,,,,,,,,,,,,,,,,,,,,,2007-03-15,,0.33,,pre-market,,,,,,,,,,,,,26.9231,,,,,,,,,,,,
2007-03-31,GTLS,,,,,,,,,,,,,,,,,,,,,,,,,,,,,,,,,,,,-0.04,,,0.32,,,,,,,,,,,,,,,,,,,,,,,,,,,,,,,,,,,,,,,,,,,,,,,,,2007-05-14,,0.28,,pre-market,,,,,,,,,,,,,-12.5,,,,,,,,,,,,
2007-06-30,GTLS,,,,,,,,,,,,,,,,,,,,,,,,,,,,,,,,,,,,0.17,,,0.34,,,,,,,,,,,,,,,,,,,,,,,,,,,,,,,,,,,,,,,,,,,,,,,,,2007-08-13,,0.51,,pre-market,,,,,,,,,,,,,50.0,,,,,,,,,,,,
2007-09-30,GTLS,,,,,,,,,,,,,,,,,,,,,,,,,,,,,,,,,,,,0.0,,,0.42,,,,,,,,,,,,,,,,,,,,,,,,,,,,,,,,,,,,,,,,,,,,,,,,,2007-11-13,,0.42,,pre-market,,,,,,,,,,,,,0.0,,,,,,,,,,,,
2007-12-31,GTLS,,,,,,,,,,,,,,,,,,,,,,,,,,,,,,,,,,,,0.16,,,0.41,,,,,,,,,,,,,,,,,,,,,,,,,,,,,,,,,,,,,,,,,,,,,,,,,2008-02-28,,0.57,,pre-market,,,,,,,,,,,,,39.0244,,,,,,,,,,,,
2008-03-31,GTLS,,,,,,,,,,,,,,,,,,,,,,,,,,,,,,,,,,,,0.06,,,0.45,,,,,,,,,,,,,,,,,,,,,,,,,,,,,,,,,,,,,,,,,,,,,,,,,2008-05-01,,0.51,,pre-market,,,,,,,,,,,,,13.3333,,,,,,,,,,,,
2008-06-30,GTLS,,,,,,,,,,,,,,,,,,,,,,,,,,,,,,,,,,,,0.17,,,0.59,,,,,,,,,,,,,,,,,,,,,,,,,,,,,,,,,,,,,,,,,,,,,,,,,2008-07-31,,0.76,,pre-market,,,,,,,,,,,,,28.8136,,,,,,,,,,,,
2008-09-30,GTLS,,,,,,,,,,,,,,,,,,,,,,,,,,,,,,,,,,,,0.01,,,0.69,,,,,,,,,,,,,,,,,,,,,,,,,,,,,,,,,,,,,,,,,,,,,,,,,2008-10-31,,0.7,,pre-market,,,,,,,,,,,,,1.4493,,,,,,,,,,,,
2008-12-31,GTLS,,,,,,,,,,,,,,,,,,,,,,,,,,,,,,,,,,,,0.15,,,0.6,,,,,,,,,,,,,,,,,,,,,,,,,,,,,,,,,,,,,,,,,,,,,,,,,2009-02-25,,0.75,,pre-market,,,,,,,,,,,,,25.0,,,,,,,,,,,,
2009-03-31,GTLS,,,,,,,,,,,,,,,,,,,,,,,,,,,,,,,,,,,,0.25,,,0.43,,,,,,,,,,,,,,,,,,,,,,,,,,,,,,,,,,,,,,,,,,,,,,,,,2009-04-30,,0.68,,pre-market,,,,,,,,,,,,,58.1395,,,,,,,,,,,,
2009-06-30,GTLS,,,,,,,,,,,,,,,,,,,,,,,,,,,,,,,,,,,,0.26,,,0.35,,,,,,,,,,,,,,,,,,,,,,,,,,,,,,,,,,,,,,,,,,,,,,,,,2009-07-30,,0.61,,pre-market,,,,,,,,,,,,,74.2857,,,,,,,,,,,,
2009-09-30,GTLS,,,,,,,,,,,,,,,,,,,,,,,,,,,,,,,,,,,,0.06,,,0.22,,,,,,,,,,,,,,,,,,,,,,,,,,,,,,,,,,,,,,,,,,,,,,,,,2009-10-29,,0.28,,pre-market,,,,,,,,,,,,,27.2727,,,,,,,,,,,,
2009-12-31,GTLS,,,,,,,,,,,,,,,,,,,,,,,,,,,,,,,,,,,,0.17,,,0.12,,,,,,,,,,,,,,,,,,,,,,,,,,,,,,,,,,,,,,,,,,,,,,,,,2010-02-24,,0.29,,pre-market,,,,,,,,,,,,,141.6667,,,,,,,,,,,,
2010-03-31,GTLS,,,,,,,,,,,,,,,,,,,,,,,,,,,,,,,,,,,,0.0,,,0.09,,,,,,,,,,,,,,,,,,,,,,,,,,,,,,,,,,,,,,,,,,,,,,,,,2010-04-29,,0.09,,pre-market,,,,,,,,,,,,,0.0,,,,,,,,,,,,
2010-06-30,GTLS,,,,,,,,,,,,,,,,,,,,,,,,,,,,,,,,,,,,0.01,,,0.14,,,,,,,,,,,,,,,,,,,,,,,,,,,,,,,,,,,,,,,,,,,,,,,,,2010-07-29,,0.15,,pre-market,,,,,,,,,,,,,7.1429,,,,,,,,,,,,
2010-09-30,GTLS,,,,,,,,,,,,,,,,,,,,,,,,,,,,,,,,,,,,0.06,,,0.21,,,,,,,,,,,,,,,,,,,,,,,,,,,,,,,,,,,,,,,,,,,,,,,,,2010-10-28,,0.27,,pre-market,,,,,,,,,,,,,28.5714,,,,,,,,,,,,
2010-12-31,GTLS,,,,,,,,,,,,,,,,,,,,,,,,,,,,,,,,,,,,0.04,,,0.32,,,,,,,,,,,,,,,,,,,,,,,,,,,,,,,,,,,,,,,,,,,,,,,,,2011-02-24,,0.36,,pre-market,,,,,,,,,,,,,12.5,,,,,,,,,,,,
2011-03-31,GTLS,,,,,,,,,,,,,,,,,,,,,,,,,,,,,,,,,,,,0.0,,,0.3,,,,,,,,,,,,,,,,,,,,,,,,,,,,,,,,,,,,,,,,,,,,,,,,,2011-05-04,,0.3,,pre-market,,,,,,,,,,,,,0.0,,,,,,,,,,,,
2011-06-30,GTLS,,,,,,,,,,,,,,,,,,,,,,,,,,,,,,,,,,,,-0.04,,,0.45,,,,,,,,,,,,,,,,,,,,,,,,,,,,,,,,,,,,,,,,,,,,,,,,,2011-07-27,,0.41,,pre-market,,,,,,,,,,,,,-8.8889,,,,,,,,,,,,
2011-09-30,GTLS,,,,,,,,,,,,,,,,,,,,,,,,,,,,,,,,,,,,0.05,,,0.57,,,,,,,,,,,,,,,,,,,,,,,,,,,,,,,,,,,,,,,,,,,,,,,,,2011-10-27,,0.62,,pre-market,,,,,,,,,,,,,8.7719,,,,,,,,,,,,
2011-12-31,GTLS,,,,,,,,,,,,,,,,,,,,,,,,,,,,,,,,,,,,-0.11,,,0.62,,,,,,,,,,,,,,,,,,,,,,,,,,,,,,,,,,,,,,,,,,,,,,,,,2012-02-28,,0.51,,pre-market,,,,,,,,,,,,,-17.7419,,,,,,,,,,,,
2012-03-31,GTLS,,,,,,,,,,,,,,,,,,,,,,,,,,,,,,,,,,,,-0.02,,,0.5,,,,,,,,,,,,,,,,,,,,,,,,,,,,,,,,,,,,,,,,,,,,,,,,,2012-04-26,,0.48,,pre-market,,,,,,,,,,,,,-4.0,,,,,,,,,,,,
2012-06-30,GTLS,,,,,,,,,,,,,,,,,,,,,,,,,,,,,,,,,,,,-0.06,,,0.63,,,,,,,,,,,,,,,,,,,,,,,,,,,,,,,,,,,,,,,,,,,,,,,,,2012-08-02,,0.57,,pre-market,,,,,,,,,,,,,-9.5238,,,,,,,,,,,,
2012-09-30,GTLS,,,,,,,,,,,,,,,,,,,,,,,,,,,,,,,,,,,,-0.09,,,0.75,,,,,,,,,,,,,,,,,,,,,,,,,,,,,,,,,,,,,,,,,,,,,,,,,2012-11-01,,0.66,,pre-market,,,,,,,,,,,,,-12.0,,,,,,,,,,,,
2012-12-31,GTLS,,,,,,,,,,,,,,,,,,,,,,,,,,,,,,,,,,,,0.04,,,0.76,,,,,,,,,,,,,,,,,,,,,,,,,,,,,,,,,,,,,,,,,,,,,,,,,2013-02-28,,0.8,,pre-market,,,,,,,,,,,,,5.2632,,,,,,,,,,,,
2013-03-31,GTLS,,,,,,,,,,,,,,,,,,,,,,,,,,,,,,,,,,,,-0.12,,,0.66,,,,,,,,,,,,,,,,,,,,,,,,,,,,,,,,,,,,,,,,,,,,,,,,,2013-04-25,,0.54,,pre-market,,,,,,,,,,,,,-18.1818,,,,,,,,,,,,
2013-06-30,GTLS,,,,,,,,,,,,,,,,,,,,,,,,,,,,,,,,,,,,0.01,,,0.76,,,,,,,,,,,,,,,,,,,,,,,,,,,,,,,,,,,,,,,,,,,,,,,,,2013-07-30,,0.77,,pre-market,,,,,,,,,,,,,1.3158,,,,,,,,,,,,
2013-09-30,GTLS,,,,,,,,,,,,,,,,,,,,,,,,,,,,,,,,,,,,-0.06,,,0.88,,,,,,,,,,,,,,,,,,,,,,,,,,,,,,,,,,,,,,,,,,,,,,,,,2013-10-31,,0.82,,pre-market,,,,,,,,,,,,,-6.8182,,,,,,,,,,,,
2013-12-31,GTLS,,,,,,,,,,,,,,,,,,,,,,,,,,,,,,,,,,,,-0.01,,,0.83,,,,,,,,,,,,,,,,,,,,,,,,,,,,,,,,,,,,,,,,,,,,,,,,,2014-02-25,,0.82,,pre-market,,,,,,,,,,,,,-1.2048,,,,,,,,,,,,
2014-03-31,GTLS,,,,,,,,,,,,,,,,,,,,,,,,,,,,,,,,,,,,-0.25,,,0.66,,,,,,,,,,,,,,,,,,,,,,,,,,,,,,,,,,,,,,,,,,,,,,,,,2014-04-29,,0.41,,pre-market,,,,,,,,,,,,,-37.8788,,,,,,,,,,,,
2014-06-30,GTLS,,,,,,,,,,,,,,,,,,,,,,,,,,,,,,,,,,,,-0.04,,,0.74,,,,,,,,,,,,,,,,,,,,,,,,,,,,,,,,,,,,,,,,,,,,,,,,,2014-07-31,,0.7,,pre-market,,,,,,,,,,,,,-5.4054,,,,,,,,,,,,
2014-09-30,GTLS,,,,,,,,,,,,,,,,,,,,,,,,,,,,,,,,,,,,-0.08,,,0.85,,,,,,,,,,,,,,,,,,,,,,,,,,,,,,,,,,,,,,,,,,,,,,,,,2014-10-30,,0.77,,pre-market,,,,,,,,,,,,,-9.4118,,,,,,,,,,,,
2014-12-31,GTLS,,,,,,,,,,,,,,,,,,,,,,,,,,,,,,,,,,,,0.29,,,0.59,,,,,,,,,,,,,,,,,,,,,,,,,,,,,,,,,,,,,,,,,,,,,,,,,2015-02-24,,0.88,,pre-market,,,,,,,,,,,,,49.1525,,,,,,,,,,,,
2015-03-31,GTLS,,,,,,,,,,,,,,,,,,,,,,,,,,,,,,,,,,,,-0.1,,,0.29,,,,,,,,,,,,,,,,,,,,,,,,,,,,,,,,,,,,,,,,,,,,,,,,,2015-04-30,,0.19,,pre-market,,,,,,,,,,,,,-34.4828,,,,,,,,,,,,
2015-06-30,GTLS,,,,,,,,,,,,,,,,,,,,,,,,,,,,,,,,,,,,0.16,,,0.44,,,,,,,,,,,,,,,,,,,,,,,,,,,,,,,,,,,,,,,,,,,,,,,,,2015-07-30,,0.6,,pre-market,,,,,,,,,,,,,36.3636,,,,,,,,,,,,
2015-09-30,GTLS,,,,,,,,,,,,,,,,,,,,,,,,,,,,,,,,,,,,-0.06,,,0.32,,,,,,,,,,,,,,,,,,,,,,,,,,,,,,,,,,,,,,,,,,,,,,,,,2015-10-29,,0.26,,pre-market,,,,,,,,,,,,,-18.75,,,,,,,,,,,,
2015-12-31,GTLS,,,,,,,,,,,,,,,,,,,,,,,,,,,,,,,,,,,,0.17,,,0.02,,,,,,,,,,,,,,,,,,,,,,,,,,,,,,,,,,,,,,,,,,,,,,,,,2016-02-25,,0.19,,pre-market,,,,,,,,,,,,,850.0,,,,,,,,,,,,
2016-03-31,GTLS,,,,,,,,,,,,,,,,,,,,,,,,,,,,,,,,,,,,-0.1,,,0.02,,,,,,,,,,,,,,,,,,,,,,,,,,,,,,,,,,,,,,,,,,,,,,,,,2016-04-28,,-0.08,,pre-market,,,,,,,,,,,,,-500.0,,,,,,,,,,,,
2016-06-30,GTLS,,,,,,,,,,,,,,,,,,,,,,,,,,,,,,,,,,,,0.6,,,0.12,,,,,,,,,,,,,,,,,,,,,,,,,,,,,,,,,,,,,,,,,,,,,,,,,2016-07-28,,0.72,,pre-market,,,,,,,,,,,,,500.0,,,,,,,,,,,,
2016-09-30,GTLS,,,,,,,,,,,,,,,,,,,,,,,,,,,,,,,,,,,,0.41,,,0.12,,,,,,,,,,,,,,,,,,,,,,,,,,,,,,,,,,,,,,,,,,,,,,,,,2016-10-27,,0.53,,pre-market,,,,,,,,,,,,,341.6667,,,,,,,,,,,,
2016-12-31,GTLS,,,,,,,,,,,,,,,,,,,,,,,,,,,,,,,,,,,,-0.1975,,,0.09,,,,,,,,,,,,,,,,,,,,,,,,,,,,,,,,,,,,,,,,,,,,,,,,,2017-02-23,,-0.1075,,pre-market,,,,,,,,,,,,,-219.4444,,,,,,,,,,,,
2017-03-31,GTLS,,,,,,,,,,,,,,,,,,,,,,,,,,,,,,,,,,,,0.0,,,0.01,,,,,,,,,,,,,,,,,,,,,,,,,,,,,,,,,,,,,,,,,,,,,,,,,2017-04-27,,0.01,,pre-market,,,,,,,,,,,,,0.0,,,,,,,,,,,,
2017-06-30,GTLS,,,,,,,,,,,,,,,,,,,,,,,,,,,,,,,,,,,,0.02,,,0.19,,,,,,,,,,,,,,,,,,,,,,,,,,,,,,,,,,,,,,,,,,,,,,,,,2017-07-27,,0.21,,pre-market,,,,,,,,,,,,,10.5263,,,,,,,,,,,,
2017-09-30,GTLS,,,,,,,,,,,,,,,,,,,,,,,,,,,,,,,,,,,,0.07,,,0.23,,,,,,,,,,,,,,,,,,,,,,,,,,,,,,,,,,,,,,,,,,,,,,,,,2017-10-26,,0.3,,pre-market,,,,,,,,,,,,,30.4348,,,,,,,,,,,,
2017-12-31,GTLS,,,,,,,,,,,,,,,,,,,,,,,,,,,,,,,,,,,,0.15,,,0.31,,,,,,,,,,,,,,,,,,,,,,,,,,,,,,,,,,,,,,,,,,,,,,,,,2018-02-22,,0.46,,pre-market,,,,,,,,,,,,,48.3871,,,,,,,,,,,,
2018-03-31,GTLS,,,,,,,,,,,,,,,,,,,,,,,,,,,,,,,,,,,,0.04,,,0.19,,,,,,,,,,,,,,,,,,,,,,,,,,,,,,,,,,,,,,,,,,,,,,,,,2018-04-19,,0.23,,pre-market,,,,,,,,,,,,,21.0526,,,,,,,,,,,,
2018-06-30,GTLS,,,,,,,,,,,,,,,,,,,,,,,,,,,,,,,,,,,,0.11,,,0.44,,,,,,,,,,,,,,,,,,,,,,,,,,,,,,,,,,,,,,,,,,,,,,,,,2018-07-19,,0.55,,pre-market,,,,,,,,,,,,,25.0,,,,,,,,,,,,
2018-09-30,GTLS,,,,,,,,,,,,,,,,,,,,,,,,,,,,,,,,,,,,0.24,,,0.5,,,,,,,,,,,,,,,,,,,,,,,,,,,,,,,,,,,,,,,,,,,,,,,,,2018-10-18,,0.74,,pre-market,,,,,,,,,,,,,48.0,,,,,,,,,,,,
2018-12-31,GTLS,,,,,,,,,,,,,,,,,,,,,,,,,,,,,,,,,,,,0.1,,,0.51,,,,,,,,,,,,,,,,,,,,,,,,,,,,,,,,,,,,,,,,,,,,,,,,,2019-02-14,,0.61,,pre-market,,,,,,,,,,,,,19.6078,,,,,,,,,,,,
2019-03-31,GTLS,,,,,,,,,,,,,,,,,,,,,,,,,,,,,,,,,,,,-0.05,,,0.44,,,,,,,,,,,,,,,,,,,,,,,,,,,,,,,,,,,,,,,,,,,,,,,,,2019-04-18,,0.39,,pre-market,,,,,,,,,,,,,-11.3636,,,,,,,,,,,,
2019-06-30,GTLS,,,,,,,,,,,,,,,,,,,,,,,,,,,,,,,,,,,,0.08,,,0.6,,,,,,,,,,,,,,,,,,,,,,,,,,,,,,,,,,,,,,,,,,,,,,,,,2019-07-18,,0.68,,pre-market,,,,,,,,,,,,,13.3333,,,,,,,,,,,,
2019-09-30,GTLS,,,,,,,,,,,,,,,,,,,,,,,,,,,,,,,,,,,,0.0,,,0.77,,,,,,,,,,,,,,,,,,,,,,,,,,,,,,,,,,,,,,,,,,,,,,,,,2019-10-17,,0.77,,pre-market,,,,,,,,,,,,,0.0,,,,,,,,,,,,
2019-12-31,GTLS,,,,,,,,,,,,,,,,,,,,,,,,,,,,,,,,,,,,-0.18,,,0.9,,,,,,,,,,,,,,,,,,,,,,,,,,,,,,,,,,,,,,,,,,,,,,,,,2020-02-13,,0.72,,pre-market,,,,,,,,,,,,,-20.0,,,,,,,,,,,,
2020-03-31,GTLS,,,,,,,,,,,,,,,,,,,,,,,,,,,,,,,,,,,,0.06,,,0.51,,,,,,,,,,,,,,,,,,,,,,,,,,,,,,,,,,,,,,,,,,,,,,,,,2020-04-23,,0.57,,pre-market,,,,,,,,,,,,,11.7647,,,,,,,,,,,,
2020-06-30,GTLS,,,,,,,,,,,,,,,,,,,,,,,,,,,,,,,,,,,,0.24,,,0.39,,,,,,,,,,,,,,,,,,,,,,,,,,,,,,,,,,,,,,,,,,,,,,,,,2020-07-23,,0.63,,pre-market,,,,,,,,,,,,,61.5385,,,,,,,,,,,,
2020-09-30,GTLS,,,,,,,,,,,,,,,,,,,,,,,,,,,,,,,,,,,,0.02,,,0.61,,,,,,,,,,,,,,,,,,,,,,,,,,,,,,,,,,,,,,,,,,,,,,,,,2020-10-22,,0.63,,pre-market,,,,,,,,,,,,,3.2787,,,,,,,,,,,,
2020-12-31,GTLS,,,,,,,,,,,,,,,,,,,,,,,,,,,,,,,,,,,,0.5,,,0.77,,,,,,,,,,,,,,,,,,,,,,,,,,,,,,,,,,,,,,,,,,,,,,,,,2021-02-18,,1.27,,pre-market,,,,,,,,,,,,,64.9351,,,,,,,,,,,,
2021-03-31,GTLS,,,,,,,,,,,,,,,,,,,,,,,,,,,,,,,,,,,,0.05,,,0.69,,,,,,,,,,,,,,,,,,,,,,,,,,,,,,,,,,,,,,,,,,,,,,,,,2021-04-22,,0.74,,pre-market,,,,,,,,,,,,,7.2464,,,,,,,,,,,,
2021-06-30,GTLS,,,,,,,,,,,,,,,,,,,,,,,,,,,,,,,,,,,,0.01,,,0.79,,,,,,,,,,,,,,,,,,,,,,,,,,,,,,,,,,,,,,,,,,,,,,,,,2021-07-22,,0.8,,pre-market,,,,,,,,,,,,,1.2658,,,,,,,,,,,,
2021-09-30,GTLS,,,,,,,,,,,,,,,,,,,,,,,,,,,,,,,,,,,,-0.29,,,0.84,,,,,,,,,,,,,,,,,,,,,,,,,,,,,,,,,,,,,,,,,,,,,,,,,2021-10-21,,0.55,,pre-market,,,,,,,,,,,,,-34.5238,,,,,,,,,,,,
2021-12-31,GTLS,,,,,,,,,,,,,,,,,,,,,,,,,,,,,,,,,,,,0.04,,,0.69,,,,,,,,,,,,,,,,,,,,,,,,,,,,,,,,,,,,,,,,,,,,,,,,,2022-02-24,,0.73,,pre-market,,,,,,,,,,,,,5.7971,,,,,,,,,,,,
2022-03-31,GTLS,,,,,,,,,,,,,,,,,,,,,,,,,,,,,,,,,,,,0.1,,,0.55,,,,,,,,,,,,,,,,,,,,,,,,,,,,,,,,,,,,,,,,,,,,,,,,,2022-04-29,,0.65,,pre-market,,,,,,,,,,,,,18.1818,,,,,,,,,,,,
2022-06-30,GTLS,,,,,,,,,,,,,,,,,,,,,,,,,,,,,,,,,,,,0.03,,,0.85,,,,,,,,,,,,,,,,,,,,,,,,,,,,,,,,,,,,,,,,,,,,,,,,,2022-07-29,,0.88,,pre-market,,,,,,,,,,,,,3.5294,,,,,,,,,,,,
2022-09-30,GTLS,,,,,,,,,,,,,,,,,,,,,,,,,,,,,,,,,,,,0.17,,,1.32,,,,,,,,,,,,,,,,,,,,,,,,,,,,,,,,,,,,,,,,,,,,,,,,,2022-10-28,,1.49,,pre-market,,,,,,,,,,,,,12.8788,,,,,,,,,,,,
2022-12-31,GTLS,,,,,,,,,,,,,,,,,,,,,,,,,,,,,,,,,,,,-0.08,,,1.68,,,,,,,,,,,,,,,,,,,,,,,,,,,,,,,,,,,,,,,,,,,,,,,,,2023-02-24,,1.6,,pre-market,,,,,,,,,,,,,-4.7619,,,,,,,,,,,,
2023-03-31,GTLS,,,,,,,,,,,,,,,,,,,,,,,,,,,,,,,,,,,,0.9,,,0.51,,,,,,,,,,,,,,,,,,,,,,,,,,,,,,,,,,,,,,,,,,,,,,,,,2023-04-28,,1.41,,pre-market,,,,,,,,,,,,,176.4706,,,,,,,,,,,,
2023-06-30,GTLS,,,,,,,,,,,,,,,,,,,,,,,,,,,,,,,,,,,,0.26,,,0.93,,,,,,,,,,,,,,,,,,,,,,,,,,,,,,,,,,,,,,,,,,,,,,,,,2023-07-28,,1.19,,pre-market,,,,,,,,,,,,,27.957,,,,,,,,,,,,
2023-09-30,GTLS,,,,,,,,,,,,,,,,,,,,,,,,,,,,,,,,,,,,-0.33,,,1.61,,,,,,,,,,,,,,,,,,,,,,,,,,,,,,,,,,,,,,,,,,,,,,,,,2023-10-27,,1.28,,pre-market,,,,,,,,,,,,,-20.4969,,,,,,,,,,,,
2023-12-31,GTLS,,,,,,,,,,,,,,,,,,,,,,,,,,,,,,,,,,,,0.17,,,2.08,,,,,,,,,,,,,,,,,,,,,,,,,,,,,,,,,,,,,,,,,,,,,,,,,2024-02-28,,2.25,,pre-market,,,,,,,,,,,,,8.1731,,,,,,,,,,,,
2024-03-31,GTLS,,,,,,,,,,,,,,,,,,,,,,,,,,,,,,,,,,,,-0.06,,,1.55,,,,,,,,,,,,,,,,,,,,,,,,,,,,,,,,,,,,,,,,,,,,,,,,,2024-05-03,,1.49,,pre-market,,,,,,,,,,,,,-3.871,,,,,,,,,,,,
2024-06-30,GTLS,,,,,,,,,,,,,,,,,,,,,,,,,,,,,,,,,,,,-0.1,,,2.46,,,,,,,,,,,,,,,,,,,,,,,,,,,,,,,,,,,,,,,,,,,,,,,,,2024-08-02,,2.36,,pre-market,,,,,,,,,,,,,-4.065,,,,,,,,,,,,
2024-09-30,GTLS,,,,,,,,,,,,,,,,,,,,,,,,,,,,,,,,,,,,-0.3,,,2.48,,,,,,,,,,,,,,,,,,,,,,,,,,,,,,,,,,,,,,,,,,,,,,,,,2024-11-01,,2.18,,pre-market,,,,,,,,,,,,,-12.0968,,,,,,,,,,,,
2024-12-31,GTLS,,,,,,,,,,,,,,,,,,,,,,,,,,,,,,,,,,,,-0.4881,,,3.1481,,,,,,,,,,,,,,,,,,,,,,,,,,,,,,,,,,,,,,,,,,,,,,,,,2025-02-26,,2.66,,pre-market,,,,,,,,,,,,,-15.5046,,,,,,,,,,,,
2025-03-31,GTLS,,,,,,,,,,,,,,,,,,,,,,,,,,,,,,,,,,,,0.0321,,,1.8279,,,,,,,,,,,,,,,,,,,,,,,,,,,,,,,,,,,,,,,,,,,,,,,,,2025-05-01,,1.86,,pre-market,,,,,,,,,,,,,1.7561,,,,,,,,,,,,
2025-06-30,GTLS,,,,,,,,,,,,,,,,,,,,,,,,,,,,,,,,,,,,0.11,,,2.48,,,,,,,,,,,,,,,,,,,,,,,,,,,,,,,,,,,,,,,,,,,,,,,,,2025-07-29,,2.59,,pre-market,,,,,,,,,,,,,4.4355,,,,,,,,,,,,
2025-09-30,GTLS,,,,,,,,,,,,,,,,,,,,,,,,,,,,,,,,,,,,-0.32,,,3.1,,,,,,,,,,,,,,,,,,,,,,,,,,,,,,,,,,,,,,,,,,,,,,,,,2025-10-29,,2.78,,pre-market,,,,,,,,,,,,,-10.3226,,,,,,,,,,,,
2025-12-28,GTLS,0.89,4291200000.0,231.29,,1.763,71.23,,,,,,,,,,,,,,,,,,,,,,,,,,,,,0.396,-0.32,,,3.1,,14.2,,1450800000.0,,,,,,,,,,,,,,,,,,,0.177,,,,,,,,,,,,,0.612,2.89,2.156,,,,,,,,0.0155,,,2025-10-29,,2.78,,pre-market,,,0.0466,0.0253,0.036,96.81,,,,,177.72,202.84,-10.3226,,,,,,,,,231.29,,220.03,104.6
2025-12-28,GTLS,0.89,4291200000.0,231.29,,1.763,71.23,,,,,,,,,,,,,,,None,725400000,725400000,,,,,,None,71400000,,,,,0.396,-0.32,-105800000,-34400000,3.1,2025-09-30,14.2,,1450800000.0,375200000,-182900000,-47500000,,,None,77100000,None,,None,,,,,-138500000,-135400000,-77100000,None,0.177,,463700000,-88500000,,,,,None,,,,,0.612,2.89,2.156,,,,,,,,0.0155,,,2025-10-29,quarterly,2.78,USD,pre-market,None,,0.0466,0.0253,0.036,96.81,148100000,,,,177.72,202.84,-10.3226,,,,,,,1100600000,,231.29,,220.03,104.6
2025-12-28,GTLS,0.89,4291200000.0,231.29,,1.763,71.23,,,,,,,,,,,,,,,None,718800000,718800000,,,,,,None,71100000,,,,,0.396,-0.32,173700000,244800000,3.1,2025-06-30,14.2,,1450800000.0,363500000,95700000,15800000,,,None,80100000,None,,None,,,,,76100000,79900000,-78300000,None,0.177,,194000000,169500000,,,,,None,,,,,0.612,2.89,2.156,,,,,,,,0.0155,,,2025-10-29,quarterly,2.78,USD,pre-market,None,,0.0466,0.0253,0.036,96.81,145300000,,,,177.72,202.84,-10.3226,,,,,,,1082300000,,231.29,,220.03,104.6
2025-12-28,GTLS,0.89,4291200000.0,231.29,,1.763,71.23,,,,,,,,,,,,,,,None,661700000,661700000,,,,,,None,66200000,,,,,0.396,-0.32,149000000,215200000,3.1,2025-03-31,14.2,,1450800000.0,339800000,71900000,17600000,,,None,78300000,None,,None,,,,,49500000,54300000,-77100000,None,0.177,,187500000,152300000,,,,,None,,,,,0.612,2.89,2.156,,,,,,,,0.0155,,,2025-10-29,quarterly,2.78,USD,pre-market,None,,0.0466,0.0253,0.036,96.81,141000000,,,,177.72,202.84,-10.3226,,,,,,,1001500000,,231.29,,220.03,104.6
2025-12-28,GTLS,0.89,4291200000.0,231.29,,1.763,71.23,,,,,,,,,,,,,,,None,734500000,734500000,,,,,,None,69900000,,,,,0.396,-0.32,192000000,261900000,3.1,2024-12-31,14.2,,1450800000.0,372300000,111000000,27700000,,,None,83300000,None,,None,,,,,79600000,83300000,-79800000,None,0.177,,184000000,188300000,,,,,None,,,,,0.612,2.89,2.156,,,,,,,,0.0155,,,2025-10-29,quarterly,2.78,USD,pre-market,38300000,,0.0466,0.0253,0.036,96.81,134000000,,,,177.72,202.84,-10.3226,,,,,,,1106800000,,231.29,,220.03,104.6
2025-12-28,GTLS,0.89,4291200000.0,231.29,,1.763,71.23,,,,,,,,,,,,,,,None,699900000,699900000,,,,,,None,68100000,,,,,0.396,-0.32,181100000,249200000,3.1,2024-09-30,14.2,,1450800000.0,362600000,99700000,26600000,,,None,83600000,None,,None,,,,,69000000,73100000,-80600000,None,0.177,,184100000,178500000,,,,,None,,,,,0.612,2.89,2.156,,,,,,,,0.0155,,,2025-10-29,quarterly,2.78,USD,pre-market,None,,0.0466,0.0253,0.036,96.81,135700000,,,,177.72,202.84,-10.3226,,,,,,,1062500000,,231.29,,220.03,104.6
2025-12-28,GTLS,0.89,4291200000.0,231.29,,1.763,71.23,,,,,,,,,,,,,,,None,688700000,688700000,,,,,,None,66000000,,,,,0.396,-0.32,164200000,230200000,3.1,2024-06-30,14.2,,1450800000.0,351600000,78600000,15500000,,,None,86800000,None,,None,,,,,58600000,63100000,-84300000,None,0.177,,183800000,167800000,,,,,None,,,,,0.612,2.89,2.156,,,,,,,,0.0155,,,2025-10-29,quarterly,2.78,USD,pre-market,None,,0.0466,0.0253,0.036,96.81,136200000,,,,177.72,202.84,-10.3226,,,,,,,1040300000,,231.29,,220.03,104.6
2025-12-28,GTLS,0.89,4291200000.0,231.29,,1.763,71.23,,,,,,,,,,,,,,,None,648400000,648400000,,,,,,None,65900000,,,,,0.396,-0.32,109700000,175600000,3.1,2024-03-31,14.2,,1450800000.0,302300000,25600000,8800000,,,None,86000000,None,,None,,,,,11300000,16800000,-83800000,None,0.177,,189400000,112900000,,,,,None,,,,,0.612,2.89,2.156,,,,,,,,0.0155,,,2025-10-29,quarterly,2.78,USD,pre-market,None,,0.0466,0.0253,0.036,96.81,141500000,,,,177.72,202.84,-10.3226,,,,,,,950700000,,231.29,,220.03,104.6
2025-12-28,GTLS,0.89,4291200000.0,231.29,,1.763,71.23,,,,,,,,,,,,,,,None,680700000,680700000,,,,,,None,67900000,,,,,0.396,-0.32,139700000,207600000,3.1,2023-12-31,14.2,,1450800000.0,334300000,58600000,7200000,,,None,86400000,None,,None,,,,,49800000,51400000,-86400000,None,0.177,,178300000,156000000,,,,,None,,,,,0.612,2.89,2.156,,,,,,,,0.0155,,,2025-10-29,quarterly,2.78,USD,pre-market,None,,0.0466,0.0253,0.036,96.81,129900000,,,,177.72,202.84,-10.3226,,,,,,,1015000000,,231.29,,220.03,104.6
2025-12-28,GTLS,0.89,4291200000.0,231.29,,1.763,71.23,,,,,,,,,,,,,,,None,621700000,621700000,,,,,,None,67000000,,,,,0.396,-0.32,96200000,163200000,3.1,2023-09-30,14.2,,1450800000.0,276200000,11800000,100000,,,None,90900000,None,,None,,,,,3400000,11700000,-90500000,None,0.177,,171800000,104400000,,,,,None,,,,,0.612,2.89,2.156,,,,,,,,0.0155,,,2025-10-29,quarterly,2.78,USD,pre-market,None,,0.0466,0.0253,0.036,96.81,122800000,,,,177.72,202.84,-10.3226,,,,,,,897900000,,231.29,,220.03,104.6
2025-12-28,GTLS,0.89,4291200000.0,231.29,,1.763,71.23,,,,,,,,,,,,,,,None,627500000,627500000,,,,,,None,62900000,,,,,0.396,-0.32,94400000,157300000,3.1,2023-06-30,14.2,,1450800000.0,280600000,12000000,2400000,,,None,84300000,None,,None,,,,,9100000,9600000,-83900000,None,0.177,,184900000,95700000,,,,,400000,,,,,0.612,2.89,2.156,,,,,,,,0.0155,,,2025-10-29,quarterly,2.78,USD,pre-market,None,,0.0466,0.0253,0.036,96.81,140700000,,,,177.72,202.84,-10.3226,,,,,,,908100000,,231.29,,220.03,104.6
2025-12-28,GTLS,0.89,4291200000.0,231.29,,1.763,71.23,,,,,,,,,,,,,,,None,382200000,382200000,,,,,,None,33300000,,,,,0.396,-0.32,6800000,40100000,3.1,2023-03-31,14.2,,1450800000.0,149300000,-21900000,-6700000,,,None,49600000,None,,None,,,,,-15000000,-13900000,-28300000,None,0.177,,114700000,34600000,,,,,-2900000,,,,,0.612,2.89,2.156,,,,,,,,0.0155,,,2025-10-29,quarterly,2.78,USD,pre-market,None,,0.0466,0.0253,0.036,96.81,93500000,,,,177.72,202.84,-10.3226,,,,,,,531500000,,231.29,,220.03,104.6
2025-12-28,GTLS,0.89,4291200000.0,231.29,,1.763,71.23,,,,,,,,,,,,,,,None,317100000,317100000,,,,,,None,19500000,,,,,0.396,-0.32,44900000,64400000,3.1,2022-12-31,14.2,,1450800000.0,124300000,29300000,11900000,,,None,16300000,None,,None,,,,,-40400000,16900000,-16300000,None,0.177,,64200000,60100000,,,,,-2400000,,,,,0.612,2.89,2.156,,,,,,,,0.0155,,,2025-10-29,quarterly,2.78,USD,pre-market,None,,0.0466,0.0253,0.036,96.81,55200000,,,,177.72,202.84,-10.3226,,,,,,,441400000,,231.29,,220.03,104.6
2025-12-28,GTLS,0.89,4291200000.0,231.29,,1.763,71.23,,,,,,,,,,,,,,,None,307500000,307500000,,,,,,None,20200000,,,,,0.396,-0.32,45500000,65700000,3.1,2022-09-30,14.2,,1450800000.0,104600000,40000000,-1600000,,,None,6400000,None,,None,,,,,41200000,41500000,-6400000,None,0.177,,62900000,41700000,,,,,2700000,,,,,0.612,2.89,2.156,,,,,,,,0.0155,,,2025-10-29,quarterly,2.78,USD,pre-market,None,,0.0466,0.0253,0.036,96.81,52300000,,,,177.72,202.84,-10.3226,,,,,,,412100000,,231.29,,220.03,104.6
2025-12-28,GTLS,0.89,4291200000.0,231.29,,1.763,71.23,,,,,,,,,,,,,,,None,310000000,310000000,,,,,,None,21700000,,,,,0.396,-0.32,21500000,43200000,3.1,2022-06-30,14.2,,1450800000.0,94800000,16900000,3500000,,,None,5100000,None,,None,,,,,13000000,13700000,-5100000,None,0.177,,65200000,29600000,,,,,1000000,,,,,0.612,2.89,2.156,,,,,,,,0.0155,,,2025-10-29,quarterly,2.78,USD,pre-market,None,,0.0466,0.0253,0.036,96.81,53500000,,,,177.72,202.84,-10.3226,,,,,,,404800000,,231.29,,220.03,104.6
2025-12-28,GTLS,0.89,4291200000.0,231.29,,1.763,71.23,,,,,,,,,,,,,,,None,270400000,270400000,,,,,,None,20500000,,,,,0.396,-0.32,15900000,36400000,3.1,2022-03-31,14.2,,1450800000.0,83700000,12400000,2100000,,,None,3900000,None,,None,,,,,10200000,10500000,-3900000,None,0.177,,63600000,20100000,,,,,-1900000,,,,,0.612,2.89,2.156,,,,,,,,0.0155,,,2025-10-29,quarterly,2.78,USD,pre-market,None,,0.0466,0.0253,0.036,96.81,53500000,,,,177.72,202.84,-10.3226,,,,,,,354100000,,231.29,,220.03,104.6
2025-12-28,GTLS,0.89,4291200000.0,231.29,,1.763,71.23,,,,,,,,,,,,,,,None,296700000,296700000,,,,,,None,20800000,,,,,0.396,-0.32,19000000,39800000,3.1,2021-12-31,14.2,,1450800000.0,82200000,16000000,3600000,,,None,8100000,None,,None,,,,,12100000,12400000,-8100000,None,0.177,,61900000,20300000,,,,,-5600000,,,,,0.612,2.89,2.156,,,,,,,,0.0155,,,2025-10-29,quarterly,2.78,USD,pre-market,12700000,,0.0466,0.0253,0.036,96.81,47500000,,,,177.72,202.84,-10.3226,,,,,,,378900000,,231.29,,220.03,104.6
2025-12-28,GTLS,0.89,4291200000.0,231.29,,1.763,71.23,,,,,,,,,,,,,,,None,253400000,253400000,,,,,,None,20500000,,,,,0.396,-0.32,24400000,44900000,3.1,2021-09-30,14.2,,1450800000.0,74900000,21100000,5500000,,,None,4400000,None,,None,,,,,14900000,15600000,-4400000,None,0.177,,61100000,13800000,,,,,200000,,,,,0.612,2.89,2.156,,,,,,,,0.0155,,,2025-10-29,quarterly,2.78,USD,pre-market,None,,0.0466,0.0253,0.036,96.81,51100000,,,,177.72,202.84,-10.3226,,,,,,,328300000,,231.29,,220.03,104.6
2025-12-28,GTLS,0.89,4291200000.0,231.29,,1.763,71.23,,,,,,,,,,,,,,,None,238800000,238800000,,,,,,None,19800000,,,,,0.396,-0.32,10200000,30000000,3.1,2021-06-30,14.2,,1450800000.0,83200000,8100000,1300000,,,None,3300000,None,,None,,,,,6500000,6800000,-3300000,None,0.177,,57700000,25500000,,,,,-2800000,,,,,0.612,2.89,2.156,,,,,,,,0.0155,,,2025-10-29,quarterly,2.78,USD,pre-market,None,,0.0466,0.0253,0.036,96.81,48000000,,,,177.72,202.84,-10.3226,,,,,,,322000000,,231.29,,220.03,104.6
2025-12-28,GTLS,0.89,4291200000.0,231.29,,1.763,71.23,,,,,,,,,,,,,,,None,204600000,204600000,,,,,,None,19500000,,,,,0.396,-0.32,31100000,50600000,3.1,2021-03-31,14.2,,1450800000.0,83900000,29100000,3100000,,,None,3200000,None,,None,,,,,25600000,26100000,-3200000,None,0.177,,55100000,28800000,,,,,-1000000,,,,,0.612,2.89,2.156,,,,,,,,0.0155,,,2025-10-29,quarterly,2.78,USD,pre-market,None,,0.0466,0.0253,0.036,96.81,41000000,,,,177.72,202.84,-10.3226,,,,,,,288500000,,231.29,,220.03,104.6
2025-12-28,GTLS,0.89,4291200000.0,231.29,,1.763,71.23,,,,,,,,,,,,,,,None,224500000,224500000,,,,,,None,19100000,,,,,0.396,-0.32,40400000,59500000,3.1,2020-12-31,14.2,,1450800000.0,87900000,43900000,6000000,,,None,3500000,3500000,,None,,,,,257800000,25900000,2400000,None,0.177,,65400000,22500000,,,,,1200000,,,,,0.612,2.89,2.156,,,,,,,,0.0155,,,2025-10-29,quarterly,2.78,USD,pre-market,9100000,,0.0466,0.0253,0.036,96.81,38300000,,,,177.72,202.84,-10.3226,,,,,,,312400000,,231.29,,220.03,104.6
2025-12-28,GTLS,0.89,4291200000.0,231.29,,1.763,71.23,,,,,,,,,,,,,,,None,194600000,194600000,,,,,,None,19400000,,,,,0.396,-0.32,28500000,47900000,3.1,2020-09-30,14.2,,1450800000.0,78600000,22000000,6200000,,,None,7600000,None,,None,,,,,21700000,15800000,-7600000,None,0.177,,50500000,28100000,,,,,-300000,,,,,0.612,2.89,2.156,,,,,,,,0.0155,,,2025-10-29,quarterly,2.78,USD,pre-market,None,,0.0466,0.0253,0.036,96.81,41100000,,,,177.72,202.84,-10.3226,,,,,,,273200000,,231.29,,220.03,104.6
2025-12-28,GTLS,0.89,4291200000.0,231.29,,1.763,71.23,,,,,,,,,,,,,,,None,206200000,206200000,,,,,,None,23600000,,,,,0.396,-0.32,24500000,48100000,3.1,2020-06-30,14.2,,1450800000.0,83300000,16900000,2200000,,,None,8700000,8500000,,None,,,,,20100000,20100000,-8600000,None,0.177,,57500000,25800000,,,,,-2000000,,,,,0.612,2.89,2.156,,,,,,,,0.0155,,,2025-10-29,quarterly,2.78,USD,pre-market,None,,0.0466,0.0253,0.036,96.81,45000000,,,,177.72,202.84,-10.3226,,,,,,,289500000,,231.29,,220.03,104.6
2025-12-28,GTLS,0.89,4291200000.0,231.29,,1.763,71.23,,,,,,,,,,,,,,,None,219600000,219600000,,,,,,None,23900000,,,,,0.396,-0.32,9700000,33600000,3.1,2020-03-31,14.2,,1450800000.0,82300000,2500000,400000,,,None,8199999,13300000,,None,,,,,8500000,8500000,-8200000,None,0.177,,66500000,15800000,,,,,-1300000,,,,,0.612,2.89,2.156,,,,,,,,0.0155,,,2025-10-29,quarterly,2.78,USD,pre-market,None,,0.0466,0.0253,0.036,96.81,53900000,,,,177.72,202.84,-10.3226,,,,,,,301900000,,231.29,,220.03,104.6
2025-12-28,GTLS,0.89,4291200000.0,231.29,,1.763,71.23,,,,,,,,,,,,,,,None,256700000,256700000,,,,,,None,22700000,,,,,0.396,-0.32,16000000,38700000,3.1,2019-12-31,14.2,,1450800000.0,85700000,9200000,-3300000,,,None,6800000,9600000,,None,,,,,12400000,12500000,-9800000,None,0.177,,64600000,21100000,,,,,None,,,,,0.612,2.89,2.156,,,,,,,,0.0155,,,2025-10-29,quarterly,2.78,USD,pre-market,9200000,,0.0466,0.0253,0.036,96.81,49100000,,,,177.72,202.84,-10.3226,,,,,,,342400000,,231.29,,220.03,104.6
2025-12-28,GTLS,0.89,4291200000.0,231.29,,1.763,71.23,,,,,,,,,,,,,,,None,245100000,245100000,,,,,,None,23200000,,,,,0.396,-0.32,26800000,50000000,3.1,2019-09-30,14.2,,1450800000.0,92900000,19000000,5200000,,,None,8800000,5200000,,None,,,,,18800000,18700000,-7800000,None,0.177,,69400000,23500000,,,,,3000000,,,,,0.612,2.89,2.156,,,,,,,,0.0155,,,2025-10-29,quarterly,2.78,USD,pre-market,None,,0.0466,0.0253,0.036,96.81,57500000,,,,177.72,202.84,-10.3226,,,,,,,338000000,,231.29,,220.03,104.6
2025-12-28,GTLS,0.89,4291200000.0,231.29,,1.763,71.23,,,,,,,,,,,,,,,None,226800000,226800000,,,,,,None,16000000,,,,,0.396,-0.32,24900000,40900000,3.1,2019-06-30,14.2,,1450800000.0,82800000,19500000,4900000,,,None,6000000,5800000,,None,,,,,14400000,14600000,-6000000,None,0.177,,57500000,25300000,,,,,-5800000,,,,,0.612,2.89,2.156,,,,,,,,0.0155,,,2025-10-29,quarterly,2.78,USD,pre-market,None,,0.0466,0.0253,0.036,96.81,50200000,,,,177.72,202.84,-10.3226,,,,,,,309600000,,231.29,,220.03,104.6
2025-12-28,GTLS,0.89,4291200000.0,231.29,,1.763,71.23,,,,,,,,,,,,,,,None,222200000,222200000,,,,,,None,16000000,,,,,0.396,-0.32,4300000,20300000,3.1,2019-03-31,14.2,,1450800000.0,67100000,-1000000,-2000000,,,None,5700000,None,,None,,,,,900000,1000000,-5700000,None,0.177,,62500000,4600000,,,,,-5600000,,,,,0.612,2.89,2.156,,,,,,,,0.0155,,,2025-10-29,quarterly,2.78,USD,pre-market,0,,0.0466,0.0253,0.036,96.81,55300000,,,,177.72,202.84,-10.3226,,,,,,,289300000,,231.29,,220.03,104.6
2025-12-28,GTLS,0.89,4291200000.0,231.29,,1.763,71.23,,,,,,,,,,,,,,,None,216200000,216200000,,,,,,None,13900000,,,,,0.396,-0.32,25400000,39300000,3.1,2018-12-31,14.2,,1450800000.0,73900000,21900000,3700000,,,None,3800000,None,,None,,,,,47700000,15000000,None,None,0.177,,47600000,26300000,,,,,-4100000,,,,,0.612,2.89,2.156,,,,,,,,0.0155,,,2025-10-29,quarterly,2.78,USD,pre-market,11100000,,0.0466,0.0253,0.036,96.81,37400000,,,,177.72,202.84,-10.3226,,,,,,,290100000,,231.29,,220.03,104.6
2025-12-28,GTLS,0.89,4291200000.0,231.29,,1.763,71.23,,,,,,,,,,,,,,,None,189900000,189900000,,,,,,None,12100000,,,,,0.396,-0.32,31500000,43600000,3.1,2018-09-30,14.2,,1450800000.0,82300000,26200000,4200000,,,None,5600000,None,,None,,,,,22200000,22000000,None,None,0.177,,50800000,31500000,,,,,-5300000,,,,,0.612,2.89,2.156,,,,,,,,0.0155,,,2025-10-29,quarterly,2.78,USD,pre-market,0,,0.0466,0.0253,0.036,96.81,45800000,,,,177.72,202.84,-10.3226,,,,,,,272200000,,231.29,,220.03,104.6
2025-12-28,GTLS,0.89,4291200000.0,231.29,,1.763,71.23,,,,,,,,,,,,,,,None,205100000,205100000,,,,,,None,12100000,,,,,0.396,-0.32,20800000,32900000,3.1,2018-06-30,14.2,,1450800000.0,72800000,14600000,3900000,,,None,6600000,None,,None,,,,,12300000,12900000,None,None,0.177,,53300000,19500000,,,,,-5400000,,,,,0.612,2.89,2.156,,,,,,,,0.0155,,,2025-10-29,quarterly,2.78,USD,pre-market,0,,0.0466,0.0253,0.036,96.81,55300000,,,,177.72,202.84,-10.3226,,,,,,,277900000,,231.29,,220.03,104.6
2025-12-28,GTLS,0.89,4291200000.0,231.29,,1.763,71.23,,,,,,,,,,,,,,,None,177200000,177200000,,,,,,None,12700000,,,,,0.396,-0.32,12700000,25400000,3.1,2018-03-31,14.2,,1450800000.0,66900000,6300000,1600000,,,None,6700000,None,,None,,,,,5800000,5700000,None,None,0.177,,52100000,14800000,,,,,-8300000,,,,,0.612,2.89,2.156,,,,,,,,0.0155,,,2025-10-29,quarterly,2.78,USD,pre-market,0,,0.0466,0.0253,0.036,96.81,54100000,,,,177.72,202.84,-10.3226,,,,,,,244100000,,231.29,,220.03,104.6
2025-12-28,GTLS,0.89,4291200000.0,231.29,,1.763,71.23,,,,,,,,,,,,,,,None,223138000,223138000,,,,,,None,13241000,,,,,0.396,-0.32,15123000,28364000,3.1,2017-12-31,14.2,,1450800000.0,82823000,8768000,-18246000,,,None,4600000,None,,None,,,,,26619000,28203000,None,None,0.177,,61453000,21370000,,,,,-12602000,,,,,0.612,2.89,2.156,,,,,,,,0.0155,,,2025-10-29,quarterly,2.78,USD,pre-market,7100000,,0.0466,0.0253,0.036,96.81,51600000,,,,177.72,202.84,-10.3226,,,,,,,305961000,,231.29,,220.03,104.6
2025-12-28,GTLS,0.89,4291200000.0,231.29,,1.763,71.23,,,,,,,,,,,,,,,None,144800000,144800000,,,,,,None,6700000,,,,,0.396,-0.32,5500000,12200000,3.1,2017-09-30,14.2,,1450800000.0,57900000,2200000,700000,,,None,5100000,None,,None,,,,,1500000,1465000,None,None,0.177,,50700000,7200000,,,,,-6435000,,,,,0.612,2.89,2.156,,,,,,,,0.0155,,,2025-10-29,quarterly,2.78,USD,pre-market,0,,0.0466,0.0253,0.036,96.81,56714000,,,,177.72,202.84,-10.3226,,,,,,,202700000,,231.29,,220.03,104.6
2025-12-28,GTLS,0.89,4291200000.0,231.29,,1.763,71.23,,,,,,,,,,,,,,,None,175000000,175000000,,,,,,None,9300000,,,,,0.396,-0.32,9300000,18600000,3.1,2017-06-30,14.2,,1450800000.0,63200000,5500000,2200000,,,None,4160000,None,,None,,,,,2800000,2753000,None,None,0.177,,53300000,9900000,,,,,-4400000,,,,,0.612,2.89,2.156,,,,,,,,0.0155,,,2025-10-29,quarterly,2.78,USD,pre-market,0,,0.0466,0.0253,0.036,96.81,50205000,,,,177.72,202.84,-10.3226,,,,,,,238200000,,231.29,,220.03,104.6
2025-12-28,GTLS,0.89,4291200000.0,231.29,,1.763,71.23,,,,,,,,,,,,,,,None,148400000,148400000,,,,,,None,9200000,,,,,0.396,-0.32,-300000,8900000,3.1,2017-03-31,14.2,,1450800000.0,55700000,-4700000,-1800000,,,None,4699000,None,,None,,,,,-2900000,-2921000,None,None,0.177,,55400000,300000,,,,,-4963000,,,,,0.612,2.89,2.156,,,,,,,,0.0155,,,2025-10-29,quarterly,2.78,USD,pre-market,0,,0.0466,0.0253,0.036,96.81,52427000,,,,177.72,202.84,-10.3226,,,,,,,204100000,,231.29,,220.03,104.6
2025-12-28,GTLS,0.89,4291200000.0,231.29,,1.763,71.23,,,,,,,,,,,,,,,None,157274000,157274000,,,,,,None,8904000,,,,,0.396,-0.32,1777000,10681000,3.1,2016-12-31,14.2,,1450800000.0,57098000,-3005000,873000,,,None,5103000,None,,None,,,,,-3290000,-6947000,None,None,0.177,,54766000,2332000,,,,,-5337000,,,,,0.612,2.89,2.156,,,,,,,,0.0155,,,2025-10-29,quarterly,2.78,USD,pre-market,18100000,,0.0466,0.0253,0.036,96.81,47349000,,,,177.72,202.84,-10.3226,,,,,,,214372000,,231.29,,220.03,104.6
2025-12-28,GTLS,0.89,4291200000.0,231.29,,1.763,71.23,,,,,,,,,,,,,,,None,134307000,134307000,,,,,,None,9419000,,,,,0.396,-0.32,19739000,29158000,3.1,2016-09-30,14.2,,1450800000.0,69623000,15448000,1764000,,,None,4612000,None,,None,,,,,15025000,15048000,None,None,0.177,,49559000,20064000,,,,,-4616000,,,,,0.612,2.89,2.156,,,,,,,,0.0155,,,2025-10-29,quarterly,2.78,USD,pre-market,0,,0.0466,0.0253,0.036,96.81,45430000,,,,177.72,202.84,-10.3226,,,,,,,203930000,,231.29,,220.03,104.6
2025-12-28,GTLS,0.89,4291200000.0,231.29,,1.763,71.23,,,,,,,,,,,,,,,None,160144000,160144000,,,,,,None,9707000,,,,,0.396,-0.32,34711000,44418000,3.1,2016-06-30,14.2,,1450800000.0,86951000,30540000,10977000,,,None,4171000,None,,None,,,,,21153000,21153000,None,None,0.177,,52012000,34939000,,,,,-4399000,,,,,0.612,2.89,2.156,,,,,,,,0.0155,,,2025-10-29,quarterly,2.78,USD,pre-market,0,,0.0466,0.0253,0.036,96.81,48896000,,,,177.72,202.84,-10.3226,,,,,,,247095000,,231.29,,220.03,104.6
2025-12-28,GTLS,0.89,4291200000.0,231.29,,1.763,71.23,,,,,,,,,,,,,,,None,141056000,141056000,,,,,,None,9479000,,,,,0.396,-0.32,-490000,8989000,3.1,2016-03-31,14.2,,1450800000.0,52701000,-4584000,88000,,,None,4094000,None,,None,,,,,-4651000,-4675000,None,None,0.177,,52664000,37000,,,,,-4621000,,,,,0.612,2.89,2.156,,,,,,,,0.0155,,,2025-10-29,quarterly,2.78,USD,pre-market,0,,0.0466,0.0253,0.036,96.81,49536000,,,,177.72,202.84,-10.3226,,,,,,,193757000,,231.29,,220.03,104.6
2025-12-28,GTLS,0.89,4291200000.0,231.29,,1.763,71.23,,,,,,,,,,,,,,,None,187984000,187984000,,,,,,None,11314000,,,,,0.396,-0.32,-239816000,-228502000,3.1,2015-12-31,14.2,,1450800000.0,72772000,-243793000,-12649000,,,None,3977000,None,,None,,,,,-230123000,-231947000,None,None,0.177,,311690000,-238918000,,,,,-4875000,,,,,0.612,2.89,2.156,,,,,,,,0.0155,,,2025-10-29,quarterly,2.78,USD,pre-market,15842000,,0.0466,0.0253,0.036,96.81,48822000,,,,177.72,202.84,-10.3226,,,,,,,260756000,,231.29,,220.03,104.6
2025-12-28,GTLS,0.89,4291200000.0,231.29,,1.763,71.23,,,,,,,,,,,,,,,None,195758000,195758000,,,,,,None,11550000,,,,,0.396,-0.32,14439000,25989000,3.1,2015-09-30,14.2,,1450800000.0,68289000,10366000,6095000,,,None,4073000,None,,None,,,,,4760000,5033000,None,None,0.177,,52680000,15609000,,,,,-5243000,,,,,0.612,2.89,2.156,,,,,,,,0.0155,,,2025-10-29,quarterly,2.78,USD,pre-market,0,,0.0466,0.0253,0.036,96.81,48108000,,,,177.72,202.84,-10.3226,,,,,,,264047000,,231.29,,220.03,104.6
2025-12-28,GTLS,0.89,4291200000.0,231.29,,1.763,71.23,,,,,,,,,,,,,,,None,195372000,195372000,,,,,,None,11208000,,,,,0.396,-0.32,27949000,39157000,3.1,2015-06-30,14.2,,1450800000.0,74880000,23950000,6868000,,,None,3999000,None,,None,,,,,17157000,17123000,None,None,0.177,,49751000,25129000,,,,,-1179000,,,,,0.612,2.89,2.156,,,,,,,,0.0155,,,2025-10-29,quarterly,2.78,USD,pre-market,0,,0.0466,0.0253,0.036,96.81,45628000,,,,177.72,202.84,-10.3226,,,,,,,270252000,,231.29,,220.03,104.6
2025-12-28,GTLS,0.89,4291200000.0,231.29,,1.763,71.23,,,,,,,,,,,,,,,None,172582000,172582000,,,,,,None,11376000,,,,,0.396,-0.32,11567000,22943000,3.1,2015-03-31,14.2,,1450800000.0,72523000,7645000,2370000,,,None,3922000,None,,None,,,,,5246000,5275000,None,None,0.177,,57566000,14957000,,,,,-7312000,,,,,0.612,2.89,2.156,,,,,,,,0.0155,,,2025-10-29,quarterly,2.78,USD,pre-market,0,,0.0466,0.0253,0.036,96.81,53162000,,,,177.72,202.84,-10.3226,,,,,,,245105000,,231.29,,220.03,104.6
2025-12-28,GTLS,0.89,4291200000.0,231.29,,1.763,71.23,,,,,,,,,,,,,,,None,229167000,229167000,,,,,,None,11580000,,,,,0.396,-0.32,41245000,52825000,3.1,2014-12-31,14.2,,1450800000.0,96894000,37134000,9924000,,,None,4111000,None,,None,,,,,26947000,28096000,None,None,0.177,,55282000,41612000,,,,,-4478000,,,,,0.612,2.89,2.156,,,,,,,,0.0155,,,2025-10-29,quarterly,2.78,USD,pre-market,15588000,,0.0466,0.0253,0.036,96.81,46888000,,,,177.72,202.84,-10.3226,,,,,,,326061000,,231.29,,220.03,104.6
2025-12-28,GTLS,0.89,4291200000.0,231.29,,1.763,71.23,,,,,,,,,,,,,,,None,202608000,202608000,,,,,,None,11236000,,,,,0.396,-0.32,39522000,50758000,3.1,2014-09-30,14.2,,1450800000.0,91233000,35288000,12136000,,,None,4234000,None,,None,,,,,22851000,22780000,None,None,0.177,,50878000,40355000,,,,,-5067000,,,,,0.612,2.89,2.156,,,,,,,,0.0155,,,2025-10-29,quarterly,2.78,USD,pre-market,0,,0.0466,0.0253,0.036,96.81,46377000,,,,177.72,202.84,-10.3226,,,,,,,293841000,,231.29,,220.03,104.6
2025-12-28,GTLS,0.89,4291200000.0,231.29,,1.763,71.23,,,,,,,,,,,,,,,None,214629000,214629000,,,,,,None,10188000,,,,,0.396,-0.32,33326000,43514000,3.1,2014-06-30,14.2,,1450800000.0,92181000,29189000,8818000,,,None,4137000,None,,None,,,,,20069000,20053000,None,None,0.177,,58137000,34044000,,,,,-4855000,,,,,0.612,2.89,2.156,,,,,,,,0.0155,,,2025-10-29,quarterly,2.78,USD,pre-market,0,,0.0466,0.0253,0.036,96.81,53662000,,,,177.72,202.84,-10.3226,,,,,,,306810000,,231.29,,220.03,104.6
2025-12-28,GTLS,0.89,4291200000.0,231.29,,1.763,71.23,,,,,,,,,,,,,,,None,188694000,188694000,,,,,,None,10172000,,,,,0.396,-0.32,21702000,31874000,3.1,2014-03-31,14.2,,1450800000.0,77546000,17553000,5214000,,,None,4149000,None,,None,,,,,11997000,12143000,None,None,0.177,,55400000,22146000,,,,,-4593000,,,,,0.612,2.89,2.156,,,,,,,,0.0155,,,2025-10-29,quarterly,2.78,USD,pre-market,0,,0.0466,0.0253,0.036,96.81,50911000,,,,177.72,202.84,-10.3226,,,,,,,266240000,,231.29,,220.03,104.6
2025-12-28,GTLS,0.89,4291200000.0,231.29,,1.763,71.23,,,,,,,,,,,,,,,None,209945000,209945000,,,,,,None,10146000,,,,,0.396,-0.32,39740000,49886000,3.1,2013-12-31,14.2,,1450800000.0,93822000,35576000,9772000,,,None,4164000,None,,None,,,,,23196000,27437000,None,None,0.177,,54041000,39781000,,,,,-4205000,,,,,0.612,2.89,2.156,,,,,,,,0.0155,,,2025-10-29,quarterly,2.78,USD,pre-market,14941000,,0.0466,0.0253,0.036,96.81,44938000,,,,177.72,202.84,-10.3226,,,,,,,303767000,,231.29,,220.03,104.6
2025-12-28,GTLS,0.89,4291200000.0,231.29,,1.763,71.23,,,,,,,,,,,,,,,None,213112000,213112000,,,,,,None,10280000,,,,,0.396,-0.32,35953000,46233000,3.1,2013-09-30,14.2,,1450800000.0,88645000,31810000,6963000,,,None,4143000,None,,None,,,,,24445000,24414000,None,None,0.177,,52759000,35886000,,,,,-4076000,,,,,0.612,2.89,2.156,,,,,,,,0.0155,,,2025-10-29,quarterly,2.78,USD,pre-market,0,,0.0466,0.0253,0.036,96.81,47934000,,,,177.72,202.84,-10.3226,,,,,,,301757000,,231.29,,220.03,104.6
2025-12-28,GTLS,0.89,4291200000.0,231.29,,1.763,71.23,,,,,,,,,,,,,,,None,208460000,208460000,,,,,,None,10049000,,,,,0.396,-0.32,32561000,42610000,3.1,2013-06-30,14.2,,1450800000.0,89806000,28584000,7981000,,,None,3977000,None,,None,,,,,20000000,19995000,None,None,0.177,,56827000,32979000,,,,,-4395000,,,,,0.612,2.89,2.156,,,,,,,,0.0155,,,2025-10-29,quarterly,2.78,USD,pre-market,0,,0.0466,0.0253,0.036,96.81,51905000,,,,177.72,202.84,-10.3226,,,,,,,298266000,,231.29,,220.03,104.6
2025-12-28,GTLS,0.89,4291200000.0,231.29,,1.763,71.23,,,,,,,,,,,,,,,None,194198000,194198000,,,,,,None,9914000,,,,,0.396,-0.32,26679000,36593000,3.1,2013-03-31,14.2,,1450800000.0,79450000,22688000,6580000,,,None,3991000,None,,None,,,,,15535000,15516000,None,None,0.177,,52099000,27351000,,,,,-4663000,,,,,0.612,2.89,2.156,,,,,,,,0.0155,,,2025-10-29,quarterly,2.78,USD,pre-market,0,,0.0466,0.0253,0.036,96.81,47204000,,,,177.72,202.84,-10.3226,,,,,,,273648000,,231.29,,220.03,104.6
2025-12-28,GTLS,0.89,4291200000.0,231.29,,1.763,71.23,,,,,,,,,,,,,,,None,218393000,218393000,,,,,,None,9425000,,,,,0.396,-0.32,32891000,42316000,3.1,2012-12-31,14.2,,1450800000.0,85465000,28869000,7718000,,,None,4022000,None,,None,,,,,20760000,21789000,None,None,0.177,,52628000,32837000,,,,,-3968000,,,,,0.612,2.89,2.156,,,,,,,,0.0155,,,2025-10-29,quarterly,2.78,USD,pre-market,14398000,,0.0466,0.0253,0.036,96.81,43138000,,,,177.72,202.84,-10.3226,,,,,,,303858000,,231.29,,220.03,104.6
2025-12-28,GTLS,0.89,4291200000.0,231.29,,1.763,71.23,,,,,,,,,,,,,,,None,176237000,176237000,,,,,,None,8213000,,,,,0.396,-0.32,31245000,39458000,3.1,2012-09-30,14.2,,1450800000.0,78012000,27239000,8354000,,,None,4006000,None,,None,,,,,18516000,18516000,None,None,0.177,,45980000,32032000,,,,,-4793000,,,,,0.612,2.89,2.156,,,,,,,,0.0155,,,2025-10-29,quarterly,2.78,USD,pre-market,0,,0.0466,0.0253,0.036,96.81,42170000,,,,177.72,202.84,-10.3226,,,,,,,254249000,,231.29,,220.03,104.6
2025-12-28,GTLS,0.89,4291200000.0,231.29,,1.763,71.23,,,,,,,,,,,,,,,None,165810000,165810000,,,,,,None,7335000,,,,,0.396,-0.32,30757000,38092000,3.1,2012-06-30,14.2,,1450800000.0,74129000,27068000,8932000,,,None,3689000,None,,None,,,,,17936000,17936000,None,None,0.177,,41046000,33083000,,,,,-6015000,,,,,0.612,2.89,2.156,,,,,,,,0.0155,,,2025-10-29,quarterly,2.78,USD,pre-market,0,,0.0466,0.0253,0.036,96.81,34726000,,,,177.72,202.84,-10.3226,,,,,,,239939000,,231.29,,220.03,104.6
2025-12-28,GTLS,0.89,4291200000.0,231.29,,1.763,71.23,,,,,,,,,,,,,,,None,148549000,148549000,,,,,,None,7223000,,,,,0.396,-0.32,23892000,31115000,3.1,2012-03-31,14.2,,1450800000.0,67557000,19930000,5778000,,,None,3962000,None,,None,,,,,14083000,14083000,None,None,0.177,,43696000,23861000,,,,,-3931000,,,,,0.612,2.89,2.156,,,,,,,,0.0155,,,2025-10-29,quarterly,2.78,USD,pre-market,0,,0.0466,0.0253,0.036,96.81,40626000,,,,177.72,202.84,-10.3226,,,,,,,216106000,,231.29,,220.03,104.6
2025-12-28,GTLS,0.89,4291200000.0,231.29,,1.763,71.23,,,,,,,,,,,,,,,None,155636000,155636000,,,,,,None,7505000,,,,,0.396,-0.32,20067000,27572000,3.1,2011-12-31,14.2,,1450800000.0,63999000,11054000,2738000,,,None,9013000,None,,None,,,,,8415000,8316000,None,None,0.177,,38844000,25155000,,,,,-28459000,,,,,0.612,2.89,2.156,,,,,,,,0.0155,,,2025-10-29,quarterly,2.78,USD,pre-market,4375000,,0.0466,0.0253,0.036,96.81,35209000,,,,177.72,202.84,-10.3226,,,,,,,219635000,,231.29,,220.03,104.6
2025-12-28,GTLS,0.89,4291200000.0,231.29,,1.763,71.23,,,,,,,,,,,,,,,None,144680000,144680000,,,,,,None,7021000,,,,,0.396,-0.32,30988000,38009000,3.1,2011-09-30,14.2,,1450800000.0,66631000,24627000,7122000,,,None,6361000,None,,None,,,,,17540000,17505000,None,None,0.177,,37588000,29043000,,,,,1945000,,,,,0.612,2.89,2.156,,,,,,,,0.0155,,,2025-10-29,quarterly,2.78,USD,pre-market,0,,0.0466,0.0253,0.036,96.81,34127000,,,,177.72,202.84,-10.3226,,,,,,,211311000,,231.29,,220.03,104.6
2025-12-28,GTLS,0.89,4291200000.0,231.29,,1.763,71.23,,,,,,,,,,,,,,,None,138368000,138368000,,,,,,None,6737000,,,,,0.396,-0.32,20549000,27286000,3.1,2011-06-30,14.2,,1450800000.0,62330000,16486000,5466000,,,None,4063000,None,,None,,,,,10591000,11020000,None,None,0.177,,40841000,21489000,,,,,-940000,,,,,0.612,2.89,2.156,,,,,,,,0.0155,,,2025-10-29,quarterly,2.78,USD,pre-market,0,,0.0466,0.0253,0.036,96.81,36337000,,,,177.72,202.84,-10.3226,,,,,,,200698000,,231.29,,220.03,104.6
2025-12-28,GTLS,0.89,4291200000.0,231.29,,1.763,71.23,,,,,,,,,,,,,,,None,110455000,110455000,,,,,,None,6652000,,,,,0.396,-0.32,14741000,21393000,3.1,2011-03-31,14.2,,1450800000.0,52486000,10807000,3404000,,,None,3934000,None,,None,,,,,7530000,7403000,None,None,0.177,,38179000,14307000,,,,,434000,,,,,0.612,2.89,2.156,,,,,,,,0.0155,,,2025-10-29,quarterly,2.78,USD,pre-market,0,,0.0466,0.0253,0.036,96.81,34862000,,,,177.72,202.84,-10.3226,,,,,,,162941000,,231.29,,220.03,104.6
2025-12-28,GTLS,0.89,4291200000.0,231.29,,1.763,71.23,,,,,,,,,,,,,,,None,108191000,108191000,,,,,,None,6002000,,,,,0.396,-0.32,18563000,24565000,3.1,2010-12-31,14.2,,1450800000.0,50647000,14309000,4346000,,,None,3878000,None,,None,,,,,9802000,0,None,None,0.177,,32548000,18099000,,,,,None,,,,,0.612,2.89,2.156,,,,,,,,0.0155,,,2025-10-29,quarterly,2.78,USD,pre-market,3858000,,0.0466,0.0253,0.036,96.81,29262000,,,,177.72,202.84,-10.3226,,,,,,,158838000,,231.29,,220.03,104.6
2025-12-28,GTLS,0.89,4291200000.0,231.29,,1.763,71.23,,,,,,,,,,,,,,,None,96404000,96404000,,,,,,None,5945000,,,,,0.396,-0.32,13012000,18957000,3.1,2010-09-30,14.2,,1450800000.0,42801000,8935000,2270000,,,None,4077000,None,,None,,,,,6575000,6665000,None,None,0.177,,29562000,13239000,,,,,-227000,,,,,0.612,2.89,2.156,,,,,,,,0.0155,,,2025-10-29,quarterly,2.78,USD,pre-market,0,,0.0466,0.0253,0.036,96.81,26225000,,,,177.72,202.84,-10.3226,,,,,,,139205000,,231.29,,220.03,104.6
2025-12-28,GTLS,0.89,4291200000.0,231.29,,1.763,71.23,,,,,,,,,,,,,,,None,101569000,101569000,,,,,,None,5853000,,,,,0.396,-0.32,9263000,15116000,3.1,2010-06-30,14.2,,1450800000.0,37575000,3278000,820000,,,None,4181000,None,,None,,,,,2399000,2458000,None,None,0.177,,29012000,8563000,,,,,-1104000,,,,,0.612,2.89,2.156,,,,,,,,0.0155,,,2025-10-29,quarterly,2.78,USD,pre-market,0,,0.0466,0.0253,0.036,96.81,25529000,,,,177.72,202.84,-10.3226,,,,,,,139144000,,231.29,,220.03,104.6
2025-12-28,GTLS,0.89,4291200000.0,231.29,,1.763,71.23,,,,,,,,,,,,,,,None,83929000,83929000,,,,,,None,5777000,,,,,0.396,-0.32,7603000,13380000,3.1,2010-03-31,14.2,,1450800000.0,34276000,1976000,557000,,,None,4060000,None,,None,,,,,1384000,0,None,None,0.177,,26673000,7603000,,,,,None,,,,,0.612,2.89,2.156,,,,,,,,0.0155,,,2025-10-29,quarterly,2.78,USD,pre-market,0,,0.0466,0.0253,0.036,96.81,23957000,,,,177.72,202.84,-10.3226,,,,,,,118205000,,231.29,,220.03,104.6
2025-12-28,GTLS,0.89,4291200000.0,231.29,,1.763,71.23,,,,,,,,,,,,,,,None,84933000,84933000,,,,,,None,5475000,,,,,0.396,-0.32,15855000,21330000,3.1,2009-12-31,14.2,,1450800000.0,43918000,17702000,2131000,,,None,4059000,None,,None,,,,,15524000,0,None,None,0.177,,28959000,14959000,,,,,None,,,,,0.612,2.89,2.156,,,,,,,,0.0155,,,2025-10-29,quarterly,2.78,USD,pre-market,3256000,,0.0466,0.0253,0.036,96.81,25359000,,,,177.72,202.84,-10.3226,,,,,,,128851000,,231.29,,220.03,104.6
2025-12-28,GTLS,0.89,4291200000.0,231.29,,1.763,71.23,,,,,,,,,,,,,,,None,89392000,89392000,,,,,,None,5399000,,,,,0.396,-0.32,15798000,21197000,3.1,2009-09-30,14.2,,1450800000.0,39374000,11740000,3513000,,,None,4352000,None,,None,,,,,8248000,0,None,None,0.177,,23410000,15964000,,,,,None,,,,,0.612,2.89,2.156,,,,,,,,0.0155,,,2025-10-29,quarterly,2.78,USD,pre-market,0,,0.0466,0.0253,0.036,96.81,20831000,,,,177.72,202.84,-10.3226,,,,,,,128766000,,231.29,,220.03,104.6
2025-12-28,GTLS,0.89,4291200000.0,231.29,,1.763,71.23,,,,,,,,,,,,,,,None,100781000,100781000,,,,,,None,5270000,,,,,0.396,-0.32,29829000,35099000,3.1,2009-06-30,14.2,,1450800000.0,55923000,25945000,8180000,,,None,3968000,None,,None,,,,,17776000,0,None,None,0.177,,26594000,29329000,,,,,None,,,,,0.612,2.89,2.156,,,,,,,,0.0155,,,2025-10-29,quarterly,2.78,USD,pre-market,0,,0.0466,0.0253,0.036,96.81,23478000,,,,177.72,202.84,-10.3226,,,,,,,156704000,,231.29,,220.03,104.6
2025-12-28,GTLS,0.89,4291200000.0,231.29,,1.763,71.23,,,,,,,,,,,,,,,None,117526000,117526000,,,,,,None,5268000,,,,,0.396,-0.32,34081000,39349000,3.1,2009-03-31,14.2,,1450800000.0,62666000,29154000,9562000,,,None,3842000,None,,None,,,,,19462000,0,None,None,0.177,,28585000,34081000,,,,,None,,,,,0.612,2.89,2.156,,,,,,,,0.0155,,,2025-10-29,quarterly,2.78,USD,pre-market,0,,0.0466,0.0253,0.036,96.81,25934000,,,,177.72,202.84,-10.3226,,,,,,,180192000,,231.29,,220.03,104.6
2025-12-28,GTLS,0.89,4291200000.0,231.29,,1.763,71.23,,,,,,,,,,,,,,,None,130190000,130190000,,,,,,None,5467000,,,,,0.396,-0.32,35658000,41125000,3.1,2008-12-31,14.2,,1450800000.0,57284000,27774000,5918000,,,None,4712000,None,,None,,,,,21674000,0,None,None,0.177,,21626000,35658000,,,,,None,,,,,0.612,2.89,2.156,,,,,,,,0.0155,,,2025-10-29,quarterly,2.78,USD,pre-market,5927000,,0.0466,0.0253,0.036,96.81,24648000,,,,177.72,202.84,-10.3226,,,,,,,187474000,,231.29,,220.03,104.6
2025-12-28,GTLS,0.89,4291200000.0,231.29,,1.763,71.23,,,,,,,,,,,,,,,None,122644000,122644000,,,,,,None,5668000,,,,,0.396,-0.32,36654000,42322000,3.1,2008-09-30,14.2,,1450800000.0,66164000,29352000,8806000,,,None,5249000,None,,None,,,,,20402000,0,None,None,0.177,,29510000,36654000,,,,,None,,,,,0.612,2.89,2.156,,,,,,,,0.0155,,,2025-10-29,quarterly,2.78,USD,pre-market,0,,0.0466,0.0253,0.036,96.81,26780000,,,,177.72,202.84,-10.3226,,,,,,,188808000,,231.29,,220.03,104.6
2025-12-28,GTLS,0.89,4291200000.0,231.29,,1.763,71.23,,,,,,,,,,,,,,,None,133752000,133752000,,,,,,None,5298000,,,,,0.396,-0.32,34833000,40131000,3.1,2008-06-30,14.2,,1450800000.0,64000000,31351000,9192000,,,None,4529000,None,,None,,,,,22192000,0,None,None,0.177,,29167000,34833000,,,,,None,,,,,0.612,2.89,2.156,,,,,,,,0.0155,,,2025-10-29,quarterly,2.78,USD,pre-market,0,,0.0466,0.0253,0.036,96.81,26345000,,,,177.72,202.84,-10.3226,,,,,,,197752000,,231.29,,220.03,104.6
2025-12-28,GTLS,0.89,4291200000.0,231.29,,1.763,71.23,,,,,,,,,,,,,,,None,118388000,118388000,,,,,,None,4880000,,,,,0.396,-0.32,26208000,31088000,3.1,2008-03-31,14.2,,1450800000.0,51941000,21200000,6573000,,,None,5158000,None,,None,,,,,14656000,0,None,None,0.177,,25733000,26208000,,,,,None,,,,,0.612,2.89,2.156,,,,,,,,0.0155,,,2025-10-29,quarterly,2.78,USD,pre-market,0,,0.0466,0.0253,0.036,96.81,23075000,,,,177.72,202.84,-10.3226,,,,,,,170329000,,231.29,,220.03,104.6
2025-12-28,GTLS,0.89,4291200000.0,231.29,,1.763,71.23,,,,,,,,,,,,,,,None,129641000,129641000,,,,,,None,5449000,,,,,0.396,-0.32,26751000,32200000,3.1,2007-12-31,14.2,,1450800000.0,53034000,21369000,4951000,,,None,23820000,None,,None,,,,,16418000,0,None,None,0.177,,26303000,26731000,,,,,None,,,,,0.612,2.89,2.156,,,,,,,,0.0155,,,2025-10-29,quarterly,2.78,USD,pre-market,5730000,,0.0466,0.0253,0.036,96.81,23683000,,,,177.72,202.84,-10.3226,,,,,,,182675000,,231.29,,220.03,104.6
2025-12-28,GTLS,0.89,4291200000.0,231.29,,1.763,71.23,,,,,,,,,,,,,,,None,118280000,118280000,,,,,,None,4909000,,,,,0.396,-0.32,21549000,26458000,3.1,2007-09-30,14.2,,1450800000.0,45390000,16424000,4312000,,,None,5518000,None,,None,,,,,12112000,0,None,None,0.177,,23976000,21414000,,,,,None,,,,,0.612,2.89,2.156,,,,,,,,0.0155,,,2025-10-29,quarterly,2.78,USD,pre-market,0,,0.0466,0.0253,0.036,96.81,20769000,,,,177.72,202.84,-10.3226,,,,,,,163670000,,231.29,,220.03,104.6
2025-12-28,GTLS,0.89,4291200000.0,231.29,,1.763,71.23,,,,,,,,,,,,,,,None,116329000,116329000,,,,,,None,5003000,,,,,0.396,-0.32,19799000,24802000,3.1,2007-06-30,14.2,,1450800000.0,51258000,12791000,4343000,,,None,6374000,None,,None,,,,,8448000,0,None,None,0.177,,31509000,19749000,,,,,None,,,,,0.612,2.89,2.156,,,,,,,,0.0155,,,2025-10-29,quarterly,2.78,USD,pre-market,0,,0.0466,0.0253,0.036,96.81,28753000,,,,177.72,202.84,-10.3226,,,,,,,167587000,,231.29,,220.03,104.6
2025-12-28,GTLS,0.89,4291200000.0,231.29,,1.763,71.23,,,,,,,,,,,,,,,None,112604000,112604000,,,,,,None,4991000,,,,,0.396,-0.32,17386000,22377000,3.1,2007-03-31,14.2,,1450800000.0,39859000,10891000,3713000,,,None,6750000,None,,None,,,,,7178000,0,None,None,0.177,,22572000,17287000,,,,,None,,,,,0.612,2.89,2.156,,,,,,,,0.0155,,,2025-10-29,quarterly,2.78,USD,pre-market,0,,0.0466,0.0253,0.036,96.81,19445000,,,,177.72,202.84,-10.3226,,,,,,,152463000,,231.29,,220.03,104.6
2025-12-28,GTLS,0.89,4291200000.0,231.29,,1.763,71.23,,,,,,,,,,,,,,,None,102043000,102043000,,,,,,None,6066000,,,,,0.396,-0.32,19088000,25154000,3.1,2006-12-31,14.2,,1450800000.0,42379000,12791000,4182000,,,None,19176000,None,,None,,,,,8609000,0,None,None,0.177,,22987000,19392000,,,,,None,,,,,0.612,2.89,2.156,,,,,,,,0.0155,,,2025-10-29,quarterly,2.78,USD,pre-market,3876000,,0.0466,0.0253,0.036,96.81,19238000,,,,177.72,202.84,-10.3226,,,,,,,144422000,,231.29,,220.03,104.6
2025-12-28,GTLS,0.89,4291200000.0,231.29,,1.763,71.23,,,,,,,,,,,,,,,None,103385000,103385000,,,,,,None,6038000,,,,,0.396,-0.32,16942000,22980000,3.1,2006-09-30,14.2,,1450800000.0,39440000,10304000,3372000,,,None,6518000,None,,None,,,,,6932000,0,None,None,0.177,,22571000,16869000,,,,,None,,,,,0.612,2.89,2.156,,,,,,,,0.0155,,,2025-10-29,quarterly,2.78,USD,pre-market,0,,0.0466,0.0253,0.036,96.81,18208000,,,,177.72,202.84,-10.3226,,,,,,,142825000,,231.29,,220.03,104.6
2025-12-28,GTLS,0.89,4291200000.0,231.29,,1.763,71.23,,,,,,,,,,,,,,,None,93254000,93254000,,,,,,None,5151000,,,,,0.396,-0.32,14892000,20043000,3.1,2006-06-30,14.2,,1450800000.0,36113000,7818000,2510000,,,None,6955000,None,,None,,,,,5308000,0,None,None,0.177,,21290000,14823000,,,,,None,,,,,0.612,2.89,2.156,,,,,,,,0.0155,,,2025-10-29,quarterly,2.78,USD,pre-market,0,,0.0466,0.0253,0.036,96.81,21221000,,,,177.72,202.84,-10.3226,,,,,,,129367000,,231.29,,220.03,104.6
2025-12-28,GTLS,0.89,4291200000.0,231.29,,1.763,71.23,,,,,,,,,,,,,,,None,83853000,83853000,,,,,,None,5194000,,,,,0.396,-0.32,15948000,21142000,3.1,2006-03-31,14.2,,1450800000.0,36987000,9025000,2980000,,,None,6915000,None,,None,,,,,6045000,0,None,None,0.177,,21201000,15786000,,,,,None,,,,,0.612,2.89,2.156,,,,,,,,0.0155,,,2025-10-29,quarterly,2.78,USD,pre-market,0,,0.0466,0.0253,0.036,96.81,17468000,,,,177.72,202.84,-10.3226,,,,,,,120840000,,231.29,,220.03,104.6
2025-12-28,GTLS,0.89,4291200000.0,231.29,,1.763,71.23,,,,,,,,,,,,,,,None,-130014000,-130014000,,,,,,None,-1574000,,,,,0.396,-0.32,-30947000,-32521000,3.1,2005-12-31,14.2,,1450800000.0,-63012000,-34193000,-11921000,,,None,6131000,None,,None,,,,,-22187000,0,None,None,0.177,,-30352000,-32660000,,,,,None,,,,,0.612,2.89,2.156,,,,,,,,0.0155,,,2025-10-29,quarterly,2.78,USD,pre-market,3003000,,0.0466,0.0253,0.036,96.81,32453000,,,,177.72,202.84,-10.3226,,,,,,,-193026000,,231.29,,220.03,104.6
2025-12-28,GTLS,0.89,4291200000.0,231.29,,1.763,71.23,,,,,,,,,,,,,,,None,75686000,75686000,,,,,,None,2018000,,,,,0.396,-0.32,12506000,14524000,3.1,2005-09-30,14.2,,1450800000.0,30101000,10791000,3534000,,,None,1313000,None,,None,,,,,7228000,0,None,None,0.177,,17595000,12506000,,,,,None,,,,,0.612,2.89,2.156,,,,,,,,0.0155,,,2025-10-29,quarterly,2.78,USD,pre-market,0,,0.0466,0.0253,0.036,96.81,15507000,,,,177.72,202.84,-10.3226,,,,,,,105787000,,231.29,,220.03,104.6
2025-12-28,GTLS,0.89,4291200000.0,231.29,,1.763,71.23,,,,,,,,,,,,,,,None,2771500000,2771500000,,,,,,None,269900000,,,,,0.396,-0.32,647000000,916900000,3.1,2024-12-31,14.2,,1450800000.0,1388800000,314900000,78600000,,,None,339700000,None,,None,,,,,218500000,236300000,-328500000,None,0.177,,741300000,647500000,,,,,None,,,,,0.612,2.89,2.156,,,,,,,,0.0155,,,2025-10-29,annual,2.78,USD,pre-market,38300000,,0.0466,0.0253,0.036,96.81,547400000,,,,177.72,202.84,-10.3226,,,,,,,4160300000,,231.29,,220.03,104.6
2025-12-28,GTLS,0.89,4291200000.0,231.29,,1.763,71.23,,,,,,,,,,,,,,,None,2312100000,2312100000,,,,,,None,231100000,,,,,0.396,-0.32,347100000,578200000,3.1,2023-12-31,14.2,,1450800000.0,1040400000,60500000,3000000,,,None,289100000,None,,None,,,,,47300000,57500000,-289100000,None,0.177,,649700000,390700000,,,,,None,,,,,0.612,2.89,2.156,,,,,,,,0.0155,,,2025-10-29,annual,2.78,USD,pre-market,23300000,,0.0466,0.0253,0.036,96.81,479600000,,,,177.72,202.84,-10.3226,,,,,,,3352500000,,231.29,,220.03,104.6
2025-12-28,GTLS,0.89,4291200000.0,231.29,,1.763,71.23,,,,,,,,,,,,,,,None,1205000000,1205000000,,,,,,None,81900000,,,,,0.396,-0.32,130600000,212500000,3.1,2022-12-31,14.2,,1450800000.0,407400000,98500000,15900000,,,None,31700000,None,,None,,,,,24000000,82600000,-31700000,None,0.177,,255900000,151500000,,,,,-600000,,,,,0.612,2.89,2.156,,,,,,,,0.0155,,,2025-10-29,annual,2.78,USD,pre-market,13500000,,0.0466,0.0253,0.036,96.81,211000000,,,,177.72,202.84,-10.3226,,,,,,,1612400000,,231.29,,220.03,104.6
2025-12-28,GTLS,0.89,4291200000.0,231.29,,1.763,71.23,,,,,,,,,,,,,,,None,993500000,993500000,,,,,,None,80600000,,,,,0.396,-0.32,84800000,165400000,3.1,2021-12-31,14.2,,1450800000.0,324200000,74400000,13500000,,,None,19000000,None,,None,,,,,59100000,60900000,-19000000,None,0.177,,235700000,88500000,,,,,-9200000,,,,,0.612,2.89,2.156,,,,,,,,0.0155,,,2025-10-29,annual,2.78,USD,pre-market,12700000,,0.0466,0.0253,0.036,96.81,192900000,,,,177.72,202.84,-10.3226,,,,,,,1317700000,,231.29,,220.03,104.6
2025-12-28,GTLS,0.89,4291200000.0,231.29,,1.763,71.23,,,,,,,,,,,,,,,None,845000000,845000000,,,,,,None,85200000,,,,,0.396,-0.32,102900000,188100000,3.1,2020-12-31,14.2,,1450800000.0,332100000,85200000,14900000,,,None,22000000,None,,None,,,,,308100000,70300000,-22000000,None,0.177,,239900000,92200000,,,,,-2400000,,,,,0.612,2.89,2.156,,,,,,,,0.0155,,,2025-10-29,annual,2.78,USD,pre-market,9100000,,0.0466,0.0253,0.036,96.81,175500000,,,,177.72,202.84,-10.3226,,,,,,,1177100000,,231.29,,220.03,104.6
2025-12-28,GTLS,0.89,4291200000.0,231.29,,1.763,71.23,,,,,,,,,,,,,,,None,918000000,918000000,,,,,,None,78800000,,,,,0.396,-0.32,49300000,128100000,3.1,2019-12-31,14.2,,1450800000.0,297500000,34600000,2800000,,,None,17700000,28100000,,None,,,,,46400000,46800000,-28300000,None,0.177,,245500000,52000000,,,,,None,,,,,0.612,2.89,2.156,,,,,,,,0.0155,,,2025-10-29,annual,2.78,USD,pre-market,9200000,,0.0466,0.0253,0.036,96.81,212100000,,,,177.72,202.84,-10.3226,,,,,,,1215500000,,231.29,,220.03,104.6
2025-12-28,GTLS,0.89,4291200000.0,231.29,,1.763,71.23,,,,,,,,,,,,,,,None,744800000,744800000,,,,,,None,54700000,,,,,0.396,-0.32,63100000,117800000,3.1,2018-12-31,14.2,,1450800000.0,259100000,41700000,7200000,,,None,22700000,23100000,,None,,,,,88000000,55600000,-22700000,None,0.177,,194600000,64500000,,,,,-23100000,,,,,0.612,2.89,2.156,,,,,,,,0.0155,,,2025-10-29,annual,2.78,USD,pre-market,11100000,,0.0466,0.0253,0.036,96.81,178200000,,,,177.72,202.84,-10.3226,,,,,,,1003900000,,231.29,,220.03,104.6
2025-12-28,GTLS,0.89,4291200000.0,231.29,,1.763,71.23,,,,,,,,,,,,,,,None,611300000,611300000,,,,,,None,37600000,,,,,0.396,-0.32,28400000,66000000,3.1,2017-12-31,14.2,,1450800000.0,231600000,11100000,-16600000,,,None,18600000,22500000,,None,,,,,28000000,29500000,-20700000,None,0.177,,193100000,38500000,,,,,-28400000,,,,,0.612,2.89,2.156,,,,,,,,0.0155,,,2025-10-29,annual,2.78,USD,pre-market,7100000,,0.0466,0.0253,0.036,96.81,210900000,,,,177.72,202.84,-10.3226,,,,,,,842900000,,231.29,,220.03,104.6
2025-12-28,GTLS,0.89,4291200000.0,231.29,,1.763,71.23,,,,,,,,,,,,,,,None,512300000,512300000,,,,,,None,33100000,,,,,0.396,-0.32,39200000,72300000,3.1,2016-12-31,14.2,,1450800000.0,209700000,24100000,10600000,,,None,18622000,16900000,,None,,,,,28200000,24697000,-18622000,None,0.177,,168700000,41000000,,,,,-18973000,,,,,0.612,2.89,2.156,,,,,,,,0.0155,,,2025-10-29,annual,2.78,USD,pre-market,18097000,,0.0466,0.0253,0.036,96.81,192111000,,,,177.72,202.84,-10.3226,,,,,,,722000000,,231.29,,220.03,104.6
2025-12-28,GTLS,0.89,4291200000.0,231.29,,1.763,71.23,,,,,,,,,,,,,,,None,751700000,751700000,,,,,,None,45400000,,,,,0.396,-0.32,-185800000,-140400000,3.1,2015-12-31,14.2,,1450800000.0,288500000,-201800000,2700000,,,None,17261000,18609000,,None,,,,,-203000000,-204516000,None,None,0.177,,471700000,-183200000,,,,,-18609000,,,,,0.612,2.89,2.156,,,,,,,,0.0155,,,2025-10-29,annual,2.78,USD,pre-market,15842000,,0.0466,0.0253,0.036,96.81,195694000,,,,177.72,202.84,-10.3226,,,,,,,1040200000,,231.29,,220.03,104.6
2025-12-28,GTLS,0.89,4291200000.0,231.29,,1.763,71.23,,,,,,,,,,,,,,,None,835098000,835098000,,,,,,None,43176000,,,,,0.396,-0.32,135795000,178971000,3.1,2014-12-31,14.2,,1450800000.0,357854000,119164000,36092000,,,None,18023000,None,,None,,,,,81864000,83072000,None,None,0.177,,219697000,138157000,,,,,-18993000,,,,,0.612,2.89,2.156,,,,,,,,0.0155,,,2025-10-29,annual,2.78,USD,pre-market,15588000,,0.0466,0.0253,0.036,96.81,197838000,,,,177.72,202.84,-10.3226,,,,,,,1192952000,,231.29,,220.03,104.6
2025-12-28,GTLS,0.89,4291200000.0,231.29,,1.763,71.23,,,,,,,,,,,,,,,None,825715000,825715000,,,,,,None,40389000,,,,,0.396,-0.32,134933000,175322000,3.1,2013-12-31,14.2,,1450800000.0,351723000,118658000,31296000,,,None,17581000,None,,None,,,,,83176000,87362000,None,None,0.177,,215726000,135997000,,,,,-17339000,,,,,0.612,2.89,2.156,,,,,,,,0.0155,,,2025-10-29,annual,2.78,USD,pre-market,14941000,,0.0466,0.0253,0.036,96.81,191981000,,,,177.72,202.84,-10.3226,,,,,,,1177438000,,231.29,,220.03,104.6
2025-12-28,GTLS,0.89,4291200000.0,231.29,,1.763,71.23,,,,,,,,,,,,,,,None,708989000,708989000,,,,,,None,32196000,,,,,0.396,-0.32,118785000,150981000,3.1,2012-12-31,14.2,,1450800000.0,305163000,103106000,30782000,,,None,17209000,None,,None,,,,,71295000,72324000,None,None,0.177,,183350000,121813000,,,,,-18707000,,,,,0.612,2.89,2.156,,,,,,,,0.0155,,,2025-10-29,annual,2.78,USD,pre-market,14398000,,0.0466,0.0253,0.036,96.81,160660000,,,,177.72,202.84,-10.3226,,,,,,,1014152000,,231.29,,220.03,104.6
2025-12-28,GTLS,0.89,4291200000.0,231.29,,1.763,71.23,,,,,,,,,,,,,,,None,549139000,549139000,,,,,,None,27915000,,,,,0.396,-0.32,86345000,114260000,3.1,2011-12-31,14.2,,1450800000.0,245446000,62974000,18730000,,,None,24754000,None,,None,,,,,44076000,44244000,None,None,0.177,,155452000,89994000,,,,,-27020000,,,,,0.612,2.89,2.156,,,,,,,,0.0155,,,2025-10-29,annual,2.78,USD,pre-market,4375000,,0.0466,0.0253,0.036,96.81,140535000,,,,177.72,202.84,-10.3226,,,,,,,794585000,,231.29,,220.03,104.6
2025-12-28,GTLS,0.89,4291200000.0,231.29,,1.763,71.23,,,,,,,,,,,,,,,None,390156000,390156000,,,,,,None,23577000,,,,,0.396,-0.32,44694000,68271000,3.1,2010-12-31,14.2,,1450800000.0,165299000,28498000,7993000,,,None,19259000,None,,None,,,,,20160000,20505000,None,None,0.177,,117795000,47504000,,,,,-2810000,,,,,0.612,2.89,2.156,,,,,,,,0.0155,,,2025-10-29,annual,2.78,USD,pre-market,3858000,,0.0466,0.0253,0.036,96.81,104973000,,,,177.72,202.84,-10.3226,,,,,,,555455000,,231.29,,220.03,104.6
2025-12-28,GTLS,0.89,4291200000.0,231.29,,1.763,71.23,,,,,,,,,,,,,,,None,395577000,395577000,,,,,,None,21412000,,,,,0.396,-0.32,95564000,116976000,3.1,2009-12-31,14.2,,1450800000.0,201881000,84542000,23386000,,,None,17433000,None,,None,,,,,61011000,None,None,None,0.177,,107547000,94334000,,,,,None,,,,,0.612,2.89,2.156,,,,,,,,0.0155,,,2025-10-29,annual,2.78,USD,pre-market,3256000,,0.0466,0.0253,0.036,96.81,95601000,,,,177.72,202.84,-10.3226,,,,,,,597458000,,231.29,,220.03,104.6
2025-12-28,GTLS,0.89,4291200000.0,231.29,,1.763,71.23,,,,,,,,,,,,,,,None,504975000,504975000,,,,,,None,21313000,,,,,0.396,-0.32,133353000,154666000,3.1,2008-12-31,14.2,,1450800000.0,239388000,109595000,30489000,,,None,19810000,None,,None,,,,,78924000,None,None,None,0.177,,106035000,133353000,,,,,None,,,,,0.612,2.89,2.156,,,,,,,,0.0155,,,2025-10-29,annual,2.78,USD,pre-market,5927000,,0.0466,0.0253,0.036,96.81,100847000,,,,177.72,202.84,-10.3226,,,,,,,744363000,,231.29,,220.03,104.6
2025-12-28,GTLS,0.89,4291200000.0,231.29,,1.763,71.23,,,,,,,,,,,,,,,None,476854000,476854000,,,,,,None,18706000,,,,,0.396,-0.32,85485000,104191000,3.1,2007-12-31,14.2,,1450800000.0,189541000,61319000,17319000,,,None,23820000,None,,None,,,,,44156000,None,None,None,0.177,,104360000,85181000,,,,,None,,,,,0.612,2.89,2.156,,,,,,,,0.0155,,,2025-10-29,annual,2.78,USD,pre-market,5730000,,0.0466,0.0253,0.036,96.81,92650000,,,,177.72,202.84,-10.3226,,,,,,,666395000,,231.29,,220.03,104.6
2025-12-28,GTLS,0.89,4291200000.0,231.29,,1.763,71.23,,,,,,,,,,,,,,,None,382535000,382535000,,,,,,None,22449000,,,,,0.396,-0.32,66871000,89320000,3.1,2006-12-31,14.2,,1450800000.0,154919000,39939000,13044000,,,None,26997000,None,,None,,,,,26895000,None,None,None,0.177,,88048000,66871000,,,,,None,,,,,0.612,2.89,2.156,,,,,,,,0.0155,,,2025-10-29,annual,2.78,USD,pre-market,3876000,,0.0466,0.0253,0.036,96.81,72610000,,,,177.72,202.84,-10.3226,,,,,,,537454000,,231.29,,220.03,104.6
2025-12-28,GTLS,0.89,4291200000.0,231.29,,1.763,71.23,,,,,,,,,,,,,,,None,75733000,75733000,,,,,,None,4396000,,,,,0.396,-0.32,5209000,9605000,3.1,2005-12-31,14.2,,1450800000.0,21919000,-947000,-441000,,,None,25604000,None,,None,,,,,-506000,None,None,None,0.177,,16849000,5070000,,,,,None,,,,,0.612,2.89,2.156,,,,,,,,0.0155,,,2025-10-29,annual,2.78,USD,pre-market,3003000,,0.0466,0.0253,0.036,96.81,75358000,,,,177.72,202.84,-10.3226,,,,,,,97652000,,231.29,,220.03,104.6
2025-12-28,GTLS,0.89,4291200000.0,231.29,None,1.763,71.23,,None,399200000,399200000,,,,,,,,,500000,45150000,None,75733000,75733000,1202400000,None,None,1744500000,None,None,4396000,,,,,0.396,-0.32,5209000,9605000,3.1,2025-09-30,14.2,3060800000,1450800000.0,21919000,-947000,-441000,2555500000,2555500000,None,25604000,None,514200000,None,None,3649300000,None,None,-506000,None,None,None,0.177,,16849000,5070000,201100000,496500000,None,191600000,None,,,,,0.612,2.89,2.156,,,,,,,,0.0155,,None,2025-10-29,quarterly,2.78,USD,pre-market,3003000,1080200000,0.0466,0.0253,0.036,96.81,75358000,3649300000,None,None,177.72,202.84,-10.3226,9789800000,2859000000,2038200000,6421600000,6930800000,4383400000,97652000,3202100000,231.29,None,220.03,104.6
2025-12-28,GTLS,0.89,4291200000.0,231.29,None,1.763,71.23,,None,342300000,342300000,,,,,,,,,500000,45150000,None,75733000,75733000,1183400000,None,None,1730500000,None,None,4396000,,,,,0.396,-0.32,5209000,9605000,3.1,2025-06-30,14.2,3066600000,1450800000.0,21919000,-947000,-441000,2617000000,2617000000,None,25604000,None,498700000,None,None,3667200000,None,None,-506000,None,None,None,0.177,,16849000,5070000,214800000,254500000,None,188900000,None,,,,,0.612,2.89,2.156,,,,,,,,0.0155,,None,2025-10-29,quarterly,2.78,USD,pre-market,3003000,1225300000,0.0466,0.0253,0.036,96.81,75358000,3775100000,28200000,None,177.72,202.84,-10.3226,9719000000,2786300000,1802300000,6205100000,6932700000,4404300000,97652000,3352200000,231.29,None,220.03,104.6
2025-12-28,GTLS,0.89,4291200000.0,231.29,None,1.763,71.23,,None,296200000,296200000,,,,,,,,,500000,45200000,None,75733000,75733000,1064100000,None,None,1572000000,None,None,4396000,,,,,0.396,-0.32,5209000,9605000,3.1,2025-03-31,14.2,2950200000,1450800000.0,21919000,-947000,-441000,2550000000,2550000000,None,25604000,None,505700000,None,None,3727600000,None,None,-506000,None,None,None,0.177,,16849000,5070000,203400000,319900000,None,165100000,None,,,,,0.612,2.89,2.156,,,,,,,,0.0155,,None,2025-10-29,quarterly,2.78,USD,pre-market,3003000,1156100000,0.0466,0.0253,0.036,96.81,75358000,3727600000,1400000,None,177.72,202.84,-10.3226,9313300000,2577300000,1709400000,6146700000,6736000000,4437300000,97652000,2996900000,231.29,None,220.03,104.6
2025-12-28,GTLS,0.89,4291200000.0,231.29,None,1.763,71.23,,None,308600000,308600000,,,,,,,,,500000,46020000,None,75733000,75733000,1058900000,None,900000,1487400000,None,None,4396000,,,,,0.396,-0.32,5209000,9605000,3.1,2024-12-31,14.2,2899900000,1450800000.0,21919000,-947000,-441000,2540600000,2540600000,None,25604000,None,490500000,None,None,3640700000,None,None,-506000,None,None,None,0.177,,16849000,5070000,178900000,367800000,None,153300000,None,,,,,0.612,2.89,2.156,,,,,,,,0.0155,,None,2025-10-29,quarterly,2.78,USD,pre-market,3003000,1113400000,0.0466,0.0253,0.036,96.81,75358000,3641600000,900000,None,177.72,202.84,-10.3226,9123900000,2465400000,1789800000,6128700000,6658500000,4338900000,97652000,2828800000,231.29,None,220.03,104.6
2025-12-28,GTLS,0.89,4291200000.0,231.29,None,1.763,71.23,,82100000,310200000,310200000,,,,,,,,,400000,46670000,None,75733000,75733000,1010100000,None,260700000,1485800000,None,None,4396000,,,,,0.396,-0.32,5209000,9605000,3.1,2024-09-30,14.2,2987700000,1450800000.0,21919000,-947000,-441000,2660400000,2660400000,None,25604000,None,539400000,None,None,3623900000,None,220100000,-506000,None,None,None,0.177,,16849000,5070000,212900000,290800000,None,96100000,None,,,,,0.612,2.89,2.156,,,,,,,,0.0155,,None,2025-10-29,quarterly,2.78,USD,pre-market,3003000,1040600000,0.0466,0.0253,0.036,96.81,75358000,3966700000,281100000,None,177.72,202.84,-10.3226,9498400000,2548300000,2002400000,6363000000,6950100000,4360600000,97652000,2971200000,231.29,None,220.03,104.6
2025-12-28,GTLS,0.89,4291200000.0,231.29,None,1.763,71.23,,68700000,247400000,247400000,,,,,,,,,400000,47250000,None,75733000,75733000,906300000,None,259800000,1409900000,None,None,4396000,,,,,0.396,-0.32,5209000,9605000,3.1,2024-06-30,14.2,2929600000,1450800000.0,21919000,-947000,-441000,2645400000,2645400000,None,25604000,None,554600000,None,None,3729000000,None,206600000,-506000,None,None,None,0.177,,16849000,5070000,232800000,324200000,None,86900000,None,,,,,0.612,2.89,2.156,,,,,,,,0.0155,,None,2025-10-29,quarterly,2.78,USD,pre-market,3003000,978300000,0.0466,0.0253,0.036,96.81,75358000,4057500000,278400000,None,177.72,202.84,-10.3226,9277500000,2444700000,1926200000,6368400000,6832800000,4442200000,97652000,2749100000,231.29,None,220.03,104.6
2025-12-28,GTLS,0.89,4291200000.0,231.29,None,1.763,71.23,,71000000,191900000,191900000,,,,,,,,,400000,46740000,None,75733000,75733000,868800000,None,259900000,1353200000,None,None,4396000,,,,,0.396,-0.32,5209000,9605000,3.1,2024-03-31,14.2,2948800000,1450800000.0,21919000,-947000,-441000,2711300000,2711300000,None,25604000,None,572300000,None,None,3731800000,None,202000000,-506000,None,None,None,0.177,,16849000,5070000,253900000,303700000,None,96200000,None,,,,,0.612,2.89,2.156,,,,,,,,0.0155,,None,2025-10-29,quarterly,2.78,USD,pre-market,3003000,926500000,0.0466,0.0253,0.036,96.81,75358000,4062700000,278800000,None,177.72,202.84,-10.3226,9247900000,2371300000,1893700000,6353600000,6876600000,4459900000,97652000,2738500000,231.29,None,220.03,104.6
2025-12-28,GTLS,0.89,4291200000.0,231.29,None,1.763,71.23,,69200000,188300000,188300000,,,,,,,,,400000,46740000,None,75733000,75733000,811000000,None,258500000,1240600000,None,None,4396000,,,,,0.396,-0.32,5209000,9605000,3.1,2023-12-31,14.2,2906800000,1450800000.0,21919000,-947000,-441000,2791900000,2791900000,None,25604000,None,576300000,None,None,3576400000,None,201100000,-506000,None,None,None,0.177,,16849000,5070000,209200000,341600000,None,95200000,None,,,,,0.612,2.89,2.156,,,,,,,,0.0155,,None,2025-10-29,quarterly,2.78,USD,pre-market,3003000,922100000,0.0466,0.0253,0.036,96.81,75358000,3904100000,277000000,None,177.72,202.84,-10.3226,9102400000,2214400000,1866200000,6163400000,6888000000,4297200000,97652000,2786500000,231.29,None,220.03,104.6
2025-12-28,GTLS,0.89,4291200000.0,231.29,None,1.763,71.23,,66400000,147100000,147100000,,,,,,,,,400000,41980000,None,75733000,75733000,721700000,None,277100000,1182800000,None,None,4396000,,,,,0.396,-0.32,5209000,9605000,3.1,2023-09-30,14.2,2809300000,1450800000.0,21919000,-947000,-441000,2812200000,2812200000,None,25604000,None,613300000,None,None,3799900000,None,209600000,-506000,None,None,None,0.177,,16849000,5070000,312600000,285600000,None,660000000,None,,,,,0.612,2.89,2.156,,,,,,,,0.0155,,815500000,2025-10-29,quarterly,2.78,USD,pre-market,3003000,879100000,0.0466,0.0253,0.036,96.81,75358000,4143400000,293500000,-90600000,177.72,202.84,-10.3226,9020200000,2255800000,1802800000,6262700000,6764400000,4459900000,97652000,2625900000,231.29,None,220.03,104.6
2025-12-28,GTLS,0.89,4291200000.0,231.29,None,1.763,71.23,,71000000,189800000,189800000,,,,,,,,,400000,46450000,None,75733000,75733000,703800000,None,278200000,769700000,None,None,4396000,,,,,0.396,-0.32,5209000,9605000,3.1,2023-06-30,14.2,2827800000,1450800000.0,21919000,-947000,-441000,2913400000,2913400000,None,25604000,None,634600000,None,None,4039500000,None,210500000,-506000,None,None,None,0.177,,16849000,5070000,641600000,377600000,None,101700000,None,,,,,0.612,2.89,2.156,,,,,,,,0.0155,,None,2025-10-29,quarterly,2.78,USD,pre-market,3003000,882500000,0.0466,0.0253,0.036,96.81,75358000,4334300000,294800000,-89900000,177.72,202.84,-10.3226,9407500000,2248200000,1845500000,6600300000,7159300000,4754800000,97652000,2807200000,231.29,None,220.03,104.6
2025-12-28,GTLS,0.89,4291200000.0,231.29,None,1.763,71.23,,66300000,166900000,166900000,,,,,,,,,400000,41940000,None,75733000,75733000,670100000,None,273400000,747100000,None,None,4396000,,,,,0.396,-0.32,5209000,9605000,3.1,2023-03-31,14.2,2912800000,1450800000.0,21919000,-947000,-441000,3105800000,3105800000,None,25604000,None,601800000,None,None,4051600000,None,199300000,-506000,None,None,None,0.177,,16849000,5070000,714000000,369900000,None,757700000,None,,,,,0.612,2.89,2.156,,,,,,,,0.0155,,None,2025-10-29,quarterly,2.78,USD,pre-market,3003000,894100000,0.0466,0.0253,0.036,96.81,75358000,4339300000,287700000,None,177.72,202.84,-10.3226,9297400000,2232300000,1781200000,6590500000,7065000000,4809300000,97652000,2706900000,231.29,None,220.03,104.6
2025-12-28,GTLS,0.89,4291200000.0,231.29,None,1.763,71.23,,21000000,663600000,663600000,,,,,,,,,400000,37420000,None,75733000,75733000,211100000,None,256900000,646500000,None,None,4396000,,,,,0.396,-0.32,5209000,9605000,3.1,2022-12-31,14.2,992000000,1450800000.0,21919000,-947000,-441000,535300000,535300000,None,25604000,None,357900000,None,None,2039800000,None,189500000,-506000,None,None,None,0.177,,16849000,5070000,2022900000,434100000,None,50100000,None,,,,,0.612,2.89,2.156,,,,,,,,0.0155,,430000000,2025-10-29,quarterly,2.78,USD,pre-market,3003000,902200000,0.0466,0.0253,0.036,96.81,75358000,2317700000,262300000,None,177.72,202.84,-10.3226,5901900000,3690900000,1081600000,3217600000,2211000000,2136000000,97652000,2675500000,231.29,None,220.03,104.6
2025-12-28,GTLS,0.89,4291200000.0,231.29,None,1.763,71.23,,21700000,89500000,89500000,,,,,,,,,400000,41860000,None,75733000,75733000,206100000,None,256700000,395800000,None,None,4396000,,,,,0.396,-0.32,5209000,9605000,3.1,2022-09-30,14.2,977300000,1450800000.0,21919000,-947000,-441000,535500000,535500000,None,25604000,None,357500000,None,None,580800000,None,158600000,-506000,None,None,None,0.177,,16849000,5070000,86700000,86300000,None,49700000,None,,,,,0.612,2.89,2.156,,,,,,,,0.0155,,407100000,2025-10-29,quarterly,2.78,USD,pre-market,3003000,942600000,0.0466,0.0253,0.036,96.81,75358000,859200000,262000000,None,177.72,202.84,-10.3226,3069200000,929500000,754900000,1443300000,2139700000,688400000,97652000,1617400000,231.29,None,220.03,104.6
2025-12-28,GTLS,0.89,4291200000.0,231.29,None,1.763,71.23,,22600000,149700000,149700000,,,,,,,,,400000,41560000,None,75733000,75733000,213400000,None,256400000,409300000,None,None,4396000,,,,,0.396,-0.32,5209000,9605000,3.1,2022-06-30,14.2,984900000,1450800000.0,21919000,-947000,-441000,549400000,549400000,None,25604000,None,363000000,None,None,666400000,None,97000000,-506000,None,None,None,0.177,,16849000,5070000,90400000,88400000,None,53000000,None,,,,,0.612,2.89,2.156,,,,,,,,0.0155,,407200000,2025-10-29,quarterly,2.78,USD,pre-market,3003000,901400000,0.0466,0.0253,0.036,96.81,75358000,945400000,261800000,None,177.72,202.84,-10.3226,3167600000,1012400000,775200000,1553600000,2155200000,778400000,97652000,1605400000,231.29,None,220.03,104.6
2025-12-28,GTLS,0.89,4291200000.0,231.29,None,1.763,71.23,,24500000,99700000,99700000,,,,,,,,,400000,40790000,None,75733000,75733000,185100000,None,256200000,379000000,None,None,4396000,,,,,0.396,-0.32,5209000,9605000,3.1,2022-03-31,14.2,991300000,1450800000.0,21919000,-947000,-441000,544700000,544700000,None,25604000,None,350600000,None,None,618100000,None,100900000,-506000,None,None,None,0.177,,16849000,5070000,81500000,90500000,None,57500000,None,,,,,0.612,2.89,2.156,,,,,,,,0.0155,,412400000,2025-10-29,quarterly,2.78,USD,pre-market,3003000,888400000,0.0466,0.0253,0.036,96.81,75358000,898800000,261800000,None,177.72,202.84,-10.3226,3085900000,910800000,721600000,1456500000,2175100000,734900000,97652000,1620700000,231.29,None,220.03,104.6
2025-12-28,GTLS,0.89,4291200000.0,231.29,None,1.763,71.23,,27200000,122200000,122200000,,,,,,,,,400000,41570000,None,75733000,75733000,175900000,None,255900000,236300000,None,None,4396000,,,,,0.396,-0.32,5209000,9605000,3.1,2021-12-31,14.2,994600000,1450800000.0,21919000,-947000,-441000,556100000,556100000,None,25604000,None,321500000,None,None,600800000,None,99600000,-506000,None,None,None,0.177,,16849000,5070000,173500000,107800000,None,64100000,None,,,,,0.612,2.89,2.156,,,,,,,,0.0155,,416000000,2025-10-29,quarterly,2.78,USD,pre-market,3003000,878200000,0.0466,0.0253,0.036,96.81,75358000,862500000,261700000,None,177.72,202.84,-10.3226,3043800000,853500000,693900000,1418600000,2190300000,724700000,97652000,1625200000,231.29,None,220.03,104.6
2025-12-28,GTLS,0.89,4291200000.0,231.29,None,1.763,71.23,,27100000,102900000,102900000,,,,,,,,,400000,41440000,None,75733000,75733000,179900000,None,255700000,331500000,None,None,4396000,,,,,0.396,-0.32,5209000,9605000,3.1,2021-09-30,14.2,952700000,1450800000.0,21919000,-947000,-441000,538000000,538000000,None,25604000,None,341100000,None,None,539400000,None,179800000,-506000,None,None,None,0.177,,16849000,5070000,84000000,102200000,None,42800000,None,,,,,0.612,2.89,2.156,,,,,,,,0.0155,,412300000,2025-10-29,quarterly,2.78,USD,pre-market,3003000,866100000,0.0466,0.0253,0.036,96.81,75358000,822200000,261100000,179000000,177.72,202.84,-10.3226,2981800000,859500000,719500000,1391300000,2122300000,671800000,97652000,1582400000,231.29,None,220.03,104.6
2025-12-28,GTLS,0.89,4291200000.0,231.29,None,1.763,71.23,,27200000,197800000,197800000,,,,,,,,,400000,40810000,None,75733000,75733000,170400000,None,255500000,288200000,None,None,4396000,,,,,0.396,-0.32,5209000,9605000,3.1,2021-06-30,14.2,896100000,1450800000.0,21919000,-947000,-441000,491000000,491000000,None,25604000,None,310100000,None,None,450600000,None,121400000,-506000,None,None,None,0.177,,16849000,5070000,79200000,101500000,None,42800000,None,,,,,0.612,2.89,2.156,,,,,,,,0.0155,,414000000,2025-10-29,quarterly,2.78,USD,pre-market,3003000,851200000,0.0466,0.0253,0.036,96.81,75358000,733300000,260500000,121000000,177.72,202.84,-10.3226,2830000000,875300000,675800000,1246200000,1954700000,570400000,97652000,1576400000,231.29,None,220.03,104.6
2025-12-28,GTLS,0.89,4291200000.0,231.29,None,1.763,71.23,,27800000,114900000,114900000,,,,,,,,,400000,40620000,None,75733000,75733000,151800000,None,255200000,261000000,None,None,4396000,,,,,0.396,-0.32,5209000,9605000,3.1,2021-03-31,14.2,911300000,1450800000.0,21919000,-947000,-441000,481400000,481400000,None,25604000,None,279900000,None,None,303100000,None,119900000,-506000,None,None,None,0.177,,16849000,5070000,58000000,95900000,None,73000000,None,,,,,0.612,2.89,2.156,,,,,,,,0.0155,,409300000,2025-10-29,quarterly,2.78,USD,pre-market,3003000,844700000,0.0466,0.0253,0.036,96.81,75358000,586100000,260300000,78000000,177.72,202.84,-10.3226,2652300000,713800000,660300000,1086300000,1938500000,426000000,97652000,1559000000,231.29,None,220.03,104.6
2025-12-28,GTLS,0.89,4291200000.0,231.29,None,1.763,71.23,,28700000,125100000,125100000,,,,,,,,,400000,38550000,None,75733000,75733000,140100000,None,220900000,200800000,None,None,4396000,,,,,0.396,-0.32,5209000,9605000,3.1,2020-12-31,14.2,865900000,1450800000.0,21919000,-947000,-441000,509100000,509100000,None,25604000,None,248400000,None,None,221600000,None,78900000,-506000,None,None,None,0.177,,16849000,5070000,128700000,149800000,None,74600000,None,,,,,0.612,2.89,2.156,,,,,,,,0.0155,,414500000,2025-10-29,quarterly,2.78,USD,pre-market,3003000,808400000,0.0466,0.0253,0.036,96.81,75358000,447600000,226000000,78000000,177.72,202.84,-10.3226,2586500000,703000000,634800000,995200000,1883500000,360400000,97652000,1591300000,231.29,None,220.03,104.6
2025-12-28,GTLS,0.89,4291200000.0,231.29,None,1.763,71.23,,30900000,120700000,120700000,,,,,,,,,400000,35940000,None,75733000,75733000,107700000,None,11300000,163600000,None,None,4396000,,,,,0.396,-0.32,5209000,9605000,3.1,2020-09-30,14.2,817600000,1450800000.0,21919000,-947000,-441000,488700000,488700000,None,25604000,None,237600000,None,None,695400000,None,9700000,-506000,None,None,None,0.177,,16849000,5070000,137200000,103900000,None,56400000,None,,,,,0.612,2.89,2.156,,,,,,,,0.0155,,396000000,2025-10-29,quarterly,2.78,USD,pre-market,3003000,550600000,0.0466,0.0253,0.036,96.81,75358000,712000000,16600000,9000000,177.72,202.84,-10.3226,2452900000,659100000,352900000,1160800000,1793800000,807900000,97652000,1292100000,231.29,None,220.03,104.6
2025-12-28,GTLS,0.89,4291200000.0,231.29,None,1.763,71.23,,30500000,122500000,122500000,,,,,,,,,400000,35310000,None,75733000,75733000,110600000,None,12500000,184400000,None,None,4396000,,,,,0.396,-0.32,5209000,9605000,3.1,2020-06-30,14.2,844200000,1450800000.0,21919000,-947000,-441000,500500000,500500000,None,25604000,None,248600000,None,None,736000000,None,9300000,-506000,None,None,None,0.177,,16849000,5070000,128800000,97800000,None,57100000,None,,,,,0.612,2.89,2.156,,,,,,,,0.0155,,397500000,2025-10-29,quarterly,2.78,USD,pre-market,3003000,528900000,0.0466,0.0253,0.036,96.81,75358000,753600000,17600000,None,177.72,202.84,-10.3226,2452600000,684300000,359600000,1206200000,1768300000,846600000,97652000,1246400000,231.29,-19300000,220.03,104.6
2025-12-28,GTLS,0.89,4291200000.0,231.29,None,1.763,71.23,,32000000,89300000,89300000,,,,,,,,,400000,36010000,None,75733000,75733000,120300000,None,12900000,283600000,None,None,4396000,,,,,0.396,-0.32,5209000,9605000,3.1,2020-03-31,14.2,841200000,1450800000.0,21919000,-947000,-441000,512400000,512400000,None,25604000,None,235400000,None,None,741500000,None,8100000,-506000,None,None,None,0.177,,16849000,5070000,42800000,82200000,None,55900000,None,,,,,0.612,2.89,2.156,,,,,,,,0.0155,,399300000,2025-10-29,quarterly,2.78,USD,pre-market,3003000,508800000,0.0466,0.0253,0.036,96.81,75358000,786400000,18300000,None,177.72,202.84,-10.3226,2423000000,651100000,358100000,1208100000,1771900000,850000000,97652000,1210100000,231.29,-19300000,220.03,104.6
2025-12-28,GTLS,0.89,4291200000.0,231.29,None,1.763,71.23,,34100000,119000000,119000000,,,,,,,,,400000,36120000,None,75733000,75733000,125000000,None,16300000,202600000,None,None,4396000,,,,,0.396,-0.32,5209000,9605000,3.1,2019-12-31,14.2,844900000,1450800000.0,21919000,-947000,-441000,529100000,529100000,None,25604000,None,219400000,None,None,761000000,None,13400000,-506000,None,None,None,0.177,,16849000,5070000,132600000,102900000,None,57600000,None,,,,,0.612,2.89,2.156,,,,,,,,0.0155,,404600000,2025-10-29,quarterly,2.78,USD,pre-market,3003000,500300000,0.0466,0.0253,0.036,96.81,75358000,783600000,22600000,None,177.72,202.84,-10.3226,2481400000,673600000,378300000,1249000000,1807800000,870700000,97652000,1232400000,231.29,None,220.03,104.6
2025-12-28,GTLS,0.89,4291200000.0,231.29,None,1.763,71.23,,35500000,80700000,80700000,,,,,,,,,400000,36730000,None,75733000,75733000,120700000,None,15900000,306100000,None,None,4396000,,,,,0.396,-0.32,5209000,9605000,3.1,2019-09-30,14.2,798000000,1450800000.0,21919000,-947000,-441000,577800000,577800000,None,25604000,None,234900000,None,None,792500000,None,15900000,-506000,None,None,None,0.177,,16849000,5070000,62200000,110500000,None,59600000,None,,,,,0.612,2.89,2.156,,,,,,,,0.0155,,398900000,2025-10-29,quarterly,2.78,USD,pre-market,3003000,487900000,0.0466,0.0253,0.036,96.81,75358000,843900000,22700000,None,177.72,202.84,-10.3226,2497800000,683900000,374400000,1294700000,1813900000,920300000,97652000,1198500000,231.29,None,220.03,104.6
2025-12-28,GTLS,0.89,4291200000.0,231.29,None,1.763,71.23,,None,148500000,148500000,,,,,,,,,400000,34720000,None,75733000,75733000,114000000,None,4500000,204400000,None,None,4396000,,,,,0.396,-0.32,5209000,9605000,3.1,2019-06-30,14.2,542600000,1450800000.0,21919000,-947000,-441000,316400000,316400000,None,25604000,None,228800000,None,None,304700000,None,None,-506000,None,None,None,0.177,,16849000,5070000,129000000,108100000,None,52600000,None,,,,,0.612,2.89,2.156,,,,,,,,0.0155,,380900000,2025-10-29,quarterly,2.78,USD,pre-market,3003000,469200000,0.0466,0.0253,0.036,96.81,75358000,309200000,4500000,None,177.72,202.84,-10.3226,1983900000,710700000,354900000,785200000,1273200000,430300000,97652000,1198700000,231.29,None,220.03,104.6
2025-12-28,GTLS,0.89,4291200000.0,231.29,None,1.763,71.23,,None,71900000,71900000,,,,,,,,,300000,33810000,None,75733000,75733000,121100000,None,214800000,274100000,None,None,4396000,,,,,0.396,-0.32,5209000,9605000,3.1,2019-03-31,14.2,537100000,1450800000.0,21919000,-947000,-441000,322500000,322500000,None,25604000,None,234700000,None,None,318000000,None,None,-506000,None,None,None,0.177,,16849000,5070000,64500000,113800000,None,49500000,None,,,,,0.612,2.89,2.156,,,,,,,,0.0155,,384600000,2025-10-29,quarterly,2.78,USD,pre-market,3003000,454800000,0.0466,0.0253,0.036,96.81,75358000,532800000,214800000,None,177.72,202.84,-10.3226,1913300000,645200000,579200000,1019800000,1268100000,440600000,97652000,888800000,231.29,None,220.03,104.6
2025-12-28,GTLS,0.89,4291200000.0,231.29,None,1.763,71.23,,None,118100000,118100000,,,,,,,,,300000,32390000,None,75733000,75733000,125500000,None,None,194800000,None,None,4396000,,,,,0.396,-0.32,5209000,9605000,3.1,2018-12-31,14.2,520700000,1450800000.0,21919000,-947000,-441000,330400000,330400000,None,25604000,None,233100000,None,None,533200000,None,None,-506000,None,None,None,0.177,,16849000,5070000,106400000,90600000,None,32500000,None,,,,,0.612,2.89,2.156,,,,,,,,0.0155,,361100000,2025-10-29,quarterly,2.78,USD,pre-market,3003000,453900000,0.0466,0.0253,0.036,96.81,75358000,544400000,11200000,None,177.72,202.84,-10.3226,1888400000,652400000,357300000,999400000,1236000000,642100000,97652000,889000000,231.29,None,220.03,104.6
2025-12-28,GTLS,0.89,4291200000.0,231.29,None,1.763,71.23,,None,157200000,157200000,,,,,,,,,300000,32950000,None,75733000,75733000,94800000,None,510200000,177300000,None,None,4396000,,,,,0.396,-0.32,5209000,9605000,3.1,2018-09-30,14.2,457200000,1450800000.0,21919000,-947000,-441000,270300000,270300000,None,25604000,None,188200000,None,None,500500000,None,None,-506000,None,None,None,0.177,,16849000,5070000,58400000,117200000,None,28900000,None,,,,,0.612,2.89,2.156,,,,,,,,0.0155,,288400000,2025-10-29,quarterly,2.78,USD,pre-market,3003000,406900000,0.0466,0.0253,0.036,96.81,75358000,510200000,9700000,0,177.72,202.84,-10.3226,1738500000,581100000,316200000,897500000,1157400000,581300000,97652000,841000000,231.29,0,220.03,104.6
2025-12-28,GTLS,0.89,4291200000.0,231.29,None,1.763,71.23,,None,148500000,148500000,,,,,,,,,300000,32080000,None,75733000,75733000,128600000,None,56700000,245600000,None,None,4396000,,,,,0.396,-0.32,5209000,9605000,3.1,2018-06-30,14.2,472000000,1450800000.0,21919000,-947000,-441000,291000000,291000000,None,25604000,None,233500000,None,None,443900000,None,None,-506000,None,None,None,0.177,,16849000,5070000,33400000,88700000,None,28900000,None,,,,,0.612,2.89,2.156,,,,,,,,0.0155,,304000000,2025-10-29,quarterly,2.78,USD,pre-market,3003000,384700000,0.0466,0.0253,0.036,96.81,75358000,510700000,66800000,0,177.72,202.84,-10.3226,1749300000,661000000,393000000,929200000,1088300000,536200000,97652000,816300000,231.29,0,220.03,104.6
2025-12-28,GTLS,0.89,4291200000.0,231.29,None,1.763,71.23,,None,142800000,142800000,,,,,,,,,300000,31660000,None,75733000,75733000,124400000,None,55900000,245000000,None,None,4396000,,,,,0.396,-0.32,5209000,9605000,3.1,2018-03-31,14.2,475000000,1450800000.0,21919000,-947000,-441000,300000000,300000000,None,25604000,None,223100000,None,None,449200000,None,None,-506000,None,None,None,0.177,,16849000,5070000,39100000,79900000,None,29400000,None,,,,,0.612,2.89,2.156,,,,,,,,0.0155,,305000000,2025-10-29,quarterly,2.78,USD,pre-market,3003000,372400000,0.0466,0.0253,0.036,96.81,75358000,512200000,63000000,5500000,177.72,202.84,-10.3226,1752100000,650000000,382000000,923500000,1102100000,541500000,97652000,825000000,231.29,0,220.03,104.6
2025-12-28,GTLS,0.89,4291200000.0,231.29,None,1.763,71.23,,None,122600000,122600000,,,,,,,,,300000,31510000,None,75733000,75733000,113900000,None,55100000,222700000,None,None,4396000,,,,,0.396,-0.32,5209000,9605000,3.1,2017-12-31,14.2,468800000,1450800000.0,21919000,-947000,-441000,302500000,302500000,None,25604000,None,208900000,None,None,439200000,None,None,-506000,None,None,None,0.177,,16849000,5070000,79800000,104600000,None,30200000,None,,,,,0.612,2.89,2.156,,,,,,,,0.0155,,297600000,2025-10-29,quarterly,2.78,USD,pre-market,3003000,364300000,0.0466,0.0253,0.036,96.81,75358000,498100000,58900000,5400000,177.72,202.84,-10.3226,1724700000,634000000,387600000,919500000,1090700000,531900000,97652000,805200000,231.29,0,220.03,104.6
2025-12-28,GTLS,0.89,4291200000.0,231.29,None,1.763,71.23,,None,124658000,124658000,,,,,,,,,308000,31310000,None,75733000,75733000,109939000,None,548342000,237163000,None,None,4396000,,,,,0.396,-0.32,5209000,9605000,3.1,2017-09-30,14.2,457481000,1450800000.0,21919000,-947000,-441000,298878000,298878000,None,25604000,None,213590000,None,None,304012000,None,None,-506000,None,None,None,0.177,,16849000,5070000,46790000,95490000,None,32012000,None,,,,,0.612,2.89,2.156,,,,,,,,0.0155,,293145000,2025-10-29,quarterly,2.78,USD,pre-market,3003000,337709000,0.0466,0.0253,0.036,96.81,75358000,548342000,244330000,5445000,177.72,202.84,-10.3226,1693023000,622201000,550455000,960615000,1070822000,410160000,97652000,729807000,231.29,0,220.03,104.6
2025-12-28,GTLS,0.89,4291200000.0,231.29,None,1.763,71.23,,None,234427000,234427000,,,,,,,,,307000,31280000,None,75733000,75733000,82351000,None,244536000,183282000,None,None,4396000,,,,,0.396,-0.32,5209000,9605000,3.1,2017-06-30,14.2,228237000,1450800000.0,21919000,-947000,-441000,97106000,97106000,None,25604000,None,184291000,None,None,237894000,None,None,-506000,None,None,None,0.177,,16849000,5070000,33684000,79638000,None,35553000,None,,,,,0.612,2.89,2.156,,,,,,,,0.0155,,259791000,2025-10-29,quarterly,2.78,USD,pre-market,3003000,336199000,0.0466,0.0253,0.036,96.81,75358000,244536000,6642000,5445000,177.72,202.84,-10.3226,1239309000,635684000,240852000,518884000,603625000,278032000,97652000,718465000,231.29,0,220.03,104.6
2025-12-28,GTLS,0.89,4291200000.0,231.29,None,1.763,71.23,,None,243824000,243824000,,,,,,,,,307000,30700000,None,75733000,75733000,88872000,None,5073000,165255000,None,None,4396000,,,,,0.396,-0.32,5209000,9605000,3.1,2017-03-31,14.2,228352000,1450800000.0,21919000,-947000,-441000,99031000,99031000,None,25604000,None,185275000,None,None,237202000,None,None,-506000,None,None,None,0.177,,16849000,5070000,38682000,78783000,None,36085000,None,,,,,0.612,2.89,2.156,,,,,,,,0.0155,,254635000,2025-10-29,quarterly,2.78,USD,pre-market,3003000,333416000,0.0466,0.0253,0.036,96.81,75358000,242275000,5073000,5446000,177.72,202.84,-10.3226,1232627000,633036000,252127000,529704000,599591000,277577000,97652000,701542000,231.29,0,220.03,104.6
2025-12-28,GTLS,0.89,4291200000.0,231.29,None,1.763,71.23,,None,281959000,281959000,,,,,,,,,306000,30596000,None,75733000,75733000,79953000,None,240200000,142762000,None,None,4396000,,,,,0.396,-0.32,5209000,9605000,3.1,2016-12-31,14.2,217970000,1450800000.0,21919000,-947000,-441000,93443000,93443000,None,25604000,None,169683000,None,None,233711000,None,None,-506000,None,None,None,0.177,,16849000,5070000,58573000,100392000,None,34919000,None,,,,,0.612,2.89,2.156,,,,,,,,0.0155,,251049000,2025-10-29,quarterly,2.78,USD,pre-market,3003000,336328000,0.0466,0.0253,0.036,96.81,75358000,240198000,6487000,0,177.72,202.84,-10.3226,1233082000,652977000,261534000,534405000,580105000,272871000,97652000,698677000,231.29,0,220.03,104.6
2025-12-28,GTLS,0.89,4291200000.0,231.29,None,1.763,71.23,,None,267276000,267276000,,,,,,,,,306000,31064000,None,75733000,75733000,65737000,None,6739000,132556000,None,None,4396000,,,,,0.396,-0.32,5209000,9605000,3.1,2016-09-30,14.2,219091000,1450800000.0,21919000,-947000,-441000,96913000,96913000,None,25604000,None,182227000,None,None,232079000,None,None,-506000,None,None,None,0.177,,16849000,5070000,45683000,79561000,None,40132000,None,,,,,0.612,2.89,2.156,,,,,,,,0.0155,,258081000,2025-10-29,quarterly,2.78,USD,pre-market,3003000,339618000,0.0466,0.0253,0.036,96.81,75358000,238818000,6739000,0,177.72,202.84,-10.3226,1217865000,627742000,224600000,505534000,590123000,280934000,97652000,712331000,231.29,0,220.03,104.6
2025-12-28,GTLS,0.89,4291200000.0,231.29,None,1.763,71.23,,None,213158000,213158000,,,,,,,,,306000,30939000,None,75733000,75733000,65871000,None,9048000,173513000,None,None,4396000,,,,,0.396,-0.32,5209000,9605000,3.1,2016-06-30,14.2,218990000,1450800000.0,21919000,-947000,-441000,100339000,100339000,None,25604000,None,191681000,None,None,228810000,None,None,-506000,None,None,None,0.177,,16849000,5070000,30508000,81723000,None,41531000,None,,,,,0.612,2.89,2.156,,,,,,,,0.0155,,261613000,2025-10-29,quarterly,2.78,USD,pre-market,3003000,324593000,0.0466,0.0253,0.036,96.81,75358000,237858000,9048000,0,177.72,202.84,-10.3226,1209456000,608860000,234948000,512880000,600596000,277932000,97652000,693137000,231.29,0,220.03,104.6
2025-12-28,GTLS,0.89,4291200000.0,231.29,None,1.763,71.23,,None,159054000,159054000,,,,,,,,,305000,30568000,None,75733000,75733000,68250000,None,None,173620000,None,None,4396000,,,,,0.396,-0.32,5209000,9605000,3.1,2016-03-31,14.2,219258000,1450800000.0,21919000,-947000,-441000,103988000,103988000,None,25604000,None,203866000,None,None,217005000,None,None,-506000,None,None,None,0.177,,16849000,5070000,28777000,69292000,None,43022000,None,,,,,0.612,2.89,2.156,,,,,,,,0.0155,,266998000,2025-10-29,quarterly,2.78,USD,pre-market,3003000,303440000,0.0466,0.0253,0.036,96.81,75358000,223970000,6965000,0,177.72,202.84,-10.3226,1177062000,565317000,228123000,495569000,611745000,267446000,97652000,676346000,231.29,0,220.03,104.6
2025-12-28,GTLS,0.89,4291200000.0,231.29,None,1.763,71.23,,None,123708000,123708000,,,,,,,,,305000,30512000,None,75733000,75733000,97413000,None,219958000,242797000,None,None,4396000,,,,,0.396,-0.32,5209000,9605000,3.1,2015-12-31,14.2,218390000,1450800000.0,21919000,-947000,-441000,106714000,106714000,None,25604000,None,199302000,None,None,215634000,None,None,-506000,None,None,None,0.177,,16849000,5070000,463522000,87436000,None,43421000,None,,,,,0.612,2.89,2.156,,,,,,,,0.0155,,266277000,2025-10-29,quarterly,2.78,USD,pre-market,3003000,308091000,0.0466,0.0253,0.036,96.81,75358000,221794000,6160000,0,177.72,202.84,-10.3226,1201976000,587230000,262039000,526240000,614746000,264201000,97652000,675736000,231.29,0,220.03,104.6
2025-12-28,GTLS,0.89,4291200000.0,231.29,None,1.763,71.23,,None,82537000,82537000,,,,,,,,,305000,30745000,None,75733000,75733000,85768000,None,None,228705000,None,None,4396000,,,,,0.396,-0.32,5209000,9605000,3.1,2015-09-30,14.2,414121000,1450800000.0,21919000,-947000,-441000,161228000,161228000,None,25604000,None,220844000,None,None,212665000,None,None,-506000,None,None,None,0.177,,16849000,5070000,490120000,76833000,None,34468000,None,,,,,0.612,2.89,2.156,,,,,,,,0.0155,,267374000,2025-10-29,quarterly,2.78,USD,pre-market,3003000,538214000,0.0466,0.0253,0.036,96.81,75358000,218953000,6288000,0,177.72,202.84,-10.3226,1439154000,572657000,238587000,528642000,866497000,290055000,97652000,910512000,231.29,0,220.03,104.6
2025-12-28,GTLS,0.89,4291200000.0,231.29,None,1.763,71.23,,None,82885000,82885000,,,,,,,,,305000,30735000,None,75733000,75733000,95565000,None,None,251377000,None,None,4396000,,,,,0.396,-0.32,5209000,9605000,3.1,2015-06-30,14.2,404054000,1450800000.0,21919000,-947000,-441000,156349000,156349000,None,25604000,None,231555000,None,None,209753000,None,None,-506000,None,None,None,0.177,,16849000,5070000,45783000,69430000,None,34118000,None,,,,,0.612,2.89,2.156,,,,,,,,0.0155,,264676000,2025-10-29,quarterly,2.78,USD,pre-market,3003000,533454000,0.0466,0.0253,0.036,96.81,75358000,226296000,16543000,0,177.72,202.84,-10.3226,1466053000,611600000,262712000,554829000,854453000,292117000,97652000,904064000,231.29,0,220.03,104.6
2025-12-28,GTLS,0.89,4291200000.0,231.29,None,1.763,71.23,,None,83367000,83367000,,,,,,,,,305000,30652000,None,75733000,75733000,105468000,None,None,248761000,None,None,4396000,,,,,0.396,-0.32,5209000,9605000,3.1,2015-03-31,14.2,403260000,1450800000.0,21919000,-947000,-441000,148483000,148483000,None,25604000,None,231235000,None,None,206898000,None,None,-506000,None,None,None,0.177,,16849000,5070000,47296000,77681000,None,35171000,None,,,,,0.612,2.89,2.156,,,,,,,,0.0155,,261409000,2025-10-29,quarterly,2.78,USD,pre-market,3003000,516297000,0.0466,0.0253,0.036,96.81,75358000,211782000,4884000,0,177.72,202.84,-10.3226,1453892000,610659000,274588000,564499000,843233000,289911000,97652000,882192000,231.29,0,220.03,104.6
2025-12-28,GTLS,0.89,4291200000.0,231.29,None,1.763,71.23,,None,103656000,103656000,,,,,,,,,305000,30466000,None,75733000,75733000,114252000,None,209002000,247760000,None,None,4396000,,,,,0.396,-0.32,5209000,9605000,3.1,2014-12-31,14.2,405522000,1450800000.0,21919000,-947000,-441000,153666000,153666000,None,25604000,None,215725000,None,None,204099000,None,None,-506000,None,None,None,0.177,,16849000,5070000,47965000,86446000,None,36237000,None,,,,,0.612,2.89,2.156,,,,,,,,0.0155,,257645000,2025-10-29,quarterly,2.78,USD,pre-market,3003000,511051000,0.0466,0.0253,0.036,96.81,75358000,209002000,4903000,0,177.72,202.84,-10.3226,1462063000,615106000,287759000,574983000,846957000,287224000,97652000,879879000,231.29,0,220.03,104.6
2025-12-28,GTLS,0.89,4291200000.0,231.29,None,1.763,71.23,,None,140422000,140422000,,,,,,,,,305000,30771000,None,75733000,75733000,104269000,None,None,239016000,None,None,4396000,,,,,0.396,-0.32,5209000,9605000,3.1,2014-09-30,14.2,406345000,1450800000.0,21919000,-947000,-441000,158385000,158385000,None,25604000,None,227527000,None,None,266979000,None,None,-506000,None,None,None,0.177,,16849000,5070000,46275000,77035000,None,26348000,None,,,,,0.612,2.89,2.156,,,,,,,,0.0155,,246840000,2025-10-29,quarterly,2.78,USD,pre-market,3003000,484104000,0.0466,0.0253,0.036,96.81,75358000,274963000,7984000,0,177.72,202.84,-10.3226,1495605000,653240000,281128000,626068000,842365000,344940000,97652000,862620000,231.29,0,220.03,104.6
2025-12-28,GTLS,0.89,4291200000.0,231.29,None,1.763,71.23,,None,142674000,142674000,,,,,,,,,305000,30978000,None,75733000,75733000,109699000,None,None,240170000,None,None,4396000,,,,,0.396,-0.32,5209000,9605000,3.1,2014-06-30,14.2,407360000,1450800000.0,21919000,-947000,-441000,164443000,164443000,None,25604000,None,226956000,None,None,260538000,None,None,-506000,None,None,None,0.177,,16849000,5070000,510687000,82402000,None,28612000,None,,,,,0.612,2.89,2.156,,,,,,,,0.0155,,238772000,2025-10-29,quarterly,2.78,USD,pre-market,3003000,461253000,0.0466,0.0253,0.036,96.81,75358000,273123000,12585000,0,177.72,202.84,-10.3226,1487993000,653361000,294234000,635089000,834632000,340855000,97652000,852904000,231.29,0,220.03,104.6
2025-12-28,GTLS,0.89,4291200000.0,231.29,None,1.763,71.23,,None,140419000,140419000,,,,,,,,,305000,31427000,None,75733000,75733000,94509000,None,None,231338000,None,None,4396000,,,,,0.396,-0.32,5209000,9605000,3.1,2014-03-31,14.2,398931000,1450800000.0,21919000,-947000,-441000,167625000,167625000,None,25604000,None,223995000,None,None,259774000,None,None,-506000,None,None,None,0.177,,16849000,5070000,46921000,81581000,None,30234000,None,,,,,0.612,2.89,2.156,,,,,,,,0.0155,,228334000,2025-10-29,quarterly,2.78,USD,pre-market,3003000,441184000,0.0466,0.0253,0.036,96.81,75358000,266740000,6966000,0,177.72,202.84,-10.3226,1464953000,642673000,291942000,633187000,822280000,341245000,97652000,824335000,231.29,0,220.03,104.6
2025-12-28,GTLS,0.89,4291200000.0,231.29,None,1.763,71.23,,None,137345000,137345000,,,,,,,,,304000,30346000,None,75733000,75733000,101805000,None,None,256090000,None,None,4396000,,,,,0.396,-0.32,5209000,9605000,3.1,2013-12-31,14.2,398905000,1450800000.0,21919000,-947000,-441000,172142000,172142000,None,25604000,None,213004000,None,None,64688000,None,None,-506000,None,None,None,0.177,,16849000,5070000,43004000,87196000,None,31339000,None,,,,,0.612,2.89,2.156,,,,,,,,0.0155,,224205000,2025-10-29,quarterly,2.78,USD,pre-market,3003000,429187000,0.0466,0.0253,0.036,96.81,75358000,265155000,200467000,0,177.72,202.84,-10.3226,1461630000,649443000,499304000,643047000,812187000,143743000,97652000,811348000,231.29,0,220.03,104.6
2025-12-28,GTLS,0.89,4291200000.0,231.29,None,1.763,71.23,,None,151828000,151828000,,,,,,,,,304000,32851000,None,75733000,75733000,97496000,None,None,254009000,None,None,4396000,,,,,0.396,-0.32,5209000,9605000,3.1,2013-09-30,14.2,399099000,1450800000.0,21919000,-947000,-441000,176596000,176596000,None,25604000,None,210984000,None,None,65625000,None,None,-506000,None,None,None,0.177,,16849000,5070000,48280000,86061000,None,43316000,None,,,,,0.612,2.89,2.156,,,,,,,,0.0155,,206541000,2025-10-29,quarterly,2.78,USD,pre-market,3003000,405991000,0.0466,0.0253,0.036,96.81,75358000,297091000,231466000,0,177.72,202.84,-10.3226,1461244000,665101000,521388000,680811000,796143000,159423000,97652000,775896000,231.29,0,220.03,104.6
2025-12-28,GTLS,0.89,4291200000.0,231.29,None,1.763,71.23,,None,125782000,125782000,,,,,,,,,303000,31428000,None,75733000,75733000,101813000,None,None,221387000,None,None,4396000,,,,,0.396,-0.32,5209000,9605000,3.1,2013-06-30,14.2,399780000,1450800000.0,21919000,-947000,-441000,181164000,181164000,None,25604000,None,211693000,None,None,66563000,None,None,-506000,None,None,None,0.177,,16849000,5070000,47400000,88288000,None,47246000,None,,,,,0.612,2.89,2.156,,,,,,,,0.0155,,189110000,2025-10-29,quarterly,2.78,USD,pre-market,3003000,381546000,0.0466,0.0253,0.036,96.81,75358000,261956000,195393000,0,177.72,202.84,-10.3226,1390682000,606262000,482787000,643144000,784420000,160357000,97652000,743417000,231.29,0,220.03,104.6
2025-12-28,GTLS,0.89,4291200000.0,231.29,None,1.763,71.23,,None,126268000,126268000,,,,,,,,,303000,30426000,None,75733000,75733000,96871000,None,None,204143000,None,None,4396000,,,,,0.396,-0.32,5209000,9605000,3.1,2013-03-31,14.2,398287000,1450800000.0,21919000,-947000,-441000,184391000,184391000,None,25604000,None,208844000,None,None,253474000,None,None,-506000,None,None,None,0.177,,16849000,5070000,44572000,72571000,None,50846000,None,,,,,0.612,2.89,2.156,,,,,,,,0.0155,,176115000,2025-10-29,quarterly,2.78,USD,pre-market,3003000,361546000,0.0466,0.0253,0.036,96.81,75358000,274464000,20990000,0,177.72,202.84,-10.3226,1357341000,583827000,280252000,633480000,773514000,353228000,97652000,719964000,231.29,0,220.03,104.6
2025-12-28,GTLS,0.89,4291200000.0,231.29,None,1.763,71.23,,None,141498000,141498000,,,,,,,,,300000,30270000,None,75733000,75733000,100528000,None,None,190689000,None,None,4396000,,,,,0.396,-0.32,5209000,9605000,3.1,2012-12-31,14.2,398941000,1450800000.0,21919000,-947000,-441000,189463000,189463000,None,25604000,None,196501000,None,None,252021000,None,None,-506000,None,None,None,0.177,,16849000,5070000,414926000,80416000,None,55977000,None,,,,,0.612,2.89,2.156,,,,,,,,0.0155,,169776000,2025-10-29,quarterly,2.78,USD,pre-market,3003000,346011000,0.0466,0.0253,0.036,96.81,75358000,255771000,3750000,244000,177.72,202.84,-10.3226,1327841000,556424000,273775000,628058000,771417000,354283000,97652000,699783000,231.29,0,220.03,104.6
2025-12-28,GTLS,0.89,4291200000.0,231.29,None,1.763,71.23,,None,105775000,105775000,,,,,,,,,300000,30243000,None,75733000,75733000,85416000,None,None,206632000,None,None,4396000,,,,,0.396,-0.32,5209000,9605000,3.1,2012-09-30,14.2,387242000,1450800000.0,21919000,-947000,-441000,194631000,194631000,None,25604000,None,204779000,None,None,250640000,None,None,-506000,None,None,None,0.177,,16849000,5070000,54685000,182023000,None,30843000,None,,,,,0.612,2.89,2.156,,,,,,,,0.0155,,158672000,2025-10-29,quarterly,2.78,USD,pre-market,3003000,325251000,0.0466,0.0253,0.036,96.81,75358000,277547000,26907000,0,177.72,202.84,-10.3226,1323236000,571871000,294346000,644254000,751365000,349908000,97652000,675615000,231.29,0,220.03,104.6
2025-12-28,GTLS,0.89,4291200000.0,231.29,None,1.763,71.23,,None,254709000,254709000,,,,,,,,,299000,30200000,None,75733000,75733000,67682000,None,None,172984000,None,None,4396000,,,,,0.396,-0.32,5209000,9605000,3.1,2012-06-30,14.2,288250000,1450800000.0,21919000,-947000,-441000,130581000,130581000,None,25604000,None,175064000,None,None,249278000,None,None,-506000,None,None,None,0.177,,16849000,5070000,34406000,165398000,None,22999000,None,,,,,0.612,2.89,2.156,,,,,,,,0.0155,,145279000,2025-10-29,quarterly,2.78,USD,pre-market,3003000,306735000,0.0466,0.0253,0.036,96.81,75358000,257745000,8467000,0,177.72,202.84,-10.3226,1211859000,637163000,241547000,559235000,574696000,317688000,97652000,649767000,231.29,0,220.03,104.6
2025-12-28,GTLS,0.89,4291200000.0,231.29,None,1.763,71.23,,None,242520000,242520000,,,,,,,,,299000,30061000,None,75733000,75733000,72304000,None,None,153989000,None,None,4396000,,,,,0.396,-0.32,5209000,9605000,3.1,2012-03-31,14.2,289436000,1450800000.0,21919000,-947000,-441000,137334000,137334000,None,25604000,None,167855000,None,None,223837000,None,None,-506000,None,None,None,0.177,,16849000,5070000,41393000,171585000,None,23455000,None,,,,,0.612,2.89,2.156,,,,,,,,0.0155,,141952000,2025-10-29,quarterly,2.78,USD,pre-market,3003000,288799000,0.0466,0.0253,0.036,96.81,75358000,235098000,11261000,0,177.72,202.84,-10.3226,1184387000,605757000,255150000,548283000,578630000,293133000,97652000,633500000,231.29,0,220.03,104.6
2025-12-28,GTLS,0.89,4291200000.0,231.29,None,1.763,71.23,,None,256861000,256861000,,,,,,,,,296000,29593000,None,75733000,75733000,84297000,None,None,166692000,None,None,4396000,,,,,0.396,-0.32,5209000,9605000,3.1,2011-12-31,14.2,288770000,1450800000.0,21919000,-947000,-441000,140553000,140553000,None,25604000,None,149822000,None,None,223224000,None,None,-506000,None,None,None,0.177,,16849000,5070000,24254000,64937000,None,28262000,None,,,,,0.612,2.89,2.156,,,,,,,,0.0155,,137301000,2025-10-29,quarterly,2.78,USD,pre-market,3003000,274716000,0.0466,0.0253,0.036,96.81,75358000,234482000,11258000,None,177.72,202.84,-10.3226,1174475000,597629000,265493000,560924000,576846000,295431000,97652000,611039000,231.29,None,220.03,104.6
2025-12-28,GTLS,0.89,4291200000.0,231.29,None,1.763,71.23,,None,382045000,382045000,,,,,,,,,295000,29966000,None,75733000,75733000,76010000,None,None,148692000,None,None,4396000,,,,,0.396,-0.32,5209000,9605000,3.1,2011-09-30,14.2,286222000,1450800000.0,21919000,-947000,-441000,145662000,145662000,None,25604000,None,135732000,None,None,222681000,None,None,-506000,None,None,None,0.177,,16849000,5070000,31348000,140225000,None,68671000,None,,,,,0.612,2.89,2.156,,,,,,,,0.0155,,137681000,2025-10-29,quarterly,2.78,USD,pre-market,3003000,266301000,0.0466,0.0253,0.036,96.81,75358000,392356000,169675000,0,177.72,202.84,-10.3226,1280767000,697817000,385910000,677262000,582950000,291352000,97652000,600886000,231.29,0,220.03,104.6
2025-12-28,GTLS,0.89,4291200000.0,231.29,None,1.763,71.23,,None,152375000,152375000,,,,,,,,,294000,29966000,None,75733000,75733000,71091000,None,None,145187000,None,None,4396000,,,,,0.396,-0.32,5209000,9605000,3.1,2011-06-30,14.2,279730000,1450800000.0,21919000,-947000,-441000,138469000,138469000,None,25604000,None,123238000,None,None,215175000,None,None,-506000,None,None,None,0.177,,16849000,5070000,33624000,113793000,None,61086000,None,,,,,0.612,2.89,2.156,,,,,,,,0.0155,,123295000,2025-10-29,quarterly,2.78,USD,pre-market,3003000,248761000,0.0466,0.0253,0.036,96.81,75358000,221675000,6500000,0,177.72,202.84,-10.3226,1008562000,454424000,191384000,467645000,554138000,276261000,97652000,538267000,231.29,0,220.03,104.6
2025-12-28,GTLS,0.89,4291200000.0,231.29,None,1.763,71.23,,None,146996000,146996000,,,,,,,,,291000,29678000,None,75733000,75733000,61997000,None,None,114573000,None,None,4396000,,,,,0.396,-0.32,5209000,9605000,3.1,2011-03-31,14.2,276434000,1450800000.0,21919000,-947000,-441000,141145000,141145000,None,25604000,None,119493000,None,None,216800000,None,None,-506000,None,None,None,0.177,,16849000,5070000,28219000,95811000,None,61971000,None,,,,,0.612,2.89,2.156,,,,,,,,0.0155,,120973000,2025-10-29,quarterly,2.78,USD,pre-market,3003000,238170000,0.0466,0.0253,0.036,96.81,75358000,223300000,6500000,0,177.72,202.84,-10.3226,960446000,409281000,164308000,443079000,551165000,278771000,97652000,515309000,231.29,0,220.03,104.6
2025-12-28,GTLS,0.89,4291200000.0,231.29,None,1.763,71.23,,None,165112000,165112000,,,,,,,,,288000,28768000,None,75733000,75733000,54749000,None,None,88131000,None,None,4396000,,,,,0.396,-0.32,5209000,9605000,3.1,2010-12-31,14.2,275252000,1450800000.0,21919000,-947000,-441000,144286000,144286000,None,25604000,None,104435000,None,None,218425000,None,None,-506000,None,None,None,0.177,,16849000,5070000,48418000,106371000,None,24717000,None,,,,,0.612,2.89,2.156,,,,,,,,0.0155,,116158000,2025-10-29,quarterly,2.78,USD,pre-market,3003000,230640000,0.0466,0.0253,0.036,96.81,75358000,224925000,6500000,0,177.72,202.84,-10.3226,954839000,406096000,171183000,453465000,548743000,282282000,97652000,499164000,231.29,0,220.03,104.6
2025-12-28,GTLS,0.89,4291200000.0,231.29,None,1.763,71.23,,None,208646000,208646000,,,,,,,,,287000,29172000,None,75733000,75733000,56625000,None,None,96780000,None,None,4396000,,,,,0.396,-0.32,5209000,9605000,3.1,2010-09-30,14.2,267857000,1450800000.0,21919000,-947000,-441000,115832000,115832000,None,25604000,None,95913000,None,None,220050000,None,None,-506000,None,None,None,0.177,,16849000,5070000,-186951000,101521000,None,58956000,None,,,,,0.612,2.89,2.156,,,,,,,,0.0155,,115108000,2025-10-29,quarterly,2.78,USD,pre-market,3003000,220838000,0.0466,0.0253,0.036,96.81,75358000,226550000,6500000,0,177.72,202.84,-10.3226,936482000,423034000,164646000,443652000,513448000,285506000,97652000,490869000,231.29,0,220.03,104.6
2025-12-28,GTLS,0.89,4291200000.0,231.29,None,1.763,71.23,,None,188690000,188690000,,,,,,,,,287000,29262000,None,75733000,75733000,44799000,None,None,101678000,None,None,4396000,,,,,0.396,-0.32,5209000,9605000,3.1,2010-06-30,14.2,262655000,1450800000.0,21919000,-947000,-441000,118198000,118198000,None,25604000,None,80500000,None,None,221675000,None,None,-506000,None,None,None,0.177,,16849000,5070000,20485000,89599000,None,61679000,None,,,,,0.612,2.89,2.156,,,,,,,,0.0155,,111053000,2025-10-29,quarterly,2.78,USD,pre-market,3003000,214263000,0.0466,0.0253,0.036,96.81,75358000,228175000,6500000,0,177.72,202.84,-10.3226,895780000,391353000,140898000,424252000,504427000,283354000,97652000,469708000,231.29,-471528000,220.03,104.6
2025-12-28,GTLS,0.89,4291200000.0,231.29,None,1.763,71.23,,None,213477000,213477000,,,,,,,,,287000,29172000,None,75733000,75733000,42707000,None,None,88403000,None,None,4396000,,,,,0.396,-0.32,5209000,9605000,3.1,2010-03-31,14.2,263777000,1450800000.0,21919000,-947000,-441000,120862000,120862000,None,25604000,None,85802000,None,None,243175000,None,None,-506000,None,None,None,0.177,,16849000,5070000,21742000,50223000,None,None,None,,,,,0.612,2.89,2.156,,,,,,,,0.0155,,111611000,2025-10-29,quarterly,2.78,USD,pre-market,3003000,211864000,0.0466,0.0253,0.036,96.81,75358000,243175000,6829000,None,177.72,202.84,-10.3226,917767000,409424000,136324000,441518000,508343000,305194000,97652000,474518000,231.29,None,220.03,104.6
2025-12-28,GTLS,0.89,4291200000.0,231.29,None,1.763,71.23,,None,211168000,211168000,,,,,,,,,285000,28508000,None,75733000,75733000,38089000,None,None,95761000,None,None,4396000,,,,,0.396,-0.32,5209000,9605000,3.1,2009-12-31,14.2,264532000,1450800000.0,21919000,-947000,-441000,123773000,123773000,None,25604000,None,85570000,None,None,243175000,None,None,-506000,None,None,None,0.177,,16849000,5070000,16421000,122628000,None,None,None,,,,,0.612,2.89,2.156,,,,,,,,0.0155,,111153000,2025-10-29,quarterly,2.78,USD,pre-market,3003000,210480000,0.0466,0.0253,0.036,96.81,75358000,243175000,9750000,None,177.72,202.84,-10.3226,926503000,414404000,143937000,449257000,512099000,305320000,97652000,475561000,231.29,None,220.03,104.6
2025-12-28,GTLS,0.89,4291200000.0,231.29,None,1.763,71.23,,None,189167000,189167000,,,,,,,,,285000,29105000,None,75733000,75733000,38789000,None,None,87641000,None,None,4396000,,,,,0.396,-0.32,5209000,9605000,3.1,2009-09-30,14.2,264848000,1450800000.0,21919000,-947000,-441000,124402000,124402000,None,25604000,None,82019000,None,None,243175000,None,None,-506000,None,None,None,0.177,,16849000,5070000,19860000,106574000,None,None,None,,,,,0.612,2.89,2.156,,,,,,,,0.0155,,105400000,2025-10-29,quarterly,2.78,USD,pre-market,3003000,194956000,0.0466,0.0253,0.036,96.81,75358000,243175000,8676000,30317000,177.72,202.84,-10.3226,915096000,409004000,145363000,452093000,506092000,306730000,97652000,461381000,231.29,None,220.03,104.6
2025-12-28,GTLS,0.89,4291200000.0,231.29,None,1.763,71.23,,None,175041000,175041000,,,,,,,,,285000,29014000,None,75733000,75733000,41457000,None,None,96571000,None,None,4396000,,,,,0.396,-0.32,5209000,9605000,3.1,2009-06-30,14.2,263744000,1450800000.0,21919000,-947000,-441000,127405000,127405000,None,25604000,None,86821000,None,None,243175000,None,None,-506000,None,None,None,0.177,,16849000,5070000,203156000,63175000,None,None,None,,,,,0.612,2.89,2.156,,,,,,,,0.0155,,105788000,2025-10-29,quarterly,2.78,USD,pre-market,3003000,186707000,0.0466,0.0253,0.036,96.81,75358000,243175000,6156000,30317000,177.72,202.84,-10.3226,916857000,408514000,161651000,469293000,508343000,307642000,97652000,447564000,231.29,None,220.03,104.6
2025-12-28,GTLS,0.89,4291200000.0,231.29,None,1.763,71.23,,None,147011000,147011000,,,,,,,,,284000,28639000,None,75733000,75733000,49826000,None,None,124881000,None,None,4396000,,,,,0.396,-0.32,5209000,9605000,3.1,2009-03-31,14.2,260868000,1450800000.0,21919000,-947000,-441000,126674000,126674000,None,25604000,None,92097000,None,None,243175000,None,None,-506000,None,None,None,0.177,,16849000,5070000,22679000,81137000,None,None,None,,,,,0.612,2.89,2.156,,,,,,,,0.0155,,99928000,2025-10-29,quarterly,2.78,USD,pre-market,3003000,168931000,0.0466,0.0253,0.036,96.81,75358000,243175000,28483000,30169000,177.72,202.84,-10.3226,914496000,416837000,183617000,493180000,497659000,309563000,97652000,419653000,231.29,None,220.03,104.6
2025-12-28,GTLS,0.89,4291200000.0,231.29,None,1.763,71.23,,None,122165000,122165000,,,,,,,,,284000,28417000,None,75733000,75733000,45392000,None,None,130203000,None,None,4396000,,,,,0.396,-0.32,5209000,9605000,3.1,2008-12-31,14.2,261509000,1450800000.0,21919000,-947000,-441000,129542000,129542000,None,25604000,None,95390000,None,None,243175000,None,None,-506000,None,None,None,0.177,,16849000,5070000,17711000,121685000,None,None,None,,,,,0.612,2.89,2.156,,,,,,,,0.0155,,102372000,2025-10-29,quarterly,2.78,USD,pre-market,3003000,149469000,0.0466,0.0253,0.036,96.81,75358000,243175000,69349000,32264000,177.72,202.84,-10.3226,909427000,405025000,194161000,505467000,504402000,311306000,97652000,403960000,231.29,None,220.03,104.6
2025-12-28,GTLS,0.89,4291200000.0,231.29,None,1.763,71.23,,None,148884000,148884000,,,,,,,,,284000,29147000,None,75733000,75733000,163967000,None,None,137754000,None,None,4396000,,,,,0.396,-0.32,5209000,9605000,3.1,2008-09-30,14.2,261761000,1450800000.0,21919000,-947000,-441000,132302000,132302000,None,25604000,None,106147000,None,None,243175000,None,None,-506000,None,None,None,0.177,,16849000,5070000,22897000,49846000,None,None,None,,,,,0.612,2.89,2.156,,,,,,,,0.0155,,102283000,2025-10-29,quarterly,2.78,USD,pre-market,3003000,127795000,0.0466,0.0253,0.036,96.81,75358000,243175000,106465000,None,177.72,202.84,-10.3226,923433000,415682000,213813000,529090000,507751000,315277000,97652000,394343000,231.29,None,220.03,104.6
2025-12-28,GTLS,0.89,4291200000.0,231.29,None,1.763,71.23,,None,101235000,101235000,,,,,,,,,284000,29100000,None,75733000,75733000,143210000,None,None,136538000,None,None,4396000,,,,,0.396,-0.32,5209000,9605000,3.1,2008-06-30,14.2,263188000,1450800000.0,21919000,-947000,-441000,135554000,135554000,None,25604000,None,111074000,None,None,250000000,None,None,-506000,None,None,None,0.177,,16849000,5070000,27478000,42858000,None,None,None,,,,,0.612,2.89,2.156,,,,,,,,0.0155,,106374000,2025-10-29,quarterly,2.78,USD,pre-market,3003000,107393000,0.0466,0.0253,0.036,96.81,75358000,250000000,78366000,None,177.72,202.84,-10.3226,893803000,376325000,186068000,509532000,517478000,323464000,97652000,384271000,231.29,None,220.03,104.6
2025-12-28,GTLS,0.89,4291200000.0,231.29,None,1.763,71.23,,None,107937000,107937000,,,,,,,,,283000,28959000,None,75733000,75733000,57026000,None,None,121155000,None,None,4396000,,,,,0.396,-0.32,5209000,9605000,3.1,2008-03-31,14.2,248932000,1450800000.0,21919000,-947000,-441000,133075000,133075000,None,25604000,None,105594000,None,None,250000000,None,None,-506000,None,None,None,0.177,,16849000,5070000,27689000,77547000,None,None,None,,,,,0.612,2.89,2.156,,,,,,,,0.0155,,104264000,2025-10-29,quarterly,2.78,USD,pre-market,3003000,85201000,0.0466,0.0253,0.036,96.81,75358000,250000000,28565000,None,177.72,202.84,-10.3226,861539000,362375000,183555000,505546000,499164000,321991000,97652000,355993000,231.29,None,220.03,104.6
2025-12-28,GTLS,0.89,4291200000.0,231.29,None,1.763,71.23,,None,92869000,92869000,,,,,,,,,282000,28252000,None,75733000,75733000,125107000,None,None,132487000,None,None,4396000,,,,,0.396,-0.32,5209000,9605000,3.1,2007-12-31,14.2,248453000,1450800000.0,21919000,-947000,-441000,135699000,135699000,None,25604000,None,87073000,None,None,250000000,None,None,-506000,None,None,None,0.177,,16849000,5070000,1422000,5731000,None,None,None,,,,,0.612,2.89,2.156,,,,,,,,0.0155,,99579000,2025-10-29,quarterly,2.78,USD,pre-market,3003000,70545000,0.0466,0.0253,0.036,96.81,75358000,250000000,16224000,None,177.72,202.84,-10.3226,825754000,329047000,174694000,497763000,496707000,323069000,97652000,327991000,231.29,None,220.03,104.6
2025-12-28,GTLS,0.89,4291200000.0,231.29,None,1.763,71.23,,None,62426000,62426000,,,,,,,,,280000,28665000,None,75733000,75733000,105131000,None,None,105553000,None,None,4396000,,,,,0.396,-0.32,5209000,9605000,3.1,2007-09-30,14.2,247049000,1450800000.0,21919000,-947000,-441000,138322000,138322000,None,25604000,None,84021000,None,None,250000000,None,None,-506000,None,None,None,0.177,,16849000,5070000,25675000,41192000,None,None,None,,,,,0.612,2.89,2.156,,,,,,,,0.0155,,96589000,2025-10-29,quarterly,2.78,USD,pre-market,3003000,54127000,0.0466,0.0253,0.036,96.81,75358000,250000000,55117000,None,177.72,202.84,-10.3226,772722000,277675000,146323000,466976000,495047000,320653000,97652000,305746000,231.29,None,220.03,104.6
2025-12-28,GTLS,0.89,4291200000.0,231.29,None,1.763,71.23,,None,14276000,14276000,,,,,,,,,275000,26588000,None,75733000,75733000,98870000,None,None,114975000,None,None,4396000,,,,,0.396,-0.32,5209000,9605000,3.1,2007-06-30,14.2,247000000,1450800000.0,21919000,-947000,-441000,140952000,140952000,None,25604000,None,82864000,None,None,250000000,None,None,-506000,None,None,None,0.177,,16849000,5070000,34143000,37117000,None,None,None,,,,,0.612,2.89,2.156,,,,,,,,0.0155,,92094000,2025-10-29,quarterly,2.78,USD,pre-market,3003000,42015000,0.0466,0.0253,0.036,96.81,75358000,250000000,48388000,None,177.72,202.84,-10.3226,739816000,246258000,135987000,458391000,493558000,322404000,97652000,281425000,231.29,None,220.03,104.6
2025-12-28,GTLS,0.89,4291200000.0,231.29,None,1.763,71.23,,None,12359000,12359000,,,,,,,,,256000,25810000,None,75733000,75733000,102388000,None,None,123306000,None,None,4396000,,,,,0.396,-0.32,5209000,9605000,3.1,2007-03-31,14.2,246832000,1450800000.0,21919000,-947000,-441000,143593000,143593000,None,25604000,None,79629000,None,None,290000000,None,None,-506000,None,None,None,0.177,,16849000,5070000,27166000,43427000,None,None,None,,,,,0.612,2.89,2.156,,,,,,,,0.0155,,88865000,2025-10-29,quarterly,2.78,USD,pre-market,3003000,33567000,0.0466,0.0253,0.036,96.81,75358000,290000000,52402000,2003000,177.72,202.84,-10.3226,736316000,242460000,145815000,509353000,493856000,363538000,97652000,226963000,231.29,None,220.03,104.6
2025-12-28,GTLS,0.89,4291200000.0,231.29,None,1.763,71.23,,None,18854000,18854000,,,,,,,,,256000,25604000,None,75733000,75733000,93231000,None,None,120862000,None,None,4396000,,,,,0.396,-0.32,5209000,9605000,3.1,2006-12-31,14.2,247144000,1450800000.0,21919000,-947000,-441000,146623000,146623000,None,25604000,None,72857000,None,None,290000000,None,None,-506000,None,None,None,0.177,,16849000,5070000,16059000,45260000,None,None,None,,,,,0.612,2.89,2.156,,,,,,,,0.0155,,85723000,2025-10-29,quarterly,2.78,USD,pre-market,3003000,26389000,0.0466,0.0253,0.036,96.81,75358000,290750000,750000,2003000,177.72,202.84,-10.3226,724875000,230635000,139241000,505141000,494240000,365900000,97652000,219734000,231.29,None,220.03,104.6
2025-12-28,GTLS,0.89,4291200000.0,231.29,None,1.763,71.23,,None,22958000,22958000,,,,,,,,,256000,20398000,None,75733000,75733000,86470000,None,None,103875000,None,None,4396000,,,,,0.396,-0.32,5209000,9605000,3.1,2006-09-30,14.2,245706000,1450800000.0,21919000,-947000,-441000,150723000,150723000,None,25604000,None,60888000,None,None,290000000,None,None,-506000,None,None,None,0.177,,16849000,5070000,23257000,45499000,None,None,None,,,,,0.612,2.89,2.156,,,,,,,,0.0155,,77777000,2025-10-29,quarterly,2.78,USD,pre-market,3003000,17780000,0.0466,0.0253,0.036,96.81,75358000,290000000,36181000,None,177.72,202.84,-10.3226,698772000,210978000,131969000,498111000,487794000,366142000,97652000,200661000,231.29,None,220.03,104.6
2025-12-28,GTLS,0.89,4291200000.0,231.29,None,1.763,71.23,,None,17686000,17686000,,,,,,,,,112000,10636000,None,75733000,75733000,87121000,None,None,105844000,None,None,4396000,,,,,0.396,-0.32,5209000,9605000,3.1,2006-06-30,14.2,245502000,1450800000.0,21919000,-947000,-441000,154952000,154952000,None,25604000,None,57519000,None,None,315000000,None,None,-506000,None,None,None,0.177,,16849000,5070000,22421000,37463000,None,None,None,,,,,0.612,2.89,2.156,,,,,,,,0.0155,,73255000,2025-10-29,quarterly,2.78,USD,pre-market,3003000,10848000,0.0466,0.0253,0.036,96.81,75358000,315000000,42180000,None,177.72,202.84,-10.3226,690040000,203470000,124584000,519144000,486570000,394560000,97652000,170896000,231.29,None,220.03,104.6
2025-12-28,GTLS,0.89,4291200000.0,231.29,None,1.763,71.23,,None,19462000,19462000,,,,,,,,,80000,8285000,None,75733000,75733000,78296000,None,None,96677000,None,None,4396000,,,,,0.396,-0.32,5209000,9605000,3.1,2006-03-31,14.2,236810000,1450800000.0,21919000,-947000,-441000,150495000,150495000,None,25604000,None,53596000,None,None,340000000,None,None,-506000,None,None,None,0.177,,16849000,5070000,20356000,36648000,None,None,None,,,,,0.612,2.89,2.156,,,,,,,,0.0155,,66205000,2025-10-29,quarterly,2.78,USD,pre-market,3003000,5539000,0.0466,0.0253,0.036,96.81,75358000,341513000,1513000,None,177.72,202.84,-10.3226,656483000,190091000,116457000,532337000,466392000,415880000,97652000,124146000,231.29,None,220.03,104.6
2025-12-28,GTLS,0.89,4291200000.0,231.29,None,1.763,71.23,,None,11326000,11326000,,,,,,,,,80000,5372000,None,75733000,75733000,55011000,None,None,83768000,None,None,4396000,,,,,0.396,-0.32,5209000,9605000,3.1,2005-12-31,14.2,236742000,1450800000.0,21919000,-947000,-441000,154063000,154063000,None,25604000,None,53132000,None,None,345000000,None,None,-506000,None,None,None,0.177,,16849000,5070000,18673000,41001000,None,None,None,,,,,0.612,2.89,2.156,,,,,,,,0.0155,,64265000,2025-10-29,quarterly,2.78,USD,pre-market,3003000,-506000,0.0466,0.0253,0.036,96.81,75358000,347304000,2304000,None,177.72,202.84,-10.3226,635641000,166899000,98316000,519311000,468742000,420995000,97652000,116330000,231.29,None,220.03,104.6
2025-12-28,GTLS,0.89,4291200000.0,231.29,None,1.763,71.23,,None,None,None,,,,,,,,,None,5626000,None,75733000,75733000,None,None,None,None,None,None,4396000,,,,,0.396,-0.32,5209000,9605000,3.1,2005-09-30,14.2,None,1450800000.0,21919000,-947000,-441000,None,None,None,25604000,None,None,None,None,None,None,None,-506000,None,None,None,0.177,,16849000,5070000,None,None,None,None,None,,,,,0.612,2.89,2.156,,,,,,,,0.0155,,None,2025-10-29,quarterly,2.78,USD,pre-market,3003000,None,0.0466,0.0253,0.036,96.81,75358000,None,None,None,177.72,202.84,-10.3226,None,None,None,None,None,None,97652000,None,231.29,None,220.03,104.6
2025-12-28,GTLS,0.89,4291200000.0,231.29,None,1.763,71.23,,None,308600000,308600000,,,,,,,,,500000,46670000,None,75733000,75733000,1058900000,None,900000,1487400000,None,None,4396000,,,,,0.396,-0.32,5209000,9605000,3.1,2024-12-31,14.2,2899900000,1450800000.0,21919000,-947000,-441000,2540600000,2540600000,None,25604000,None,490500000,None,None,3640700000,None,None,-506000,None,None,None,0.177,,16849000,5070000,178900000,345700000,None,153300000,None,,,,,0.612,2.89,2.156,,,,,,,,0.0155,,None,2025-10-29,annual,2.78,USD,pre-market,3003000,1113400000,0.0466,0.0253,0.036,96.81,75358000,3737100000,23000000,None,177.72,202.84,-10.3226,9123900000,2465400000,1789800000,6128700000,6658500000,4338900000,97652000,2828800000,231.29,None,220.03,104.6
2025-12-28,GTLS,0.89,4291200000.0,231.29,None,1.763,71.23,,69200000,188300000,188300000,,,,,,,,,400000,46820000,None,75733000,75733000,811000000,None,258500000,1240600000,None,None,4396000,,,,,0.396,-0.32,5209000,9605000,3.1,2023-12-31,14.2,2906800000,1450800000.0,21919000,-947000,-441000,2791900000,2791900000,None,25604000,None,576300000,None,None,3576400000,None,201100000,-506000,None,None,None,0.177,,16849000,5070000,209200000,341600000,None,95200000,None,,,,,0.612,2.89,2.156,,,,,,,,0.0155,,None,2025-10-29,annual,2.78,USD,pre-market,3003000,922100000,0.0466,0.0253,0.036,96.81,75358000,3904100000,277000000,None,177.72,202.84,-10.3226,9102400000,2214400000,1866200000,6163400000,6888000000,4297200000,97652000,2786500000,231.29,None,220.03,104.6
2025-12-28,GTLS,0.89,4291200000.0,231.29,None,1.763,71.23,,21000000,663600000,663600000,,,,,,,,,400000,41800000,None,75733000,75733000,211100000,None,256900000,646500000,None,None,4396000,,,,,0.396,-0.32,5209000,9605000,3.1,2022-12-31,14.2,992000000,1450800000.0,21919000,-947000,-441000,535300000,535300000,None,25604000,None,357900000,None,None,2039800000,None,189500000,-506000,None,None,None,0.177,,16849000,5070000,2022900000,434100000,None,50100000,None,,,,,0.612,2.89,2.156,,,,,,,,0.0155,,430000000,2025-10-29,annual,2.78,USD,pre-market,3003000,902200000,0.0466,0.0253,0.036,96.81,75358000,2317700000,262300000,None,177.72,202.84,-10.3226,5901900000,3690900000,1081600000,3217600000,2211000000,2136000000,97652000,2675500000,231.29,None,220.03,104.6
2025-12-28,GTLS,0.89,4291200000.0,231.29,None,1.763,71.23,,27200000,122200000,122200000,,,,,,,,,400000,41110000,None,75733000,75733000,175900000,None,255900000,236300000,None,None,4396000,,,,,0.396,-0.32,5209000,9605000,3.1,2021-12-31,14.2,994600000,1450800000.0,21919000,-947000,-441000,556100000,556100000,None,25604000,None,321500000,None,None,600800000,None,99600000,-506000,None,None,None,0.177,,16849000,5070000,173500000,107800000,None,64100000,None,,,,,0.612,2.89,2.156,,,,,,,,0.0155,,416000000,2025-10-29,annual,2.78,USD,pre-market,3003000,878200000,0.0466,0.0253,0.036,96.81,75358000,862500000,261700000,None,177.72,202.84,-10.3226,3043800000,853500000,693900000,1418600000,2190300000,724700000,97652000,1625200000,231.29,None,220.03,104.6
2025-12-28,GTLS,0.89,4291200000.0,231.29,None,1.763,71.23,,28700000,125100000,125100000,,,,,,,,,400000,36450000,None,75733000,75733000,140100000,None,220900000,200800000,None,None,4396000,,,,,0.396,-0.32,5209000,9605000,3.1,2020-12-31,14.2,865900000,1450800000.0,21919000,-947000,-441000,509100000,509100000,None,25604000,None,248400000,None,None,221600000,None,78900000,-506000,None,None,None,0.177,,16849000,5070000,128700000,149800000,None,74600000,None,,,,,0.612,2.89,2.156,,,,,,,,0.0155,,414500000,2025-10-29,annual,2.78,USD,pre-market,3003000,808400000,0.0466,0.0253,0.036,96.81,75358000,447600000,226000000,78000000,177.72,202.84,-10.3226,2586500000,703000000,634800000,995200000,1883500000,360400000,97652000,1591300000,231.29,None,220.03,104.6
2025-12-28,GTLS,0.89,4291200000.0,231.29,None,1.763,71.23,,34100000,119000000,119000000,,,,,,,,,400000,35170000,None,75733000,75733000,125000000,None,16300000,202600000,None,None,4396000,,,,,0.396,-0.32,5209000,9605000,3.1,2019-12-31,14.2,844900000,1450800000.0,21919000,-947000,-441000,529100000,529100000,None,25604000,None,219400000,None,None,761000000,None,13400000,-506000,None,None,None,0.177,,16849000,5070000,132600000,102900000,None,57600000,None,,,,,0.612,2.89,2.156,,,,,,,,0.0155,,404600000,2025-10-29,annual,2.78,USD,pre-market,3003000,500300000,0.0466,0.0253,0.036,96.81,75358000,783600000,22600000,None,177.72,202.84,-10.3226,2481400000,673600000,378300000,1249000000,1807800000,870700000,97652000,1232400000,231.29,None,220.03,104.6
2025-12-28,GTLS,0.89,4291200000.0,231.29,None,1.763,71.23,,None,118100000,118100000,,,,,,,,,300000,32200000,None,75733000,75733000,125500000,None,11200000,194800000,None,None,4396000,,,,,0.396,-0.32,5209000,9605000,3.1,2018-12-31,14.2,520700000,1450800000.0,21919000,-947000,-441000,330400000,330400000,None,25604000,None,233100000,None,None,533200000,None,2800000,-506000,None,None,None,0.177,,16849000,5070000,106400000,90600000,None,32500000,None,,,,,0.612,2.89,2.156,,,,,,,,0.0155,,361100000,2025-10-29,annual,2.78,USD,pre-market,3003000,453900000,0.0466,0.0253,0.036,96.81,75358000,544400000,11200000,None,177.72,202.84,-10.3226,1888400000,652400000,357300000,999400000,1236000000,642100000,97652000,889000000,231.29,None,220.03,104.6
2025-12-28,GTLS,0.89,4291200000.0,231.29,None,1.763,71.23,,None,122600000,122600000,,,,,,,,,300000,31340000,None,75733000,75733000,113900000,None,58900000,222700000,None,None,4396000,,,,,0.396,-0.32,5209000,9605000,3.1,2017-12-31,14.2,468800000,1450800000.0,21919000,-947000,-441000,302500000,302500000,None,25604000,None,208900000,None,None,439200000,None,None,-506000,None,None,None,0.177,,16849000,5070000,79800000,104600000,None,30200000,None,,,,,0.612,2.89,2.156,,,,,,,,0.0155,,297600000,2025-10-29,annual,2.78,USD,pre-market,3003000,364300000,0.0466,0.0253,0.036,96.81,75358000,498100000,58900000,5400000,177.72,202.84,-10.3226,1724700000,634000000,387600000,919500000,1090700000,531900000,97652000,805200000,231.29,0,220.03,104.6
2025-12-28,GTLS,0.89,4291200000.0,231.29,None,1.763,71.23,,None,281959000,281959000,,,,,,,,,306000,30994000,None,75733000,75733000,79953000,None,6487000,142762000,None,None,4396000,,,,,0.396,-0.32,5209000,9605000,3.1,2016-12-31,14.2,217970000,1450800000.0,21919000,-947000,-441000,93443000,93443000,None,25604000,None,169683000,None,None,233711000,None,None,-506000,None,None,None,0.177,,16849000,5070000,58573000,100392000,None,34919000,None,,,,,0.612,2.89,2.156,,,,,,,,0.0155,,251049000,2025-10-29,annual,2.78,USD,pre-market,3003000,336328000,0.0466,0.0253,0.036,96.81,75358000,240198000,6487000,0,177.72,202.84,-10.3226,1233082000,652977000,261534000,534405000,580105000,272871000,97652000,698677000,231.29,0,220.03,104.6
2025-12-28,GTLS,0.89,4291200000.0,231.29,None,1.763,71.23,,None,123708000,123708000,,,,,,,,,305000,30493000,None,75733000,75733000,97413000,None,219958000,242797000,None,None,4396000,,,,,0.396,-0.32,5209000,9605000,3.1,2015-12-31,14.2,218390000,1450800000.0,21919000,-947000,-441000,106714000,106714000,None,25604000,None,199302000,None,None,215634000,None,None,-506000,None,None,None,0.177,,16849000,5070000,463522000,87436000,None,43421000,None,,,,,0.612,2.89,2.156,,,,,,,,0.0155,,266277000,2025-10-29,annual,2.78,USD,pre-market,3003000,308091000,0.0466,0.0253,0.036,96.81,75358000,221794000,6160000,0,177.72,202.84,-10.3226,1201976000,587230000,262039000,526240000,614746000,264201000,97652000,675736000,231.29,0,220.03,104.6
2025-12-28,GTLS,0.89,4291200000.0,231.29,None,1.763,71.23,,None,103656000,103656000,,,,,,,,,305000,30666000,None,75733000,75733000,114252000,None,209002000,247760000,None,None,4396000,,,,,0.396,-0.32,5209000,9605000,3.1,2014-12-31,14.2,405522000,1450800000.0,21919000,-947000,-441000,153666000,153666000,None,25604000,None,215725000,None,None,204099000,None,None,-506000,None,None,None,0.177,,16849000,5070000,47965000,86446000,None,36237000,None,,,,,0.612,2.89,2.156,,,,,,,,0.0155,,257645000,2025-10-29,annual,2.78,USD,pre-market,3003000,511051000,0.0466,0.0253,0.036,96.81,75358000,209002000,4903000,0,177.72,202.84,-10.3226,1462063000,615106000,287759000,574983000,846957000,287224000,97652000,879879000,231.29,0,220.03,104.6
2025-12-28,GTLS,0.89,4291200000.0,231.29,None,1.763,71.23,,None,137345000,137345000,,,,,,,,,304000,31931000,None,75733000,75733000,101805000,None,None,256090000,None,None,4396000,,,,,0.396,-0.32,5209000,9605000,3.1,2013-12-31,14.2,398905000,1450800000.0,21919000,-947000,-441000,172142000,172142000,None,25604000,None,213004000,None,None,64688000,None,None,-506000,None,None,None,0.177,,16849000,5070000,43004000,87196000,None,31339000,None,,,,,0.612,2.89,2.156,,,,,,,,0.0155,,224205000,2025-10-29,annual,2.78,USD,pre-market,3003000,429187000,0.0466,0.0253,0.036,96.81,75358000,265155000,200467000,0,177.72,202.84,-10.3226,1461630000,649443000,499304000,643047000,812187000,143743000,97652000,811348000,231.29,0,220.03,104.6
2025-12-28,GTLS,0.89,4291200000.0,231.29,None,1.763,71.23,,None,141498000,141498000,,,,,,,,,300000,30194000,None,75733000,75733000,100528000,None,None,190689000,None,None,4396000,,,,,0.396,-0.32,5209000,9605000,3.1,2012-12-31,14.2,398941000,1450800000.0,21919000,-947000,-441000,189463000,189463000,None,25604000,None,196501000,None,None,252021000,None,None,-506000,None,None,None,0.177,,16849000,5070000,27736000,75616000,None,None,None,,,,,0.612,2.89,2.156,,,,,,,,0.0155,,169776000,2025-10-29,annual,2.78,USD,pre-market,3003000,346011000,0.0466,0.0253,0.036,96.81,75358000,255771000,3750000,244000,177.72,202.84,-10.3226,1327841000,556424000,273775000,628058000,771417000,354283000,97652000,696478000,231.29,0,220.03,104.6
2025-12-28,GTLS,0.89,4291200000.0,231.29,None,1.763,71.23,,None,256861000,256861000,,,,,,,,,296000,29913000,None,75733000,75733000,84297000,None,None,166692000,None,None,4396000,,,,,0.396,-0.32,5209000,9605000,3.1,2011-12-31,14.2,288770000,1450800000.0,21919000,-947000,-441000,140553000,140553000,None,25604000,None,149822000,None,None,223224000,None,None,-506000,None,None,None,0.177,,16849000,5070000,23916000,64937000,None,28262000,None,,,,,0.612,2.89,2.156,,,,,,,,0.0155,,137301000,2025-10-29,annual,2.78,USD,pre-market,3003000,274716000,0.0466,0.0253,0.036,96.81,75358000,234482000,11258000,None,177.72,202.84,-10.3226,1174475000,597629000,265493000,560924000,576846000,295431000,97652000,611039000,231.29,None,220.03,104.6
2025-12-28,GTLS,0.89,4291200000.0,231.29,None,1.763,71.23,,None,165112000,165112000,,,,,,,,,288000,29255000,None,75733000,75733000,54749000,None,None,88131000,None,None,4396000,,,,,0.396,-0.32,5209000,9605000,3.1,2010-12-31,14.2,275252000,1450800000.0,21919000,-947000,-441000,144286000,144286000,None,25604000,None,104435000,None,None,218425000,None,None,-506000,None,None,None,0.177,,16849000,5070000,48418000,103874000,None,24717000,None,,,,,0.612,2.89,2.156,,,,,,,,0.0155,,116158000,2025-10-29,annual,2.78,USD,pre-market,3003000,230640000,0.0466,0.0253,0.036,96.81,75358000,224925000,6500000,0,177.72,202.84,-10.3226,954839000,406096000,171183000,453465000,548743000,288782000,97652000,499164000,231.29,0,220.03,104.6
2025-12-28,GTLS,0.89,4291200000.0,231.29,None,1.763,71.23,,None,211168000,211168000,,,,,,,,,285000,28981000,None,75733000,75733000,38089000,None,None,95761000,None,None,4396000,,,,,0.396,-0.32,5209000,9605000,3.1,2009-12-31,14.2,264532000,1450800000.0,21919000,-947000,-441000,123773000,123773000,None,25604000,None,85570000,None,None,243175000,None,None,-506000,None,None,None,0.177,,16849000,5070000,203236000,83539000,None,None,None,,,,,0.612,2.89,2.156,,,,,,,,0.0155,,111153000,2025-10-29,annual,2.78,USD,pre-market,3003000,210480000,0.0466,0.0253,0.036,96.81,75358000,243175000,29473000,None,177.72,202.84,-10.3226,926503000,414404000,143937000,449257000,512099000,305320000,97652000,477246000,231.29,None,220.03,104.6
2025-12-28,GTLS,0.89,4291200000.0,231.29,None,1.763,71.23,,None,122165000,122165000,,,,,,,,,284000,29008000,None,75733000,75733000,45392000,None,None,130203000,None,None,4396000,,,,,0.396,-0.32,5209000,9605000,3.1,2008-12-31,14.2,261509000,1450800000.0,21919000,-947000,-441000,129542000,129542000,None,25604000,None,95390000,None,None,243175000,None,None,-506000,None,None,None,0.177,,16849000,5070000,17711000,121685000,None,None,None,,,,,0.612,2.89,2.156,,,,,,,,0.0155,,102372000,2025-10-29,annual,2.78,USD,pre-market,3003000,149469000,0.0466,0.0253,0.036,96.81,75358000,243175000,69349000,32264000,177.72,202.84,-10.3226,909427000,405025000,194161000,505467000,504402000,311306000,97652000,403960000,231.29,None,220.03,104.6
2025-12-28,GTLS,0.89,4291200000.0,231.29,None,1.763,71.23,,None,92869000,92869000,,,,,,,,,282000,27493000,None,75733000,75733000,125107000,None,None,132487000,None,None,4396000,,,,,0.396,-0.32,5209000,9605000,3.1,2007-12-31,14.2,248453000,1450800000.0,21919000,-947000,-441000,135699000,135699000,None,25604000,None,87073000,None,None,250000000,None,None,-506000,None,None,None,0.177,,16849000,5070000,1422000,5731000,None,None,None,,,,,0.612,2.89,2.156,,,,,,,,0.0155,,99579000,2025-10-29,annual,2.78,USD,pre-market,3003000,70545000,0.0466,0.0253,0.036,96.81,75358000,250000000,16224000,None,177.72,202.84,-10.3226,825754000,329047000,174694000,497763000,496707000,323069000,97652000,327991000,231.29,None,220.03,104.6
2025-12-28,GTLS,0.89,4291200000.0,231.29,None,1.763,71.23,,None,18854000,18854000,,,,,,,,,256000,16269000,None,75733000,75733000,48709000,None,None,120862000,None,None,4396000,,,,,0.396,-0.32,5209000,9605000,3.1,2006-12-31,14.2,247144000,1450800000.0,21919000,-947000,-441000,146623000,146623000,None,25604000,None,72857000,None,None,290000000,None,None,-506000,None,None,None,0.177,,16849000,5070000,16059000,45260000,None,None,None,,,,,0.612,2.89,2.156,,,,,,,,0.0155,,85723000,2025-10-29,annual,2.78,USD,pre-market,3003000,26389000,0.0466,0.0253,0.036,96.81,75358000,290750000,750000,2003000,177.72,202.84,-10.3226,724875000,230635000,139241000,505141000,494240000,365900000,97652000,219734000,231.29,None,220.03,104.6
2025-12-28,GTLS,0.89,4291200000.0,231.29,None,1.763,71.23,,None,11326000,11326000,,,,,,,,,80000,6113000,None,75733000,75733000,36383000,None,None,83768000,None,None,4396000,,,,,0.396,-0.32,5209000,9605000,3.1,2005-12-31,14.2,236742000,1450800000.0,21919000,-947000,-441000,154063000,154063000,None,25604000,None,53132000,None,None,345000000,None,None,-506000,None,None,None,0.177,,16849000,5070000,18673000,41001000,None,None,None,,,,,0.612,2.89,2.156,,,,,,,,0.0155,,64265000,2025-10-29,annual,2.78,USD,pre-market,3003000,-506000,0.0466,0.0253,0.036,96.81,75358000,347304000,2304000,None,177.72,202.84,-10.3226,635641000,166899000,98316000,519311000,468742000,420995000,97652000,116330000,231.29,None,220.03,104.6
2025-12-28,GTLS,0.89,4291200000.0,231.29,None,1.763,71.23,23300000,None,11326000,11326000,-36200000,-25800000,None,None,-16200000,None,None,None,80000,6113000,None,75733000,75733000,36383000,None,None,83768000,None,None,4396000,71400000,6800000,6800000,None,0.396,-0.32,5209000,9605000,3.1,2025-09-30,14.2,236742000,1450800000.0,21919000,-947000,-441000,154063000,154063000,None,25604000,None,53132000,None,None,345000000,None,None,-135400000,None,None,None,0.177,118000000,16849000,5070000,18673000,41001000,None,None,None,None,None,None,None,0.612,2.89,2.156,None,None,None,None,None,-600000,None,0.0155,None,64265000,2025-10-29,quarterly,2.78,USD,pre-market,3003000,-506000,0.0466,0.0253,0.036,96.81,75358000,347304000,2304000,None,177.72,202.84,-10.3226,635641000,166899000,98316000,519311000,468742000,420995000,97652000,116330000,231.29,None,220.03,104.6
2025-12-28,GTLS,0.89,4291200000.0,231.29,None,1.763,71.23,23900000,None,11326000,11326000,-83400000,-23900000,None,None,16300000,None,None,None,80000,6113000,None,75733000,75733000,36383000,None,None,83768000,None,None,4396000,71100000,6800000,6800000,None,0.396,-0.32,5209000,9605000,3.1,2025-06-30,14.2,236742000,1450800000.0,21919000,-947000,-441000,154063000,154063000,None,25604000,None,53132000,None,None,345000000,None,None,79900000,None,None,None,0.177,145900000,16849000,5070000,18673000,41001000,None,None,None,None,None,None,None,0.612,2.89,2.156,None,None,None,None,None,-300000,None,0.0155,None,64265000,2025-10-29,quarterly,2.78,USD,pre-market,3003000,-506000,0.0466,0.0253,0.036,96.81,75358000,347304000,2304000,None,177.72,202.84,-10.3226,635641000,166899000,98316000,519311000,468742000,420995000,97652000,116330000,231.29,None,220.03,104.6
2025-12-28,GTLS,0.89,4291200000.0,231.29,None,1.763,71.23,20100000,None,11326000,11326000,65700000,-21100000,None,None,-8900000,None,None,None,80000,6113000,None,75733000,75733000,36383000,None,None,83768000,None,None,4396000,66200000,6800000,6800000,None,0.396,-0.32,5209000,9605000,3.1,2025-03-31,14.2,236742000,1450800000.0,21919000,-947000,-441000,154063000,154063000,None,25604000,None,53132000,None,None,345000000,None,None,54300000,None,None,None,0.177,-60000000,16849000,5070000,18673000,41001000,None,None,None,None,None,None,None,0.612,2.89,2.156,None,None,None,None,None,-3900000,None,0.0155,None,64265000,2025-10-29,quarterly,2.78,USD,pre-market,3003000,-506000,0.0466,0.0253,0.036,96.81,75358000,347304000,2304000,None,177.72,202.84,-10.3226,635641000,166899000,98316000,519311000,468742000,420995000,97652000,116330000,231.29,None,220.03,104.6
2025-12-28,GTLS,0.89,4291200000.0,231.29,None,1.763,71.23,20500000,None,11326000,11326000,-250500000,-19700000,None,None,30500000,None,None,None,80000,6113000,None,75733000,75733000,36383000,None,None,83768000,None,None,4396000,69900000,6800000,6800000,None,0.396,-0.32,5209000,9605000,3.1,2024-12-31,14.2,236742000,1450800000.0,21919000,-947000,-441000,154063000,154063000,None,25604000,None,53132000,None,None,345000000,None,None,83300000,None,None,None,0.177,281400000,16849000,5070000,18673000,41001000,None,None,None,None,None,None,None,0.612,2.89,2.156,None,None,None,None,None,3300000,None,0.0155,None,64265000,2025-10-29,quarterly,2.78,USD,pre-market,3003000,-506000,0.0466,0.0253,0.036,96.81,75358000,347304000,2304000,None,177.72,202.84,-10.3226,635641000,166899000,98316000,519311000,468742000,420995000,97652000,116330000,231.29,None,220.03,104.6
2025-12-28,GTLS,0.89,4291200000.0,231.29,None,1.763,71.23,26100000,None,11326000,11326000,-120100000,-26000000,None,None,19400000,None,None,None,80000,6113000,None,75733000,75733000,36383000,None,None,83768000,None,None,4396000,68100000,6800000,6800000,None,0.396,-0.32,5209000,9605000,3.1,2024-09-30,14.2,236742000,1450800000.0,21919000,-947000,-441000,154063000,154063000,None,25604000,None,53132000,None,None,345000000,None,None,73100000,None,None,None,0.177,200600000,16849000,5070000,18673000,41001000,None,None,None,None,None,None,None,0.612,2.89,2.156,None,None,None,None,None,-200000,None,0.0155,None,64265000,2025-10-29,quarterly,2.78,USD,pre-market,3003000,-506000,0.0466,0.0253,0.036,96.81,75358000,347304000,2304000,None,177.72,202.84,-10.3226,635641000,166899000,98316000,519311000,468742000,420995000,97652000,116330000,231.29,None,220.03,104.6
2025-12-28,GTLS,0.89,4291200000.0,231.29,None,1.763,71.23,28100000,None,11326000,11326000,-17000000,-43800000,None,None,9100000,None,None,None,80000,6113000,None,75733000,75733000,36383000,None,None,83768000,None,None,4396000,66000000,6800000,6800000,None,0.396,-0.32,5209000,9605000,3.1,2024-06-30,14.2,236742000,1450800000.0,21919000,-947000,-441000,154063000,154063000,None,25604000,None,53132000,None,None,345000000,None,None,63100000,None,None,None,0.177,116100000,16849000,5070000,18673000,41001000,None,None,None,None,None,None,None,0.612,2.89,2.156,None,None,None,None,None,-100000,None,0.0155,None,64265000,2025-10-29,quarterly,2.78,USD,pre-market,3003000,-506000,0.0466,0.0253,0.036,96.81,75358000,347304000,2304000,None,177.72,202.84,-10.3226,635641000,166899000,98316000,519311000,468742000,420995000,97652000,116330000,231.29,None,220.03,104.6
2025-12-28,GTLS,0.89,4291200000.0,231.29,None,1.763,71.23,46100000,None,11326000,11326000,143900000,-51800000,None,None,-4100000,None,None,None,80000,6113000,None,75733000,75733000,36383000,None,None,83768000,None,None,4396000,65900000,6800000,6800000,None,0.396,-0.32,5209000,9605000,3.1,2024-03-31,14.2,236742000,1450800000.0,21919000,-947000,-441000,154063000,154063000,None,25604000,None,53132000,None,None,345000000,None,None,12400000,None,None,None,0.177,-95100000,16849000,5070000,18673000,41001000,None,None,None,None,None,None,None,0.612,2.89,2.156,None,None,None,None,None,-3000000,None,0.0155,None,64265000,2025-10-29,quarterly,2.78,USD,pre-market,3003000,-506000,0.0466,0.0253,0.036,96.81,75358000,347304000,2304000,None,177.72,202.84,-10.3226,635641000,166899000,98316000,519311000,468742000,420995000,97652000,116330000,231.29,None,220.03,104.6
2025-12-28,GTLS,0.89,4291200000.0,231.29,None,1.763,71.23,17600000,None,11326000,11326000,-265500000,164800000,None,None,23400000,None,None,None,80000,6113000,None,75733000,75733000,36383000,None,None,83768000,None,None,4396000,67900000,6800000,6800000,None,0.396,-0.32,5209000,9605000,3.1,2023-12-31,14.2,236742000,1450800000.0,21919000,-947000,-441000,154063000,154063000,None,25604000,None,53132000,None,None,345000000,None,None,54000000,None,None,None,0.177,130300000,16849000,5070000,18673000,41001000,None,None,None,None,None,None,None,0.612,2.89,2.156,None,None,None,None,None,2700000,None,0.0155,None,64265000,2025-10-29,quarterly,2.78,USD,pre-market,3003000,-506000,0.0466,0.0253,0.036,96.81,75358000,347304000,2304000,None,177.72,202.84,-10.3226,635641000,166899000,98316000,519311000,468742000,420995000,97652000,116330000,231.29,None,220.03,104.6
2025-12-28,GTLS,0.89,4291200000.0,231.29,None,1.763,71.23,63600000,None,11326000,11326000,-255400000,242900000,None,None,6000000,None,None,None,80000,6113000,None,75733000,75733000,36383000,None,None,83768000,None,None,4396000,67000000,6800000,6800000,None,0.396,-0.32,5209000,9605000,3.1,2023-09-30,14.2,236742000,1450800000.0,21919000,-947000,-441000,154063000,154063000,None,25604000,None,53132000,None,None,345000000,None,None,5700000,None,None,None,0.177,-22600000,16849000,5070000,18673000,41001000,None,None,None,None,None,None,None,0.612,2.89,2.156,None,None,None,None,None,-300000,None,0.0155,None,64265000,2025-10-29,quarterly,2.78,USD,pre-market,3003000,-506000,0.0466,0.0253,0.036,96.81,75358000,347304000,2304000,None,177.72,202.84,-10.3226,635641000,166899000,98316000,519311000,468742000,420995000,97652000,116330000,231.29,None,220.03,104.6
2025-12-28,GTLS,0.89,4291200000.0,231.29,None,1.763,71.23,20900000,None,11326000,11326000,-34400000,-24000000,33200000,None,-15400000,None,None,-56300000,80000,6113000,None,75733000,75733000,36383000,None,None,83768000,None,None,4396000,62900000,6800000,6800000,None,0.396,-0.32,5209000,9605000,3.1,2023-06-30,14.2,236742000,1450800000.0,21919000,-947000,-441000,154063000,154063000,None,25604000,None,53132000,None,None,345000000,None,None,7800000,None,None,None,0.177,91600000,16849000,5070000,18673000,41001000,None,None,None,None,None,None,None,0.612,2.89,2.156,None,None,None,None,None,-100000,None,0.0155,None,64265000,2025-10-29,quarterly,2.78,USD,pre-market,3003000,-506000,0.0466,0.0253,0.036,96.81,75358000,347304000,2304000,None,177.72,202.84,-10.3226,635641000,166899000,98316000,519311000,468742000,420995000,97652000,116330000,231.29,None,220.03,104.6
2025-12-28,GTLS,0.89,4291200000.0,231.29,None,1.763,71.23,31400000,None,11326000,11326000,2027000000,-4373800000,-2438100000,None,10400000,None,None,-6600000,80000,6113000,None,75733000,75733000,36383000,None,None,83768000,None,None,4396000,33300000,6900000,6900000,None,0.396,-0.32,5209000,9605000,3.1,2023-03-31,14.2,236742000,1450800000.0,21919000,-947000,-441000,154063000,154063000,None,25604000,None,53132000,None,None,345000000,None,None,-14300000,None,None,None,0.177,-91100000,16849000,5070000,18673000,41001000,None,None,None,None,None,None,None,0.612,2.89,2.156,None,None,None,None,None,-2600000,None,0.0155,None,64265000,2025-10-29,quarterly,2.78,USD,pre-market,3003000,-506000,0.0466,0.0253,0.036,96.81,75358000,347304000,2304000,None,177.72,202.84,-10.3226,635641000,166899000,98316000,519311000,468742000,420995000,97652000,116330000,231.29,None,220.03,104.6
2025-12-28,GTLS,0.89,4291200000.0,231.29,None,1.763,71.23,26000000,None,11326000,11326000,2513600000,-31300000,2512800000,None,9700000,None,None,900000,80000,6113000,None,75733000,75733000,36383000,None,None,83768000,None,None,4396000,19500000,200000,200000,None,0.396,-0.32,5209000,9605000,3.1,2022-12-31,14.2,236742000,1450800000.0,21919000,-947000,-441000,154063000,154063000,None,25604000,None,53132000,None,None,345000000,None,None,-40200000,None,None,None,0.177,30500000,16849000,5070000,18673000,41001000,None,None,None,None,None,None,None,0.612,2.89,2.156,None,None,None,None,None,-200000,None,0.0155,None,64265000,2025-10-29,quarterly,2.78,USD,pre-market,3003000,-506000,0.0466,0.0253,0.036,96.81,75358000,347304000,2304000,None,177.72,202.84,-10.3226,635641000,166899000,98316000,519311000,468742000,420995000,97652000,116330000,231.29,None,220.03,104.6
2025-12-28,GTLS,0.89,4291200000.0,231.29,None,1.763,71.23,18400000,None,11326000,11326000,-79600000,-14600000,-56400000,None,-2800000,None,None,-600000,80000,6113000,None,75733000,75733000,36383000,None,None,83768000,None,None,4396000,20200000,100000,100000,None,0.396,-0.32,5209000,9605000,3.1,2022-09-30,14.2,236742000,1450800000.0,21919000,-947000,-441000,154063000,154063000,None,25604000,None,53132000,None,None,345000000,None,None,41500000,None,None,None,0.177,37800000,16849000,5070000,18673000,41001000,None,None,None,None,None,None,None,0.612,2.89,2.156,None,None,None,None,None,-100000,None,0.0155,None,64265000,2025-10-29,quarterly,2.78,USD,pre-market,3003000,-506000,0.0466,0.0253,0.036,96.81,75358000,347304000,2304000,None,177.72,202.84,-10.3226,635641000,166899000,98316000,519311000,468742000,420995000,97652000,116330000,231.29,None,220.03,104.6
2025-12-28,GTLS,0.89,4291200000.0,231.29,None,1.763,71.23,17200000,None,11326000,11326000,54300000,-38200000,50800000,None,-20600000,None,None,-28400000,80000,6113000,None,75733000,75733000,36383000,None,None,83768000,None,None,4396000,21700000,None,None,None,0.396,-0.32,5209000,9605000,3.1,2022-06-30,14.2,236742000,1450800000.0,21919000,-947000,-441000,154063000,154063000,None,25604000,None,53132000,None,None,345000000,None,None,13400000,None,None,None,0.177,34700000,16849000,5070000,18673000,41001000,None,None,None,None,None,None,None,0.612,2.89,2.156,None,None,None,None,None,-100000,None,0.0155,None,64265000,2025-10-29,quarterly,2.78,USD,pre-market,3003000,-506000,0.0466,0.0253,0.036,96.81,75358000,347304000,2304000,None,177.72,202.84,-10.3226,635641000,166899000,98316000,519311000,468742000,420995000,97652000,116330000,231.29,None,220.03,104.6
2025-12-28,GTLS,0.89,4291200000.0,231.29,None,1.763,71.23,12600000,None,11326000,11326000,15900000,-17500000,-23800000,None,-35000000,None,None,-17200000,80000,6113000,None,75733000,75733000,36383000,None,None,83768000,None,None,4396000,20500000,None,None,None,0.396,-0.32,5209000,9605000,3.1,2022-03-31,14.2,236742000,1450800000.0,21919000,-947000,-441000,154063000,154063000,None,25604000,None,53132000,None,None,345000000,None,None,10300000,None,None,None,0.177,-22200000,16849000,5070000,18673000,41001000,None,None,None,None,None,None,None,0.612,2.89,2.156,None,None,None,None,None,-3200000,None,0.0155,None,64265000,2025-10-29,quarterly,2.78,USD,pre-market,3003000,-506000,0.0466,0.0253,0.036,96.81,75358000,347304000,2304000,None,177.72,202.84,-10.3226,635641000,166899000,98316000,519311000,468742000,420995000,97652000,116330000,231.29,None,220.03,104.6
2025-12-28,GTLS,0.89,4291200000.0,231.29,None,1.763,71.23,16200000,None,11326000,11326000,55600000,-52800000,23100000,None,17400000,None,None,700000,80000,6113000,None,75733000,75733000,36383000,None,None,83768000,None,None,4396000,20800000,None,None,None,0.396,-0.32,5209000,9605000,3.1,2021-12-31,14.2,236742000,1450800000.0,21919000,-947000,-441000,154063000,154063000,None,25604000,None,53132000,None,None,345000000,None,None,12400000,None,None,None,0.177,20300000,16849000,5070000,18673000,41001000,None,None,None,None,None,None,None,0.612,2.89,2.156,None,None,None,None,None,-3200000,None,0.0155,None,64265000,2025-10-29,quarterly,2.78,USD,pre-market,3003000,-506000,0.0466,0.0253,0.036,96.81,75358000,347304000,2304000,None,177.72,202.84,-10.3226,635641000,166899000,98316000,519311000,468742000,420995000,97652000,116330000,231.29,None,220.03,104.6
2025-12-28,GTLS,0.89,4291200000.0,231.29,None,1.763,71.23,9800000,None,11326000,11326000,91300000,-174100000,-96100000,None,-30400000,None,None,-12500000,80000,6113000,None,75733000,75733000,36383000,None,None,83768000,None,None,4396000,20500000,None,None,None,0.396,-0.32,5209000,9605000,3.1,2021-09-30,14.2,236742000,1450800000.0,21919000,-947000,-441000,154063000,154063000,None,25604000,None,53132000,None,None,345000000,None,None,15600000,None,None,None,0.177,-13300000,16849000,5070000,18673000,41001000,None,None,None,None,None,None,None,0.612,2.89,2.156,None,None,None,None,None,-3000000,None,0.0155,None,64265000,2025-10-29,quarterly,2.78,USD,pre-market,3003000,-506000,0.0466,0.0253,0.036,96.81,75358000,347304000,2304000,None,177.72,202.84,-10.3226,635641000,166899000,98316000,519311000,468742000,420995000,97652000,116330000,231.29,None,220.03,104.6
2025-12-28,GTLS,0.89,4291200000.0,231.29,None,1.763,71.23,15200000,None,11326000,11326000,147200000,-28000000,82600000,None,-28800000,None,None,-33000000,80000,6113000,None,75733000,75733000,36383000,None,None,83768000,None,None,4396000,19800000,None,None,None,0.396,-0.32,5209000,9605000,3.1,2021-06-30,14.2,236742000,1450800000.0,21919000,-947000,-441000,154063000,154063000,None,25604000,None,53132000,None,None,345000000,None,None,6800000,None,None,None,0.177,-36600000,16849000,5070000,18673000,41001000,None,None,None,None,None,None,None,0.612,2.89,2.156,None,None,None,None,None,-200000,None,0.0155,None,64265000,2025-10-29,quarterly,2.78,USD,pre-market,3003000,-506000,0.0466,0.0253,0.036,96.81,75358000,347304000,2304000,None,177.72,202.84,-10.3226,635641000,166899000,98316000,519311000,468742000,420995000,97652000,116330000,231.29,None,220.03,104.6
2025-12-28,GTLS,0.89,4291200000.0,231.29,None,1.763,71.23,11500000,None,11326000,11326000,87800000,-106300000,-10200000,None,-36300000,None,None,13600000,80000,6113000,None,75733000,75733000,36383000,None,None,83768000,None,None,4396000,19500000,None,None,None,0.396,-0.32,5209000,9605000,3.1,2021-03-31,14.2,236742000,1450800000.0,21919000,-947000,-441000,154063000,154063000,None,25604000,None,53132000,None,None,345000000,None,None,26100000,None,None,None,0.177,8300000,16849000,5070000,18673000,41001000,None,None,None,None,None,None,None,0.612,2.89,2.156,None,None,None,None,None,-3000000,None,0.0155,None,64265000,2025-10-29,quarterly,2.78,USD,pre-market,3003000,-506000,0.0466,0.0253,0.036,96.81,75358000,347304000,2304000,None,177.72,202.84,-10.3226,635641000,166899000,98316000,519311000,468742000,420995000,97652000,116330000,231.29,None,220.03,104.6
2025-12-28,GTLS,0.89,4291200000.0,231.29,None,1.763,71.23,11000000,None,11326000,11326000,-264600000,204400000,17900000,None,-8300000,None,None,-36800000,80000,6113000,None,75733000,75733000,36383000,None,None,83768000,None,None,4396000,19100000,28400000,28400000,None,0.396,-0.32,5209000,9605000,3.1,2020-12-31,14.2,236742000,1450800000.0,21919000,-947000,-441000,154063000,154063000,None,25604000,None,53132000,None,None,345000000,None,None,277100000,None,None,None,0.177,60200000,16849000,5070000,18673000,41001000,None,None,None,None,None,None,None,0.612,2.89,2.156,None,None,None,None,None,-200000,None,0.0155,None,64265000,2025-10-29,quarterly,2.78,USD,pre-market,3003000,-506000,0.0466,0.0253,0.036,96.81,75358000,347304000,2304000,None,177.72,202.84,-10.3226,635641000,166899000,98316000,519311000,468742000,420995000,97652000,116330000,231.29,None,220.03,104.6
2025-12-28,GTLS,0.89,4291200000.0,231.29,None,1.763,71.23,6300000,None,11326000,11326000,-45000000,800000,-29900000,None,200000,None,None,8600000,80000,6113000,None,75733000,75733000,36383000,None,None,83768000,None,None,4396000,19400000,None,None,None,0.396,-0.32,5209000,9605000,3.1,2020-09-30,14.2,236742000,1450800000.0,21919000,-947000,-441000,154063000,154063000,None,25604000,None,53132000,None,None,345000000,None,None,21800000,None,None,None,0.177,32200000,16849000,5070000,18673000,41001000,None,None,None,None,None,None,None,0.612,2.89,2.156,None,None,None,None,None,-1000,None,0.0155,None,64265000,2025-10-29,quarterly,2.78,USD,pre-market,3003000,-506000,0.0466,0.0253,0.036,96.81,75358000,347304000,2304000,None,177.72,202.84,-10.3226,635641000,166899000,98316000,519311000,468742000,420995000,97652000,116330000,231.29,None,220.03,104.6
2025-12-28,GTLS,0.89,4291200000.0,231.29,None,1.763,71.23,10700000,None,11326000,11326000,-11800000,-10000000,33000000,None,-13100000,None,None,10600000,80000,6113000,None,75733000,75733000,36383000,None,None,83768000,None,None,4396000,23600000,None,None,None,0.396,-0.32,5209000,9605000,3.1,2020-06-30,14.2,236742000,1450800000.0,21919000,-947000,-441000,154063000,154063000,None,25604000,None,53132000,None,None,345000000,None,None,21000000,None,None,None,0.177,54800000,16849000,5070000,18673000,41001000,None,None,None,None,None,None,None,0.612,2.89,2.156,None,None,None,None,None,600000,None,0.0155,None,64265000,2025-10-29,quarterly,2.78,USD,pre-market,3003000,-506000,0.0466,0.0253,0.036,96.81,75358000,347304000,2304000,None,177.72,202.84,-10.3226,635641000,166899000,98316000,519311000,468742000,420995000,97652000,116330000,231.29,None,220.03,104.6
2025-12-28,GTLS,0.89,4291200000.0,231.29,None,1.763,71.23,10300000,None,11326000,11326000,-42000000,-10200000,-26700000,None,-16100000,None,None,7500000,80000,6113000,None,75733000,75733000,36383000,None,None,83768000,None,None,4396000,23900000,None,None,None,0.396,-0.32,5209000,9605000,3.1,2020-03-31,14.2,236742000,1450800000.0,21919000,-947000,-441000,154063000,154063000,None,25604000,None,53132000,None,None,345000000,None,None,8500000,None,None,None,0.177,25500000,16849000,5070000,18673000,41001000,None,None,None,None,None,None,None,0.612,2.89,2.156,None,None,None,None,None,-19300000,None,0.0155,None,64265000,2025-10-29,quarterly,2.78,USD,pre-market,3003000,-506000,0.0466,0.0253,0.036,96.81,75358000,347304000,2304000,None,177.72,202.84,-10.3226,635641000,166899000,98316000,519311000,468742000,420995000,97652000,116330000,231.29,None,220.03,104.6
2025-12-28,GTLS,0.89,4291200000.0,231.29,None,1.763,71.23,9500000,None,11326000,11326000,-35600000,-9300000,33700000,None,15600000,None,None,22000000,80000,6113000,None,75733000,75733000,36383000,None,None,83768000,None,None,4396000,22700000,400000,400000,None,0.396,-0.32,5209000,9605000,3.1,2019-12-31,14.2,236742000,1450800000.0,21919000,-947000,-441000,154063000,154063000,None,25604000,None,53132000,None,None,345000000,None,None,12500000,None,None,None,0.177,78600000,16849000,5070000,18673000,41001000,None,None,None,None,None,None,None,0.612,2.89,2.156,None,None,None,None,None,800000,None,0.0155,None,64265000,2025-10-29,quarterly,2.78,USD,pre-market,3003000,-506000,0.0466,0.0253,0.036,96.81,75358000,347304000,2304000,None,177.72,202.84,-10.3226,635641000,166899000,98316000,519311000,468742000,420995000,97652000,116330000,231.29,None,220.03,104.6
2025-12-28,GTLS,0.89,4291200000.0,231.29,None,1.763,71.23,11600000,None,11326000,11326000,496300000,-613900000,-61900000,None,-200000,None,None,12700000,80000,6113000,None,75733000,75733000,36383000,None,None,83768000,None,None,4396000,24100000,None,None,None,0.396,-0.32,5209000,9605000,3.1,2019-09-30,14.2,236742000,1450800000.0,21919000,-947000,-441000,154063000,154063000,None,25604000,None,53132000,None,None,345000000,None,None,-300000,None,None,None,0.177,55700000,16849000,5070000,18673000,41001000,None,None,None,None,None,None,None,0.612,2.89,2.156,None,None,None,None,None,-400000,None,0.0155,None,64265000,2025-10-29,quarterly,2.78,USD,pre-market,3003000,-506000,0.0466,0.0253,0.036,96.81,75358000,347304000,2304000,None,177.72,202.84,-10.3226,635641000,166899000,98316000,519311000,468742000,420995000,97652000,116330000,231.29,None,220.03,104.6
2025-12-28,GTLS,0.89,4291200000.0,231.29,None,1.763,71.23,9200000,None,11326000,11326000,53500000,-10600000,75700000,None,6800000,None,None,1100000,80000,6113000,None,75733000,75733000,36383000,None,None,83768000,None,None,4396000,16000000,34100000,34100000,None,0.396,-0.32,5209000,9605000,3.1,2019-06-30,14.2,236742000,1450800000.0,21919000,-947000,-441000,154063000,154063000,None,25604000,None,53132000,None,None,345000000,None,None,14600000,None,None,None,0.177,32800000,16849000,5070000,18673000,41001000,None,None,None,None,None,None,None,0.612,2.89,2.156,None,None,None,None,None,-100000,None,0.0155,None,64265000,2025-10-29,quarterly,2.78,USD,pre-market,3003000,-506000,0.0466,0.0253,0.036,96.81,75358000,347304000,2304000,None,177.72,202.84,-10.3226,635641000,166899000,98316000,519311000,468742000,420995000,97652000,116330000,231.29,None,220.03,104.6
2025-12-28,GTLS,0.89,4291200000.0,231.29,None,1.763,71.23,5900000,None,11326000,11326000,-2600000,-8900000,-44700000,None,-10400000,None,None,-12200000,80000,6113000,None,75733000,75733000,36383000,None,None,83768000,None,None,4396000,16000000,None,None,None,0.396,-0.32,5209000,9605000,3.1,2019-03-31,14.2,236742000,1450800000.0,21919000,-947000,-441000,154063000,154063000,None,25604000,None,53132000,None,None,345000000,None,None,1000000,None,None,None,0.177,-33200000,16849000,5070000,18673000,41001000,None,None,None,None,None,None,None,0.612,2.89,2.156,None,None,None,None,None,-2700000,None,0.0155,None,64265000,2025-10-29,quarterly,2.78,USD,pre-market,3003000,-506000,0.0466,0.0253,0.036,96.81,75358000,347304000,2304000,None,177.72,202.84,-10.3226,635641000,166899000,98316000,519311000,468742000,420995000,97652000,116330000,231.29,None,220.03,104.6
2025-12-28,GTLS,0.89,4291200000.0,231.29,None,1.763,71.23,9200000,None,11326000,11326000,30900000,-89000000,-136200000,None,14600000,None,None,-8200000,80000,6113000,None,75733000,75733000,36383000,None,None,83768000,None,None,4396000,13900000,400000,400000,None,0.396,-0.32,5209000,9605000,3.1,2018-12-31,14.2,236742000,1450800000.0,21919000,-947000,-441000,154063000,154063000,None,25604000,None,53132000,None,None,345000000,None,None,18200000,None,None,None,0.177,23700000,16849000,5070000,18673000,41001000,None,None,None,None,None,None,None,0.612,2.89,2.156,None,None,None,None,None,-300000,None,0.0155,None,64265000,2025-10-29,quarterly,2.78,USD,pre-market,3003000,-506000,0.0466,0.0253,0.036,96.81,75358000,347304000,2304000,None,177.72,202.84,-10.3226,635641000,166899000,98316000,519311000,468742000,420995000,97652000,116330000,231.29,None,220.03,104.6
2025-12-28,GTLS,0.89,4291200000.0,231.29,None,1.763,71.23,8400000,None,11326000,11326000,1200000,-8000000,10900000,None,900000,None,None,13100000,80000,6113000,None,75733000,75733000,36383000,None,None,83768000,None,None,4396000,10000000,0,0,None,0.396,-0.32,5209000,9605000,3.1,2018-09-30,14.2,236742000,1450800000.0,21919000,-947000,-441000,154063000,154063000,None,25604000,None,53132000,None,None,345000000,None,None,22000000,None,None,None,0.177,18400000,16849000,5070000,18673000,41001000,None,None,None,None,None,None,None,0.612,2.89,2.156,None,None,None,None,None,-100000,None,0.0155,None,64265000,2025-10-29,quarterly,2.78,USD,pre-market,3003000,-506000,0.0466,0.0253,0.036,96.81,75358000,347304000,2304000,None,177.72,202.84,-10.3226,635641000,166899000,98316000,519311000,468742000,420995000,97652000,116330000,231.29,None,220.03,104.6
2025-12-28,GTLS,0.89,4291200000.0,231.29,None,1.763,71.23,12500000,None,11326000,11326000,-3900000,-11900000,7900000,None,-10100000,None,None,-3700000,80000,6113000,None,75733000,75733000,36383000,None,None,83768000,None,None,4396000,13200000,400000,400000,None,0.396,-0.32,5209000,9605000,3.1,2018-06-30,14.2,236742000,1450800000.0,21919000,-947000,-441000,154063000,154063000,None,25604000,None,53132000,None,None,345000000,None,None,10700000,None,None,None,0.177,23700000,16849000,5070000,18673000,41001000,None,None,None,None,None,None,None,0.612,2.89,2.156,None,None,None,None,None,-100000,None,0.0155,None,64265000,2025-10-29,quarterly,2.78,USD,pre-market,3003000,-506000,0.0466,0.0253,0.036,96.81,75358000,347304000,2304000,None,177.72,202.84,-10.3226,635641000,166899000,98316000,519311000,468742000,420995000,97652000,116330000,231.29,None,220.03,104.6
2025-12-28,GTLS,0.89,4291200000.0,231.29,None,1.763,71.23,6600000,None,11326000,11326000,10000000,-19000000,14000000,None,-19500000,None,None,24300000,80000,6113000,None,75733000,75733000,36383000,None,None,83768000,None,None,4396000,13700000,0,0,None,0.396,-0.32,5209000,9605000,3.1,2018-03-31,14.2,236742000,1450800000.0,21919000,-947000,-441000,154063000,154063000,None,25604000,None,53132000,None,None,345000000,None,None,4700000,None,None,None,0.177,23000000,16849000,5070000,18673000,41001000,None,None,None,None,None,None,None,0.612,2.89,2.156,None,None,None,None,None,-2200000,None,0.0155,None,64265000,2025-10-29,quarterly,2.78,USD,pre-market,3003000,-506000,0.0466,0.0253,0.036,96.81,75358000,347304000,2304000,None,177.72,202.84,-10.3226,635641000,166899000,98316000,519311000,468742000,420995000,97652000,116330000,231.29,None,220.03,104.6
2025-12-28,GTLS,0.89,4291200000.0,231.29,None,1.763,71.23,11900000,None,11326000,11326000,-21000000,-11900000,-1094000,2346000,7564000,None,None,-11758000,80000,6113000,None,75733000,75733000,36383000,None,None,83768000,None,None,4396000,13241000,303746000,303746000,None,0.396,-0.32,5209000,9605000,3.1,2017-12-31,14.2,236742000,1450800000.0,21919000,-947000,-441000,154063000,154063000,None,25604000,None,53132000,None,None,345000000,None,None,27014000,None,None,None,0.177,28500000,16849000,5070000,18673000,41001000,None,None,None,None,None,None,None,0.612,2.89,2.156,None,None,None,None,None,-46000,None,0.0155,None,64265000,2025-10-29,quarterly,2.78,USD,pre-market,3003000,-506000,0.0466,0.0253,0.036,96.81,75358000,347304000,2304000,None,177.72,202.84,-10.3226,635641000,166899000,98316000,519311000,468742000,420995000,97652000,116330000,231.29,None,220.03,104.6
2025-12-28,GTLS,0.89,4291200000.0,231.29,None,1.763,71.23,6650000,None,11326000,11326000,300085000,-429176000,-107423000,1244000,-9700000,None,None,-19130000,80000,6113000,None,75733000,75733000,36383000,None,None,83768000,None,None,4396000,10178000,0,0,None,0.396,-0.32,5209000,9605000,3.1,2017-09-30,14.2,236742000,1450800000.0,21919000,-947000,-441000,154063000,154063000,None,25604000,None,53132000,None,None,345000000,None,None,-500000,None,None,None,0.177,20424000,16849000,5070000,18673000,41001000,None,None,None,None,None,None,None,0.612,2.89,2.156,None,None,None,None,None,-200000,None,0.0155,None,64265000,2025-10-29,quarterly,2.78,USD,pre-market,3003000,-506000,0.0466,0.0253,0.036,96.81,75358000,347304000,2304000,None,177.72,202.84,-10.3226,635641000,166899000,98316000,519311000,468742000,420995000,97652000,116330000,231.29,None,220.03,104.6
2025-12-28,GTLS,0.89,4291200000.0,231.29,None,1.763,71.23,8371000,None,11326000,11326000,-690000,-7500000,-9394000,2883000,3500000,None,None,-10943000,80000,6113000,None,75733000,75733000,36383000,None,None,83768000,None,None,4396000,9320000,0,0,None,0.396,-0.32,5209000,9605000,3.1,2017-06-30,14.2,236742000,1450800000.0,21919000,-947000,-441000,154063000,154063000,None,25604000,None,53132000,None,None,345000000,None,None,3300000,None,None,None,0.177,-4087000,16849000,5070000,18673000,41001000,None,None,None,None,None,None,None,0.612,2.89,2.156,None,None,None,None,None,-49000,None,0.0155,None,64265000,2025-10-29,quarterly,2.78,USD,pre-market,3003000,-506000,0.0466,0.0253,0.036,96.81,75358000,347304000,2304000,None,177.72,202.84,-10.3226,635641000,166899000,98316000,519311000,468742000,420995000,97652000,116330000,231.29,None,220.03,104.6
2025-12-28,GTLS,0.89,4291200000.0,231.29,None,1.763,71.23,8386000,None,11326000,11326000,-3213000,-31403000,-32689000,727000,-20900000,None,None,11331000,80000,6113000,None,75733000,75733000,36383000,None,None,83768000,None,None,4396000,9161000,0,0,None,0.396,-0.32,5209000,9605000,3.1,2017-03-31,14.2,236742000,1450800000.0,21919000,-947000,-441000,154063000,154063000,None,25604000,None,53132000,None,None,345000000,None,None,-2900000,None,None,None,0.177,1200000,16849000,5070000,18673000,41001000,None,None,None,None,None,None,None,0.612,2.89,2.156,None,None,None,None,None,-1800000,None,0.0155,None,64265000,2025-10-29,quarterly,2.78,USD,pre-market,3003000,-506000,0.0466,0.0253,0.036,96.81,75358000,347304000,2304000,None,177.72,202.84,-10.3226,635641000,166899000,98316000,519311000,468742000,420995000,97652000,116330000,231.29,None,220.03,104.6
2025-12-28,GTLS,0.89,4291200000.0,231.29,None,1.763,71.23,4374000,None,11326000,11326000,-1109000,-4342000,14683000,-4088000,9433000,None,None,-30006000,80000,6113000,None,75733000,75733000,36383000,None,None,83768000,None,None,4396000,8904000,26000,26000,None,0.396,-0.32,5209000,9605000,3.1,2016-12-31,14.2,236742000,1450800000.0,21919000,-947000,-441000,154063000,154063000,None,25604000,None,53132000,None,None,345000000,None,None,-3878000,None,None,None,0.177,24222000,16849000,5070000,18673000,41001000,None,None,None,None,None,None,None,0.612,2.89,2.156,None,None,None,None,None,-46000,None,0.0155,None,64265000,2025-10-29,quarterly,2.78,USD,pre-market,3003000,-506000,0.0466,0.0253,0.036,96.81,75358000,347304000,2304000,None,177.72,202.84,-10.3226,635641000,166899000,98316000,519311000,468742000,420995000,97652000,116330000,231.29,None,220.03,104.6
2025-12-28,GTLS,0.89,4291200000.0,231.29,None,1.763,71.23,3993000,None,11326000,11326000,-2251000,-3550000,54118000,156000,9194000,None,None,31586000,80000,6113000,None,75733000,75733000,36383000,None,None,83768000,None,None,4396000,9419000,0,0,None,0.396,-0.32,5209000,9605000,3.1,2016-09-30,14.2,236742000,1450800000.0,21919000,-947000,-441000,154063000,154063000,None,25604000,None,53132000,None,None,345000000,None,None,13684000,None,None,None,0.177,59763000,16849000,5070000,18673000,41001000,None,None,None,None,None,None,None,0.612,2.89,2.156,None,None,None,None,None,-15000,None,0.0155,None,64265000,2025-10-29,quarterly,2.78,USD,pre-market,3003000,-506000,0.0466,0.0253,0.036,96.81,75358000,347304000,2304000,None,177.72,202.84,-10.3226,635641000,166899000,98316000,519311000,468742000,420995000,97652000,116330000,231.29,None,220.03,104.6
2025-12-28,GTLS,0.89,4291200000.0,231.29,None,1.763,71.23,4186000,None,11326000,11326000,10892000,-4957000,54104000,-481000,10163000,None,None,-472000,80000,6113000,None,75733000,75733000,36383000,None,None,83768000,None,None,4396000,9707000,0,0,None,0.396,-0.32,5209000,9605000,3.1,2016-06-30,14.2,236742000,1450800000.0,21919000,-947000,-441000,154063000,154063000,None,25604000,None,53132000,None,None,345000000,None,None,19563000,None,None,None,0.177,48650000,16849000,5070000,18673000,41001000,None,None,None,None,None,None,None,0.612,2.89,2.156,None,None,None,None,None,-42000,None,0.0155,None,64265000,2025-10-29,quarterly,2.78,USD,pre-market,3003000,-506000,0.0466,0.0253,0.036,96.81,75358000,347304000,2304000,None,177.72,202.84,-10.3226,635641000,166899000,98316000,519311000,468742000,420995000,97652000,116330000,231.29,None,220.03,104.6
2025-12-28,GTLS,0.89,4291200000.0,231.29,None,1.763,71.23,5232000,None,11326000,11326000,199000,-5232000,35346000,2200000,-3111000,None,None,63313000,80000,6113000,None,75733000,75733000,36383000,None,None,83768000,None,None,4396000,9479000,0,0,None,0.396,-0.32,5209000,9605000,3.1,2016-03-31,14.2,236742000,1450800000.0,21919000,-947000,-441000,154063000,154063000,None,25604000,None,53132000,None,None,345000000,None,None,-4672000,None,None,None,0.177,38179000,16849000,5070000,18673000,41001000,None,None,None,None,None,None,None,0.612,2.89,2.156,None,None,None,None,None,-601000,None,0.0155,None,64265000,2025-10-29,quarterly,2.78,USD,pre-market,3003000,-506000,0.0466,0.0253,0.036,96.81,75358000,347304000,2304000,None,177.72,202.84,-10.3226,635641000,166899000,98316000,519311000,468742000,420995000,97652000,116330000,231.29,None,220.03,104.6
2025-12-28,GTLS,0.89,4291200000.0,231.29,None,1.763,71.23,10973000,None,11326000,11326000,-451000,-2293000,41171000,-2978000,20061000,None,None,-10994000,80000,6113000,None,75733000,75733000,36383000,None,None,83768000,None,None,4396000,11314000,120000,120000,None,0.396,-0.32,5209000,9605000,3.1,2015-12-31,14.2,236742000,1450800000.0,21919000,-947000,-441000,154063000,154063000,None,25604000,None,53132000,None,None,345000000,None,None,-231144000,None,None,None,0.177,46893000,16849000,5070000,18673000,41001000,None,None,None,None,None,None,None,0.612,2.89,2.156,None,None,None,None,None,-99000,None,0.0155,None,64265000,2025-10-29,quarterly,2.78,USD,pre-market,3003000,-506000,0.0466,0.0253,0.036,96.81,75358000,347304000,2304000,None,177.72,202.84,-10.3226,635641000,166899000,98316000,519311000,468742000,420995000,97652000,116330000,231.29,None,220.03,104.6
2025-12-28,GTLS,0.89,4291200000.0,231.29,None,1.763,71.23,11587000,None,11326000,11326000,-10175000,-35589000,-348000,-1062000,9729000,None,None,31648000,80000,6113000,None,75733000,75733000,36383000,None,None,83768000,None,None,4396000,11550000,120000,120000,None,0.396,-0.32,5209000,9605000,3.1,2015-09-30,14.2,236742000,1450800000.0,21919000,-947000,-441000,154063000,154063000,None,25604000,None,53132000,None,None,345000000,None,None,4271000,None,None,None,0.177,46478000,16849000,5070000,18673000,41001000,None,None,None,None,None,None,None,0.612,2.89,2.156,None,None,None,None,None,-26000,None,0.0155,None,64265000,2025-10-29,quarterly,2.78,USD,pre-market,3003000,-506000,0.0466,0.0253,0.036,96.81,75358000,347304000,2304000,None,177.72,202.84,-10.3226,635641000,166899000,98316000,519311000,468742000,420995000,97652000,116330000,231.29,None,220.03,104.6
2025-12-28,GTLS,0.89,4291200000.0,231.29,None,1.763,71.23,20694000,None,11326000,11326000,11043000,-20502000,-482000,1859000,959000,None,None,2224000,80000,6113000,None,75733000,75733000,36383000,None,None,83768000,None,None,4396000,11208000,0,0,None,0.396,-0.32,5209000,9605000,3.1,2015-06-30,14.2,236742000,1450800000.0,21919000,-947000,-441000,154063000,154063000,None,25604000,None,53132000,None,None,345000000,None,None,17082000,None,None,None,0.177,7118000,16849000,5070000,18673000,41001000,None,None,None,None,None,None,None,0.612,2.89,2.156,None,None,None,None,None,-15000,None,0.0155,None,64265000,2025-10-29,quarterly,2.78,USD,pre-market,3003000,-506000,0.0466,0.0253,0.036,96.81,75358000,347304000,2304000,None,177.72,202.84,-10.3226,635641000,166899000,98316000,519311000,468742000,420995000,97652000,116330000,231.29,None,220.03,104.6
2025-12-28,GTLS,0.89,4291200000.0,231.29,None,1.763,71.23,14828000,None,11326000,11326000,-1025000,-15140000,-20289000,-5624000,-18761000,None,None,-3433000,80000,6113000,None,75733000,75733000,36383000,None,None,83768000,None,None,4396000,11376000,0,0,None,0.396,-0.32,5209000,9605000,3.1,2015-03-31,14.2,236742000,1450800000.0,21919000,-947000,-441000,154063000,154063000,None,25604000,None,53132000,None,None,345000000,None,None,5275000,None,None,None,0.177,1500000,16849000,5070000,18673000,41001000,None,None,None,None,None,None,None,0.612,2.89,2.156,None,None,None,None,None,-808000,None,0.0155,None,64265000,2025-10-29,quarterly,2.78,USD,pre-market,3003000,-506000,0.0466,0.0253,0.036,96.81,75358000,347304000,2304000,None,177.72,202.84,-10.3226,635641000,166899000,98316000,519311000,468742000,420995000,97652000,116330000,231.29,None,220.03,104.6
2025-12-28,GTLS,0.89,4291200000.0,231.29,None,1.763,71.23,19249000,None,11326000,11326000,-69798000,-19348000,-36766000,-232000,10956000,None,None,-7858000,80000,6113000,None,75733000,75733000,36383000,None,None,83768000,None,None,4396000,11580000,1206000,1206000,None,0.396,-0.32,5209000,9605000,3.1,2014-12-31,14.2,236742000,1450800000.0,21919000,-947000,-441000,154063000,154063000,None,25604000,None,53132000,None,None,345000000,None,None,27210000,None,None,None,0.177,52612000,16849000,5070000,18673000,41001000,None,None,None,None,None,None,None,0.612,2.89,2.156,None,None,None,None,None,-41000,None,0.0155,None,64265000,2025-10-29,quarterly,2.78,USD,pre-market,3003000,-506000,0.0466,0.0253,0.036,96.81,75358000,347304000,2304000,None,177.72,202.84,-10.3226,635641000,166899000,98316000,519311000,468742000,420995000,97652000,116330000,231.29,None,220.03,104.6
2025-12-28,GTLS,0.89,4291200000.0,231.29,None,1.763,71.23,17221000,None,11326000,11326000,-865000,-17220000,-2252000,-7929000,-2282000,None,None,-10797000,80000,6113000,None,75733000,75733000,36383000,None,None,83768000,None,None,4396000,11236000,0,0,None,0.396,-0.32,5209000,9605000,3.1,2014-09-30,14.2,236742000,1450800000.0,21919000,-947000,-441000,154063000,154063000,None,25604000,None,53132000,None,None,345000000,None,None,23152000,None,None,None,0.177,23762000,16849000,5070000,18673000,41001000,None,None,None,None,None,None,None,0.612,2.89,2.156,None,None,None,None,None,-35000,None,0.0155,None,64265000,2025-10-29,quarterly,2.78,USD,pre-market,3003000,-506000,0.0466,0.0253,0.036,96.81,75358000,347304000,2304000,None,177.72,202.84,-10.3226,635641000,166899000,98316000,519311000,468742000,420995000,97652000,116330000,231.29,None,220.03,104.6
2025-12-28,GTLS,0.89,4291200000.0,231.29,None,1.763,71.23,15248000,None,11326000,11326000,1871000,-20910000,2255000,-188000,-4680000,None,None,-5432000,80000,6113000,None,75733000,75733000,36383000,None,None,83768000,None,None,4396000,10188000,1206000,1206000,None,0.396,-0.32,5209000,9605000,3.1,2014-06-30,14.2,236742000,1450800000.0,21919000,-947000,-441000,154063000,154063000,None,25604000,None,53132000,None,None,345000000,None,None,20371000,None,None,None,0.177,21482000,16849000,5070000,18673000,41001000,None,None,None,None,None,None,None,0.612,2.89,2.156,None,None,None,None,None,-117000,None,0.0155,None,64265000,2025-10-29,quarterly,2.78,USD,pre-market,3003000,-506000,0.0466,0.0253,0.036,96.81,75358000,347304000,2304000,None,177.72,202.84,-10.3226,635641000,166899000,98316000,519311000,468742000,420995000,97652000,116330000,231.29,None,220.03,104.6
2025-12-28,GTLS,0.89,4291200000.0,231.29,None,1.763,71.23,10417000,None,11326000,11326000,-2001000,-15007000,3074000,-779000,-12144000,None,None,15699000,80000,6113000,None,75733000,75733000,36383000,None,None,83768000,None,None,4396000,10172000,0,0,None,0.396,-0.32,5209000,9605000,3.1,2014-03-31,14.2,236742000,1450800000.0,21919000,-947000,-441000,154063000,154063000,None,25604000,None,53132000,None,None,345000000,None,None,12339000,None,None,None,0.177,20861000,16849000,5070000,18673000,41001000,None,None,None,None,None,None,None,0.612,2.89,2.156,None,None,None,None,None,-3174000,None,0.0155,None,64265000,2025-10-29,quarterly,2.78,USD,pre-market,3003000,-506000,0.0466,0.0253,0.036,96.81,75358000,347304000,2304000,None,177.72,202.84,-10.3226,635641000,166899000,98316000,519311000,468742000,420995000,97652000,116330000,231.29,None,220.03,104.6
2025-12-28,GTLS,0.89,4291200000.0,231.29,None,1.763,71.23,21776000,None,11326000,11326000,-33280000,-21271000,-14483000,-162000,-608000,None,None,-3687000,80000,6113000,None,75733000,75733000,36383000,None,None,83768000,None,None,4396000,10146000,1369000,1369000,None,0.396,-0.32,5209000,9605000,3.1,2013-12-31,14.2,236742000,1450800000.0,21919000,-947000,-441000,154063000,154063000,None,25604000,None,53132000,None,None,345000000,None,None,25804000,None,None,None,0.177,40230000,16849000,5070000,18673000,41001000,None,None,None,None,None,None,None,0.612,2.89,2.156,None,None,None,None,None,-23000,None,0.0155,None,64265000,2025-10-29,quarterly,2.78,USD,pre-market,3003000,-506000,0.0466,0.0253,0.036,96.81,75358000,347304000,2304000,None,177.72,202.84,-10.3226,635641000,166899000,98316000,519311000,468742000,420995000,97652000,116330000,231.29,None,220.03,104.6
2025-12-28,GTLS,0.89,4291200000.0,231.29,None,1.763,71.23,21583000,None,11326000,11326000,34381000,-21452000,26046000,4066000,3892000,None,None,-26410000,80000,6113000,None,75733000,75733000,36383000,None,None,83768000,None,None,4396000,10280000,0,0,None,0.396,-0.32,5209000,9605000,3.1,2013-09-30,14.2,236742000,1450800000.0,21919000,-947000,-441000,154063000,154063000,None,25604000,None,53132000,None,None,345000000,None,None,24847000,None,None,None,0.177,9051000,16849000,5070000,18673000,41001000,None,None,None,None,None,None,None,0.612,2.89,2.156,None,None,None,None,None,-76000,None,0.0155,None,64265000,2025-10-29,quarterly,2.78,USD,pre-market,3003000,-506000,0.0466,0.0253,0.036,96.81,75358000,347304000,2304000,None,177.72,202.84,-10.3226,635641000,166899000,98316000,519311000,468742000,420995000,97652000,116330000,231.29,None,220.03,104.6
2025-12-28,GTLS,0.89,4291200000.0,231.29,None,1.763,71.23,17148000,None,11326000,11326000,-15713000,-20180000,-486000,1387000,-259000,None,None,-17949000,80000,6113000,None,75733000,75733000,36383000,None,None,83768000,None,None,4396000,10049000,1369000,1369000,None,0.396,-0.32,5209000,9605000,3.1,2013-06-30,14.2,236742000,1450800000.0,21919000,-947000,-441000,154063000,154063000,None,25604000,None,53132000,None,None,345000000,None,None,20603000,None,None,None,0.177,34020000,16849000,5070000,18673000,41001000,None,None,None,None,None,None,None,0.612,2.89,2.156,None,None,None,None,None,-24000,None,0.0155,None,64265000,2025-10-29,quarterly,2.78,USD,pre-market,3003000,-506000,0.0466,0.0253,0.036,96.81,75358000,347304000,2304000,None,177.72,202.84,-10.3226,635641000,166899000,98316000,519311000,468742000,420995000,97652000,116330000,231.29,None,220.03,104.6
2025-12-28,GTLS,0.89,4291200000.0,231.29,None,1.763,71.23,12078000,None,11326000,11326000,22719000,-12078000,-15230000,-2233000,-15704000,None,None,-32116000,80000,6113000,None,75733000,75733000,36383000,None,None,83768000,None,None,4396000,9914000,0,0,None,0.396,-0.32,5209000,9605000,3.1,2013-03-31,14.2,236742000,1450800000.0,21919000,-947000,-441000,154063000,154063000,None,25604000,None,53132000,None,None,345000000,None,None,16108000,None,None,None,0.177,-23638000,16849000,5070000,18673000,41001000,None,None,None,None,None,None,None,0.612,2.89,2.156,None,None,None,None,None,-1879000,None,0.0155,None,64265000,2025-10-29,quarterly,2.78,USD,pre-market,3003000,-506000,0.0466,0.0253,0.036,96.81,75358000,347304000,2304000,None,177.72,202.84,-10.3226,635641000,166899000,98316000,519311000,468742000,420995000,97652000,116330000,231.29,None,220.03,104.6
2025-12-28,GTLS,0.89,4291200000.0,231.29,None,1.763,71.23,14734000,None,11326000,11326000,-22797000,-14627000,35723000,-21000,6817000,None,None,28256000,80000,6113000,None,75733000,75733000,36383000,None,None,83768000,None,None,4396000,9425000,54767000,54767000,None,0.396,-0.32,5209000,9605000,3.1,2012-12-31,14.2,236742000,1450800000.0,21919000,-947000,-441000,154063000,154063000,None,25604000,None,53132000,None,None,345000000,None,None,21151000,None,None,None,0.177,73168000,16849000,5070000,18673000,41001000,None,None,None,None,None,None,None,0.612,2.89,2.156,None,None,None,None,None,53000,None,0.0155,None,64265000,2025-10-29,quarterly,2.78,USD,pre-market,3003000,-506000,0.0466,0.0253,0.036,96.81,75358000,347304000,2304000,None,177.72,202.84,-10.3226,635641000,166899000,98316000,519311000,468742000,420995000,97652000,116330000,231.29,None,220.03,104.6
2025-12-28,GTLS,0.89,4291200000.0,231.29,None,1.763,71.23,12149000,None,11326000,11326000,19177000,-192918000,-148934000,5409000,1080000,None,None,-14171000,80000,6113000,None,75733000,75733000,36383000,None,None,83768000,None,None,4396000,8213000,0,0,None,0.396,-0.32,5209000,9605000,3.1,2012-09-30,14.2,236742000,1450800000.0,21919000,-947000,-441000,154063000,154063000,None,25604000,None,53132000,None,None,345000000,None,None,18885000,None,None,None,0.177,19398000,16849000,5070000,18673000,41001000,None,None,None,None,None,None,None,0.612,2.89,2.156,None,None,None,None,None,-46000,None,0.0155,None,64265000,2025-10-29,quarterly,2.78,USD,pre-market,3003000,-506000,0.0466,0.0253,0.036,96.81,75358000,347304000,2304000,None,177.72,202.84,-10.3226,635641000,166899000,98316000,519311000,468742000,420995000,97652000,116330000,231.29,None,220.03,104.6
2025-12-28,GTLS,0.89,4291200000.0,231.29,None,1.763,71.23,10457000,None,11326000,11326000,19079000,-10457000,12189000,-680000,-6600000,None,None,-21857000,80000,6113000,None,75733000,75733000,36383000,None,None,83768000,None,None,4396000,7335000,0,0,None,0.396,-0.32,5209000,9605000,3.1,2012-06-30,14.2,236742000,1450800000.0,21919000,-947000,-441000,154063000,154063000,None,25604000,None,53132000,None,None,345000000,None,None,18136000,None,None,None,0.177,4247000,16849000,5070000,18673000,41001000,None,None,None,None,None,None,None,0.612,2.89,2.156,None,None,None,None,None,-18000,None,0.0155,None,64265000,2025-10-29,quarterly,2.78,USD,pre-market,3003000,-506000,0.0466,0.0253,0.036,96.81,75358000,347304000,2304000,None,177.72,202.84,-10.3226,635641000,166899000,98316000,519311000,468742000,420995000,97652000,116330000,231.29,None,220.03,104.6
2025-12-28,GTLS,0.89,4291200000.0,231.29,None,1.763,71.23,6345000,None,11326000,11326000,1982000,-6345000,-14341000,-806000,-17074000,None,None,3729000,80000,6113000,None,75733000,75733000,36383000,None,None,83768000,None,None,4396000,7223000,0,0,None,0.396,-0.32,5209000,9605000,3.1,2012-03-31,14.2,236742000,1450800000.0,21919000,-947000,-441000,154063000,154063000,None,25604000,None,53132000,None,None,345000000,None,None,14152000,None,None,None,0.177,-9172000,16849000,5070000,18673000,41001000,None,None,None,None,None,None,None,0.612,2.89,2.156,None,None,None,None,None,-4473000,None,0.0155,None,64265000,2025-10-29,quarterly,2.78,USD,pre-market,3003000,-506000,0.0466,0.0253,0.036,96.81,75358000,347304000,2304000,None,177.72,202.84,-10.3226,635641000,166899000,98316000,519311000,468742000,420995000,97652000,116330000,231.29,None,220.03,104.6
2025-12-28,GTLS,0.89,4291200000.0,231.29,None,1.763,71.23,7219000,None,11326000,11326000,-162131000,-7219000,-124735000,-449000,-9435000,None,None,-11397000,80000,6113000,None,75733000,75733000,36383000,None,None,83768000,None,None,4396000,7505000,None,None,None,0.396,-0.32,5209000,9605000,3.1,2011-12-31,14.2,236742000,1450800000.0,21919000,-947000,-441000,154063000,154063000,None,25604000,None,53132000,None,None,345000000,None,None,8583000,None,None,None,0.177,44615000,16849000,5070000,18673000,41001000,None,None,None,None,None,None,None,0.612,2.89,2.156,None,None,None,None,None,1926000,None,0.0155,None,64265000,2025-10-29,quarterly,2.78,USD,pre-market,3003000,-506000,0.0466,0.0253,0.036,96.81,75358000,347304000,2304000,None,177.72,202.84,-10.3226,635641000,166899000,98316000,519311000,468742000,420995000,97652000,116330000,231.29,None,220.03,104.6
2025-12-28,GTLS,0.89,4291200000.0,231.29,None,1.763,71.23,4728000,None,11326000,11326000,222660000,-40798000,233684000,-4014000,-5184000,None,None,2822000,80000,6113000,None,75733000,75733000,36383000,None,None,83768000,None,None,4396000,7021000,0,0,None,0.396,-0.32,5209000,9605000,3.1,2011-09-30,14.2,236742000,1450800000.0,21919000,-947000,-441000,154063000,154063000,None,25604000,None,53132000,None,None,345000000,None,None,17505000,None,None,None,0.177,51822000,16849000,5070000,18673000,41001000,None,None,None,None,None,None,None,0.612,2.89,2.156,None,None,None,None,None,49064000,None,0.0155,None,64265000,2025-10-29,quarterly,2.78,USD,pre-market,3003000,-506000,0.0466,0.0253,0.036,96.81,75358000,347304000,2304000,None,177.72,202.84,-10.3226,635641000,166899000,98316000,519311000,468742000,420995000,97652000,116330000,231.29,None,220.03,104.6
2025-12-28,GTLS,0.89,4291200000.0,231.29,None,1.763,71.23,6167000,None,11326000,11326000,7659000,-7777000,3489000,1890000,-3188000,None,None,-32566000,80000,6113000,None,75733000,75733000,36383000,None,None,83768000,None,None,4396000,6737000,0,0,None,0.396,-0.32,5209000,9605000,3.1,2011-06-30,14.2,236742000,1450800000.0,21919000,-947000,-441000,154063000,154063000,None,25604000,None,53132000,None,None,345000000,None,None,11020000,None,None,None,0.177,3607000,16849000,5070000,18673000,41001000,None,None,None,None,None,None,None,0.612,2.89,2.156,None,None,None,None,None,2647000,None,0.0155,None,64265000,2025-10-29,quarterly,2.78,USD,pre-market,3003000,-506000,0.0466,0.0253,0.036,96.81,75358000,347304000,2304000,None,177.72,202.84,-10.3226,635641000,166899000,98316000,519311000,468742000,420995000,97652000,116330000,231.29,None,220.03,104.6
2025-12-28,GTLS,0.89,4291200000.0,231.29,None,1.763,71.23,4266000,None,11326000,11326000,-477000,-3878000,-22741000,4625000,-12911000,None,None,-2903000,80000,6113000,None,75733000,75733000,36383000,None,None,83768000,None,None,4396000,6652000,0,0,None,0.396,-0.32,5209000,9605000,3.1,2011-03-31,14.2,236742000,1450800000.0,21919000,-947000,-441000,154063000,154063000,None,25604000,None,53132000,None,None,345000000,None,None,7403000,None,None,None,0.177,-18386000,16849000,5070000,18673000,41001000,None,None,None,None,None,None,None,0.612,2.89,2.156,None,None,None,None,None,-1090000,None,0.0155,None,64265000,2025-10-29,quarterly,2.78,USD,pre-market,3003000,-506000,0.0466,0.0253,0.036,96.81,75358000,347304000,2304000,None,177.72,202.84,-10.3226,635641000,166899000,98316000,519311000,468742000,420995000,97652000,116330000,231.29,None,220.03,104.6
2025-12-28,GTLS,0.89,4291200000.0,231.29,None,1.763,71.23,5154000,None,11326000,11326000,155000,-42865000,None,None,-4665000,None,None,None,80000,6113000,None,75733000,75733000,36383000,None,None,83768000,None,None,4396000,6002000,0,0,None,0.396,-0.32,5209000,9605000,3.1,2010-12-31,14.2,236742000,1450800000.0,21919000,-947000,-441000,154063000,154063000,None,25604000,None,53132000,None,None,345000000,None,None,9963000,None,None,None,0.177,1489000,16849000,5070000,18673000,41001000,None,None,None,None,None,None,None,0.612,2.89,2.156,None,None,None,None,None,0,None,0.0155,None,64265000,2025-10-29,quarterly,2.78,USD,pre-market,3003000,-506000,0.0466,0.0253,0.036,96.81,75358000,347304000,2304000,None,177.72,202.84,-10.3226,635641000,166899000,98316000,519311000,468742000,420995000,97652000,116330000,231.29,None,220.03,104.6
2025-12-28,GTLS,0.89,4291200000.0,231.29,None,1.763,71.23,3887000,None,11326000,11326000,-1923000,-8339000,None,None,-9993000,None,None,None,80000,6113000,None,75733000,75733000,36383000,None,None,83768000,None,None,4396000,5945000,0,0,None,0.396,-0.32,5209000,9605000,3.1,2010-09-30,14.2,236742000,1450800000.0,21919000,-947000,-441000,154063000,154063000,None,25604000,None,53132000,None,None,345000000,None,None,6481000,None,None,None,0.177,22405000,16849000,5070000,18673000,41001000,None,None,None,None,None,None,None,0.612,2.89,2.156,None,None,None,None,None,0,None,0.0155,None,64265000,2025-10-29,quarterly,2.78,USD,pre-market,3003000,-506000,0.0466,0.0253,0.036,96.81,75358000,347304000,2304000,None,177.72,202.84,-10.3226,635641000,166899000,98316000,519311000,468742000,420995000,97652000,116330000,231.29,None,220.03,104.6
2025-12-28,GTLS,0.89,4291200000.0,231.29,None,1.763,71.23,3960000,None,11326000,11326000,-17501000,-6728000,None,None,3198000,None,None,None,80000,6113000,None,75733000,75733000,36383000,None,None,83768000,None,None,4396000,5853000,0,0,None,0.396,-0.32,5209000,9605000,3.1,2010-06-30,14.2,236742000,1450800000.0,21919000,-947000,-441000,154063000,154063000,None,25604000,None,53132000,None,None,345000000,None,None,2458000,None,None,None,0.177,4885000,16849000,5070000,18673000,41001000,None,None,None,None,None,None,None,0.612,2.89,2.156,None,None,None,None,None,0,None,0.0155,None,64265000,2025-10-29,quarterly,2.78,USD,pre-market,3003000,-506000,0.0466,0.0253,0.036,96.81,75358000,347304000,2304000,None,177.72,202.84,-10.3226,635641000,166899000,98316000,519311000,468742000,420995000,97652000,116330000,231.29,None,220.03,104.6
2025-12-28,GTLS,0.89,4291200000.0,231.29,None,1.763,71.23,3939000,None,11326000,11326000,-33000,-6283000,None,None,-2257000,None,None,None,80000,6113000,None,75733000,75733000,36383000,None,None,83768000,None,None,4396000,5777000,None,None,None,0.396,-0.32,5209000,9605000,3.1,2010-03-31,14.2,236742000,1450800000.0,21919000,-947000,-441000,154063000,154063000,None,25604000,None,53132000,None,None,345000000,None,None,1419000,None,None,None,0.177,9795000,16849000,5070000,18673000,41001000,None,None,None,None,None,None,None,0.612,2.89,2.156,None,None,None,None,None,None,None,0.0155,None,64265000,2025-10-29,quarterly,2.78,USD,pre-market,3003000,-506000,0.0466,0.0253,0.036,96.81,75358000,347304000,2304000,None,177.72,202.84,-10.3226,635641000,166899000,98316000,519311000,468742000,420995000,97652000,116330000,231.29,None,220.03,104.6
2025-12-28,GTLS,0.89,4291200000.0,231.29,None,1.763,71.23,3786000,None,11326000,11326000,-77000,14275000,None,None,7598000,None,None,None,80000,6113000,None,75733000,75733000,36383000,None,None,83768000,None,None,4396000,5475000,None,None,None,0.396,-0.32,5209000,9605000,3.1,2009-12-31,14.2,236742000,1450800000.0,21919000,-947000,-441000,154063000,154063000,None,25604000,None,53132000,None,None,345000000,None,None,15571000,None,None,None,0.177,10344000,16849000,5070000,18673000,41001000,None,None,None,None,None,None,None,0.612,2.89,2.156,None,None,None,None,None,None,None,0.0155,None,64265000,2025-10-29,quarterly,2.78,USD,pre-market,3003000,-506000,0.0466,0.0253,0.036,96.81,75358000,347304000,2304000,None,177.72,202.84,-10.3226,635641000,166899000,98316000,519311000,468742000,420995000,97652000,116330000,231.29,None,220.03,104.6
2025-12-28,GTLS,0.89,4291200000.0,231.29,None,1.763,71.23,4035000,None,11326000,11326000,466000,-6806000,None,None,6201000,None,None,None,80000,6113000,None,75733000,75733000,36383000,None,None,83768000,None,None,4396000,5399000,None,None,None,0.396,-0.32,5209000,9605000,3.1,2009-09-30,14.2,236742000,1450800000.0,21919000,-947000,-441000,154063000,154063000,None,25604000,None,53132000,None,None,345000000,None,None,8228000,None,None,None,0.177,17695000,16849000,5070000,18673000,41001000,None,None,None,None,None,None,None,0.612,2.89,2.156,None,None,None,None,None,None,None,0.0155,None,64265000,2025-10-29,quarterly,2.78,USD,pre-market,3003000,-506000,0.0466,0.0253,0.036,96.81,75358000,347304000,2304000,None,177.72,202.84,-10.3226,635641000,166899000,98316000,519311000,468742000,420995000,97652000,116330000,231.29,None,220.03,104.6
2025-12-28,GTLS,0.89,4291200000.0,231.29,None,1.763,71.23,2735000,None,11326000,11326000,387000,-7982000,None,None,9645000,None,None,None,80000,6113000,None,75733000,75733000,36383000,None,None,83768000,None,None,4396000,5270000,None,None,None,0.396,-0.32,5209000,9605000,3.1,2009-06-30,14.2,236742000,1450800000.0,21919000,-947000,-441000,154063000,154063000,None,25604000,None,53132000,None,None,345000000,None,None,17765000,None,None,None,0.177,32526000,16849000,5070000,18673000,41001000,None,None,None,None,None,None,None,0.612,2.89,2.156,None,None,None,None,None,None,None,0.0155,None,64265000,2025-10-29,quarterly,2.78,USD,pre-market,3003000,-506000,0.0466,0.0253,0.036,96.81,75358000,347304000,2304000,None,177.72,202.84,-10.3226,635641000,166899000,98316000,519311000,468742000,420995000,97652000,116330000,231.29,None,220.03,104.6
2025-12-28,GTLS,0.89,4291200000.0,231.29,None,1.763,71.23,2324000,None,11326000,11326000,None,-289000,None,None,1777000,None,None,None,80000,6113000,None,75733000,75733000,36383000,None,None,83768000,None,None,4396000,5268000,None,None,None,0.396,-0.32,5209000,9605000,3.1,2009-03-31,14.2,236742000,1450800000.0,21919000,-947000,-441000,154063000,154063000,None,25604000,None,53132000,None,None,345000000,None,None,19592000,None,None,None,0.177,26361000,16849000,5070000,18673000,41001000,None,None,None,None,None,None,None,0.612,2.89,2.156,None,None,None,None,None,None,None,0.0155,None,64265000,2025-10-29,quarterly,2.78,USD,pre-market,3003000,-506000,0.0466,0.0253,0.036,96.81,75358000,347304000,2304000,None,177.72,202.84,-10.3226,635641000,166899000,98316000,519311000,468742000,420995000,97652000,116330000,231.29,None,220.03,104.6
2025-12-28,GTLS,0.89,4291200000.0,231.29,None,1.763,71.23,4679000,None,11326000,11326000,68000,-36943000,None,None,8877000,None,None,None,80000,6113000,None,75733000,75733000,36383000,None,None,83768000,None,None,4396000,5467000,None,None,None,0.396,-0.32,5209000,9605000,3.1,2008-12-31,14.2,236742000,1450800000.0,21919000,-947000,-441000,154063000,154063000,None,25604000,None,53132000,None,None,345000000,None,None,21674000,None,None,None,0.177,10979000,16849000,5070000,18673000,41001000,None,None,None,None,None,None,None,0.612,2.89,2.156,None,None,None,None,None,None,None,0.0155,None,64265000,2025-10-29,quarterly,2.78,USD,pre-market,3003000,-506000,0.0466,0.0253,0.036,96.81,75358000,347304000,2304000,None,177.72,202.84,-10.3226,635641000,166899000,98316000,519311000,468742000,420995000,97652000,116330000,231.29,None,220.03,104.6
2025-12-28,GTLS,0.89,4291200000.0,231.29,None,1.763,71.23,2906000,None,11326000,11326000,-6301000,-2906000,None,None,1081000,None,None,None,80000,6113000,None,75733000,75733000,36383000,None,None,83768000,None,None,4396000,5668000,None,None,None,0.396,-0.32,5209000,9605000,3.1,2008-09-30,14.2,236742000,1450800000.0,21919000,-947000,-441000,154063000,154063000,None,25604000,None,53132000,None,None,345000000,None,None,20546000,None,None,None,0.177,59609000,16849000,5070000,18673000,41001000,None,None,None,None,None,None,None,0.612,2.89,2.156,None,None,None,None,None,None,None,0.0155,None,64265000,2025-10-29,quarterly,2.78,USD,pre-market,3003000,-506000,0.0466,0.0253,0.036,96.81,75358000,347304000,2304000,None,177.72,202.84,-10.3226,635641000,166899000,98316000,519311000,468742000,420995000,97652000,116330000,231.29,None,220.03,104.6
2025-12-28,GTLS,0.89,4291200000.0,231.29,None,1.763,71.23,2682000,None,11326000,11326000,827000,-21510000,None,None,-3043000,None,None,None,80000,6113000,None,75733000,75733000,36383000,None,None,83768000,None,None,4396000,4885000,None,None,None,0.396,-0.32,5209000,9605000,3.1,2008-06-30,14.2,236742000,1450800000.0,21919000,-947000,-441000,154063000,154063000,None,25604000,None,53132000,None,None,345000000,None,None,22130000,None,None,None,0.177,13197000,16849000,5070000,18673000,41001000,None,None,None,None,None,None,None,0.612,2.89,2.156,None,None,None,None,None,None,None,0.0155,None,64265000,2025-10-29,quarterly,2.78,USD,pre-market,3003000,-506000,0.0466,0.0253,0.036,96.81,75358000,347304000,2304000,None,177.72,202.84,-10.3226,635641000,166899000,98316000,519311000,468742000,420995000,97652000,116330000,231.29,None,220.03,104.6
2025-12-28,GTLS,0.89,4291200000.0,231.29,None,1.763,71.23,3701000,None,11326000,11326000,1345000,-4317000,None,None,-15211000,None,None,None,80000,6113000,None,75733000,75733000,36383000,None,None,83768000,None,None,4396000,5293000,None,None,None,0.396,-0.32,5209000,9605000,3.1,2008-03-31,14.2,236742000,1450800000.0,21919000,-947000,-441000,154063000,154063000,None,25604000,None,53132000,None,None,345000000,None,None,14656000,None,None,None,0.177,14027000,16849000,5070000,18673000,41001000,None,None,None,None,None,None,None,0.612,2.89,2.156,None,None,None,None,None,None,None,0.0155,None,64265000,2025-10-29,quarterly,2.78,USD,pre-market,3003000,-506000,0.0466,0.0253,0.036,96.81,75358000,347304000,2304000,None,177.72,202.84,-10.3226,635641000,166899000,98316000,519311000,468742000,420995000,97652000,116330000,231.29,None,220.03,104.6
2025-12-28,GTLS,0.89,4291200000.0,231.29,None,1.763,71.23,3453000,None,11326000,11326000,2626000,-1354000,None,None,-1632000,None,None,None,80000,6113000,None,75733000,75733000,36383000,None,None,83768000,None,None,4396000,5449000,None,None,None,0.396,-0.32,5209000,9605000,3.1,2007-12-31,14.2,236742000,1450800000.0,21919000,-947000,-441000,154063000,154063000,None,25604000,None,53132000,None,None,345000000,None,None,16418000,None,None,None,0.177,28349000,16849000,5070000,18673000,41001000,None,None,None,None,None,None,None,0.612,2.89,2.156,None,None,None,None,None,None,None,0.0155,None,64265000,2025-10-29,quarterly,2.78,USD,pre-market,3003000,-506000,0.0466,0.0253,0.036,96.81,75358000,347304000,2304000,None,177.72,202.84,-10.3226,635641000,166899000,98316000,519311000,468742000,420995000,97652000,116330000,231.29,None,220.03,104.6
2025-12-28,GTLS,0.89,4291200000.0,231.29,None,1.763,71.23,4984000,None,11326000,11326000,5727000,-4947000,None,None,511000,None,None,None,80000,6113000,None,75733000,75733000,36383000,None,None,83768000,None,None,4396000,4909000,None,None,None,0.396,-0.32,5209000,9605000,3.1,2007-09-30,14.2,236742000,1450800000.0,21919000,-947000,-441000,154063000,154063000,None,25604000,None,53132000,None,None,345000000,None,None,12112000,None,None,None,0.177,45782000,16849000,5070000,18673000,41001000,None,None,None,None,None,None,None,0.612,2.89,2.156,None,None,None,None,None,None,None,0.0155,None,64265000,2025-10-29,quarterly,2.78,USD,pre-market,3003000,-506000,0.0466,0.0253,0.036,96.81,75358000,347304000,2304000,None,177.72,202.84,-10.3226,635641000,166899000,98316000,519311000,468742000,420995000,97652000,116330000,231.29,None,220.03,104.6
2025-12-28,GTLS,0.89,4291200000.0,231.29,None,1.763,71.23,5567000,None,11326000,11326000,19000,-5594000,None,None,-3189000,None,None,None,80000,6113000,None,75733000,75733000,36383000,None,None,83768000,None,None,4396000,5003000,None,None,None,0.396,-0.32,5209000,9605000,3.1,2007-06-30,14.2,236742000,1450800000.0,21919000,-947000,-441000,154063000,154063000,None,25604000,None,53132000,None,None,345000000,None,None,8448000,None,None,None,0.177,7339000,16849000,5070000,18673000,41001000,None,None,None,None,None,None,None,0.612,2.89,2.156,None,None,None,None,None,None,None,0.0155,None,64265000,2025-10-29,quarterly,2.78,USD,pre-market,3003000,-506000,0.0466,0.0253,0.036,96.81,75358000,347304000,2304000,None,177.72,202.84,-10.3226,635641000,166899000,98316000,519311000,468742000,420995000,97652000,116330000,231.29,None,220.03,104.6
2025-12-28,GTLS,0.89,4291200000.0,231.29,None,1.763,71.23,5024000,None,11326000,11326000,-928000,-6646000,None,None,-6812000,None,None,None,80000,6113000,None,75733000,75733000,36383000,None,None,83768000,None,None,4396000,4991000,None,None,None,0.396,-0.32,5209000,9605000,3.1,2007-03-31,14.2,236742000,1450800000.0,21919000,-947000,-441000,154063000,154063000,None,25604000,None,53132000,None,None,345000000,None,None,7178000,None,None,None,0.177,1037000,16849000,5070000,18673000,41001000,None,None,None,None,None,None,None,0.612,2.89,2.156,None,None,None,None,None,None,None,0.0155,None,64265000,2025-10-29,quarterly,2.78,USD,pre-market,3003000,-506000,0.0466,0.0253,0.036,96.81,75358000,347304000,2304000,None,177.72,202.84,-10.3226,635641000,166899000,98316000,519311000,468742000,420995000,97652000,116330000,231.29,None,220.03,104.6
2025-12-28,GTLS,0.89,4291200000.0,231.29,None,1.763,71.23,8756000,None,11326000,11326000,6007000,-9296000,None,None,-10825000,None,None,None,80000,6113000,None,75733000,75733000,36383000,None,None,83768000,None,None,4396000,6066000,150313000,150313000,None,0.396,-0.32,5209000,9605000,3.1,2006-12-31,14.2,236742000,1450800000.0,21919000,-947000,-441000,154063000,154063000,None,25604000,None,53132000,None,None,345000000,None,None,8609000,None,None,None,0.177,2835000,16849000,5070000,18673000,41001000,None,None,None,None,None,None,None,0.612,2.89,2.156,None,None,None,None,None,None,None,0.0155,None,64265000,2025-10-29,quarterly,2.78,USD,pre-market,3003000,-506000,0.0466,0.0253,0.036,96.81,75358000,347304000,2304000,None,177.72,202.84,-10.3226,635641000,166899000,98316000,519311000,468742000,420995000,97652000,116330000,231.29,None,220.03,104.6
2025-12-28,GTLS,0.89,4291200000.0,231.29,None,1.763,71.23,6257000,None,11326000,11326000,-3659000,-6082000,None,None,-3299000,None,None,None,80000,6113000,None,75733000,75733000,36383000,None,None,83768000,None,None,4396000,6038000,150313000,150313000,None,0.396,-0.32,5209000,9605000,3.1,2006-09-30,14.2,236742000,1450800000.0,21919000,-947000,-441000,154063000,154063000,None,25604000,None,53132000,None,None,345000000,None,None,6932000,None,None,None,0.177,15165000,16849000,5070000,18673000,41001000,None,None,None,None,None,None,None,0.612,2.89,2.156,None,None,None,None,None,None,None,0.0155,None,64265000,2025-10-29,quarterly,2.78,USD,pre-market,3003000,-506000,0.0466,0.0253,0.036,96.81,75358000,347304000,2304000,None,177.72,202.84,-10.3226,635641000,166899000,98316000,519311000,468742000,420995000,97652000,116330000,231.29,None,220.03,104.6
2025-12-28,GTLS,0.89,4291200000.0,231.29,None,1.763,71.23,4674000,None,11326000,11326000,12726000,-20720000,None,None,-1272000,None,None,None,80000,6113000,None,75733000,75733000,36383000,None,None,83768000,None,None,4396000,5151000,None,None,None,0.396,-0.32,5209000,9605000,3.1,2006-06-30,14.2,236742000,1450800000.0,21919000,-947000,-441000,154063000,154063000,None,25604000,None,53132000,None,None,345000000,None,None,5309000,None,None,None,0.177,6071000,16849000,5070000,18673000,41001000,None,None,None,None,None,None,None,0.612,2.89,2.156,None,None,None,None,None,None,None,0.0155,None,64265000,2025-10-29,quarterly,2.78,USD,pre-market,3003000,-506000,0.0466,0.0253,0.036,96.81,75358000,347304000,2304000,None,177.72,202.84,-10.3226,635641000,166899000,98316000,519311000,468742000,420995000,97652000,116330000,231.29,None,220.03,104.6
2025-12-28,GTLS,0.89,4291200000.0,231.29,None,1.763,71.23,2566000,None,11326000,11326000,-5839000,-2566000,None,None,30000,None,None,None,80000,6113000,None,75733000,75733000,36383000,None,None,83768000,None,None,4396000,5194000,None,None,None,0.396,-0.32,5209000,9605000,3.1,2006-03-31,14.2,236742000,1450800000.0,21919000,-947000,-441000,154063000,154063000,None,25604000,None,53132000,None,None,345000000,None,None,6045000,None,None,None,0.177,12327000,16849000,5070000,18673000,41001000,None,None,None,None,None,None,None,0.612,2.89,2.156,None,None,None,None,None,None,None,0.0155,None,64265000,2025-10-29,quarterly,2.78,USD,pre-market,3003000,-506000,0.0466,0.0253,0.036,96.81,75358000,347304000,2304000,None,177.72,202.84,-10.3226,635641000,166899000,98316000,519311000,468742000,420995000,97652000,116330000,231.29,None,220.03,104.6
2025-12-28,GTLS,0.89,4291200000.0,231.29,None,1.763,71.23,16639000,None,11326000,11326000,343005000,-341655000,None,None,7994000,None,None,None,80000,6113000,None,75733000,75733000,36383000,None,None,83768000,None,None,4396000,-1574000,None,None,None,0.396,-0.32,5209000,9605000,3.1,2005-12-31,14.2,236742000,1450800000.0,21919000,-947000,-441000,154063000,154063000,None,25604000,None,53132000,None,None,345000000,None,None,-22187000,None,None,None,0.177,-373000,16849000,5070000,18673000,41001000,None,None,None,None,None,None,None,0.612,2.89,2.156,None,None,None,None,None,None,None,0.0155,None,64265000,2025-10-29,quarterly,2.78,USD,pre-market,3003000,-506000,0.0466,0.0253,0.036,96.81,75358000,347304000,2304000,None,177.72,202.84,-10.3226,635641000,166899000,98316000,519311000,468742000,420995000,97652000,116330000,231.29,None,220.03,104.6
2025-12-28,GTLS,0.89,4291200000.0,231.29,None,1.763,71.23,5576000,None,11326000,11326000,-5833000,-5795000,None,None,1735000,None,None,None,80000,6113000,None,75733000,75733000,36383000,None,None,83768000,None,None,4396000,2018000,None,None,None,0.396,-0.32,5209000,9605000,3.1,2005-09-30,14.2,236742000,1450800000.0,21919000,-947000,-441000,154063000,154063000,None,25604000,None,53132000,None,None,345000000,None,None,7610000,None,None,None,0.177,20076000,16849000,5070000,18673000,41001000,None,None,None,None,None,None,None,0.612,2.89,2.156,None,None,None,None,None,None,None,0.0155,None,64265000,2025-10-29,quarterly,2.78,USD,pre-market,3003000,-506000,0.0466,0.0253,0.036,96.81,75358000,347304000,2304000,None,177.72,202.84,-10.3226,635641000,166899000,98316000,519311000,468742000,420995000,97652000,116330000,231.29,None,220.03,104.6
2025-12-28,GTLS,0.89,4291200000.0,231.29,None,1.763,71.23,120800000,None,11326000,11326000,-243700000,-141300000,None,None,54900000,None,None,None,80000,6113000,None,75733000,75733000,36383000,None,None,83768000,None,None,4396000,269900000,27200000,27200000,None,0.396,-0.32,5209000,9605000,3.1,2024-12-31,14.2,236742000,1450800000.0,21919000,-947000,-441000,154063000,154063000,None,25604000,None,53132000,None,None,345000000,None,None,236300000,None,None,None,0.177,503000000,16849000,5070000,18673000,41001000,None,None,None,None,None,None,None,0.612,2.89,2.156,None,None,None,None,None,None,None,0.0155,None,64265000,2025-10-29,annual,2.78,USD,pre-market,3003000,-506000,0.0466,0.0253,0.036,96.81,75358000,347304000,2304000,None,177.72,202.84,-10.3226,635641000,166899000,98316000,519311000,468742000,420995000,97652000,116330000,231.29,None,220.03,104.6
2025-12-28,GTLS,0.89,4291200000.0,231.29,None,1.763,71.23,135600000,None,11326000,11326000,1412500000,-3990100000,None,None,20800000,None,None,None,80000,6113000,None,75733000,75733000,36383000,None,None,83768000,None,None,4396000,231100000,27300000,27300000,None,0.396,-0.32,5209000,9605000,3.1,2023-12-31,14.2,236742000,1450800000.0,21919000,-947000,-441000,154063000,154063000,None,25604000,None,53132000,None,None,345000000,None,None,57500000,None,None,None,0.177,167200000,16849000,5070000,18673000,41001000,None,None,None,None,None,None,None,0.612,2.89,2.156,None,None,None,None,None,-3000000,None,0.0155,None,64265000,2025-10-29,annual,2.78,USD,pre-market,3003000,-506000,0.0466,0.0253,0.036,96.81,75358000,347304000,2304000,None,177.72,202.84,-10.3226,635641000,166899000,98316000,519311000,468742000,420995000,97652000,116330000,231.29,None,220.03,104.6
2025-12-28,GTLS,0.89,4291200000.0,231.29,None,1.763,71.23,74200000,None,11326000,11326000,2504200000,-101600000,2483400000,None,-48700000,None,None,-45300000,80000,6113000,None,75733000,75733000,36383000,None,None,83768000,None,None,4396000,81900000,3600000,3600000,None,0.396,-0.32,5209000,9605000,3.1,2022-12-31,14.2,236742000,1450800000.0,21919000,-947000,-441000,154063000,154063000,None,25604000,None,53132000,None,None,345000000,None,None,82600000,None,None,None,0.177,80800000,16849000,5070000,18673000,41001000,None,None,None,None,None,None,None,0.612,2.89,2.156,None,None,None,None,None,-3600000,None,0.0155,None,64265000,2025-10-29,annual,2.78,USD,pre-market,3003000,-506000,0.0466,0.0253,0.036,96.81,75358000,347304000,2304000,None,177.72,202.84,-10.3226,635641000,166899000,98316000,519311000,468742000,420995000,97652000,116330000,231.29,None,220.03,104.6
2025-12-28,GTLS,0.89,4291200000.0,231.29,None,1.763,71.23,52700000,None,11326000,11326000,381900000,-361200000,-600000,None,-78100000,None,None,-31200000,80000,6113000,None,75733000,75733000,36383000,None,None,83768000,None,None,4396000,80600000,500000,500000,None,0.396,-0.32,5209000,9605000,3.1,2021-12-31,14.2,236742000,1450800000.0,21919000,-947000,-441000,154063000,154063000,None,25604000,None,53132000,None,None,345000000,None,None,60900000,None,None,None,0.177,-21300000,16849000,5070000,18673000,41001000,None,None,None,None,None,None,None,0.612,2.89,2.156,None,None,None,None,None,-6400000,None,0.0155,None,64265000,2025-10-29,annual,2.78,USD,pre-market,3003000,-506000,0.0466,0.0253,0.036,96.81,75358000,347304000,2304000,None,177.72,202.84,-10.3226,635641000,166899000,98316000,519311000,468742000,420995000,97652000,116330000,231.29,None,220.03,104.6
2025-12-28,GTLS,0.89,4291200000.0,231.29,None,1.763,71.23,37900000,None,11326000,11326000,-363400000,185000000,-5700000,None,-34900000,None,None,-10100000,80000,6113000,None,75733000,75733000,36383000,None,None,83768000,None,None,4396000,85200000,11000000,11000000,None,0.396,-0.32,5209000,9605000,3.1,2020-12-31,14.2,236742000,1450800000.0,21919000,-947000,-441000,154063000,154063000,None,25604000,None,53132000,None,None,345000000,None,None,309500000,None,None,None,0.177,172700000,16849000,5070000,18673000,41001000,None,None,None,None,None,None,None,0.612,2.89,2.156,None,None,None,None,None,-19300000,None,0.0155,None,64265000,2025-10-29,annual,2.78,USD,pre-market,3003000,-506000,0.0466,0.0253,0.036,96.81,75358000,347304000,2304000,None,177.72,202.84,-10.3226,635641000,166899000,98316000,519311000,468742000,420995000,97652000,116330000,231.29,None,220.03,104.6
2025-12-28,GTLS,0.89,4291200000.0,231.29,None,1.763,71.23,36200000,None,11326000,11326000,511600000,-642700000,2800000,None,9400000,None,None,23600000,80000,6113000,None,75733000,75733000,36383000,None,None,83768000,None,None,4396000,78800000,695200000,695200000,None,0.396,-0.32,5209000,9605000,3.1,2019-12-31,14.2,236742000,1450800000.0,21919000,-947000,-441000,154063000,154063000,None,25604000,None,53132000,None,None,345000000,None,None,46800000,None,None,None,0.177,133900000,16849000,5070000,18673000,41001000,None,None,None,None,None,None,None,0.612,2.89,2.156,None,None,None,None,None,-2000000,None,0.0155,None,64265000,2025-10-29,annual,2.78,USD,pre-market,3003000,-506000,0.0466,0.0253,0.036,96.81,75358000,347304000,2304000,None,177.72,202.84,-10.3226,635641000,166899000,98316000,519311000,468742000,420995000,97652000,116330000,231.29,None,220.03,104.6
2025-12-28,GTLS,0.89,4291200000.0,231.29,None,1.763,71.23,35600000,None,11326000,11326000,38200000,-127900000,-103400000,None,-35600000,None,None,25500000,80000,6113000,None,75733000,75733000,36383000,None,None,83768000,None,None,4396000,50800000,400000,400000,None,0.396,-0.32,5209000,9605000,3.1,2018-12-31,14.2,236742000,1450800000.0,21919000,-947000,-441000,154063000,154063000,None,25604000,None,53132000,None,None,345000000,None,None,90000000,None,None,None,0.177,88800000,16849000,5070000,18673000,41001000,None,None,None,None,None,None,None,0.612,2.89,2.156,None,None,None,None,None,-2700000,None,0.0155,None,64265000,2025-10-29,annual,2.78,USD,pre-market,3003000,-506000,0.0466,0.0253,0.036,96.81,75358000,347304000,2304000,None,177.72,202.84,-10.3226,635641000,166899000,98316000,519311000,468742000,420995000,97652000,116330000,231.29,None,220.03,104.6
2025-12-28,GTLS,0.89,4291200000.0,231.29,None,1.763,71.23,35200000,None,11326000,11326000,275200000,-480000000,-150600000,7200000,-22000000,None,None,-30500000,80000,6113000,None,75733000,75733000,36383000,None,None,83768000,None,None,4396000,41900000,0,0,None,0.396,-0.32,5209000,9605000,3.1,2017-12-31,14.2,236742000,1450800000.0,21919000,-947000,-441000,154063000,154063000,None,25604000,None,53132000,None,None,345000000,None,None,27700000,None,None,None,0.177,47000000,16849000,5070000,18673000,41001000,None,None,None,None,None,None,None,0.612,2.89,2.156,None,None,None,None,None,-2000000,None,0.0155,None,64265000,2025-10-29,annual,2.78,USD,pre-market,3003000,-506000,0.0466,0.0253,0.036,96.81,75358000,347304000,2304000,None,177.72,202.84,-10.3226,635641000,166899000,98316000,519311000,468742000,420995000,97652000,116330000,231.29,None,220.03,104.6
2025-12-28,GTLS,0.89,4291200000.0,231.29,None,1.763,71.23,17785000,None,11326000,11326000,7731000,-18081000,158251000,-2213000,21700000,None,None,64421000,80000,6113000,None,75733000,75733000,36383000,None,None,83768000,None,None,4396000,37509000,0,0,None,0.396,-0.32,5209000,9605000,3.1,2016-12-31,14.2,236742000,1450800000.0,21919000,-947000,-441000,154063000,154063000,None,25604000,None,53132000,None,None,345000000,None,None,13500000,None,None,None,0.177,170814000,16849000,5070000,18673000,41001000,None,None,None,None,None,None,None,0.612,2.89,2.156,None,None,None,None,None,-700000,None,0.0155,None,64265000,2025-10-29,annual,2.78,USD,pre-market,3003000,-506000,0.0466,0.0253,0.036,96.81,75358000,347304000,2304000,None,177.72,202.84,-10.3226,635641000,166899000,98316000,519311000,468742000,420995000,97652000,116330000,231.29,None,220.03,104.6
2025-12-28,GTLS,0.89,4291200000.0,231.29,None,1.763,71.23,58082000,None,11326000,11326000,-608000,-73524000,20052000,-7805000,12000000,None,None,19445000,80000,6113000,None,75733000,75733000,36383000,None,None,83768000,None,None,4396000,45448000,120000,120000,None,0.396,-0.32,5209000,9605000,3.1,2015-12-31,14.2,236742000,1450800000.0,21919000,-947000,-441000,154063000,154063000,None,25604000,None,53132000,None,None,345000000,None,None,-204500000,None,None,None,0.177,101989000,16849000,5070000,18673000,41001000,None,None,None,None,None,None,None,0.612,2.89,2.156,None,None,None,None,None,-900000,None,0.0155,None,64265000,2025-10-29,annual,2.78,USD,pre-market,3003000,-506000,0.0466,0.0253,0.036,96.81,75358000,347304000,2304000,None,177.72,202.84,-10.3226,635641000,166899000,98316000,519311000,468742000,420995000,97652000,116330000,231.29,None,220.03,104.6
2025-12-28,GTLS,0.89,4291200000.0,231.29,None,1.763,71.23,62135000,None,11326000,11326000,-70793000,-72485000,-33689000,-9128000,-8150000,None,None,-8388000,80000,6113000,None,75733000,75733000,36383000,None,None,83768000,None,None,4396000,43176000,1206000,1206000,None,0.396,-0.32,5209000,9605000,3.1,2014-12-31,14.2,236742000,1450800000.0,21919000,-947000,-441000,154063000,154063000,None,25604000,None,53132000,None,None,345000000,None,None,83072000,None,None,None,0.177,118717000,16849000,5070000,18673000,41001000,None,None,None,None,None,None,None,0.612,2.89,2.156,None,None,None,None,None,-3367000,None,0.0155,None,64265000,2025-10-29,annual,2.78,USD,pre-market,3003000,-506000,0.0466,0.0253,0.036,96.81,75358000,347304000,2304000,None,177.72,202.84,-10.3226,635641000,166899000,98316000,519311000,468742000,420995000,97652000,116330000,231.29,None,220.03,104.6
2025-12-28,GTLS,0.89,4291200000.0,231.29,None,1.763,71.23,72585000,None,11326000,11326000,8107000,-74981000,-4153000,3058000,-12679000,None,None,-80162000,80000,6113000,None,75733000,75733000,36383000,None,None,83768000,None,None,4396000,40389000,1369000,1369000,None,0.396,-0.32,5209000,9605000,3.1,2013-12-31,14.2,236742000,1450800000.0,21919000,-947000,-441000,154063000,154063000,None,25604000,None,53132000,None,None,345000000,None,None,87362000,None,None,None,0.177,59663000,16849000,5070000,18673000,41001000,None,None,None,None,None,None,None,0.612,2.89,2.156,None,None,None,None,None,-2002000,None,0.0155,None,64265000,2025-10-29,annual,2.78,USD,pre-market,3003000,-506000,0.0466,0.0253,0.036,96.81,75358000,347304000,2304000,None,177.72,202.84,-10.3226,635641000,166899000,98316000,519311000,468742000,420995000,97652000,116330000,231.29,None,220.03,104.6
2025-12-28,GTLS,0.89,4291200000.0,231.29,None,1.763,71.23,43685000,None,11326000,11326000,17441000,-224347000,-115363000,3902000,-15777000,None,None,-4043000,80000,6113000,None,75733000,75733000,36383000,None,None,83768000,None,None,4396000,32196000,0,0,None,0.396,-0.32,5209000,9605000,3.1,2012-12-31,14.2,236742000,1450800000.0,21919000,-947000,-441000,154063000,154063000,None,25604000,None,53132000,None,None,345000000,None,None,72324000,None,None,None,0.177,87641000,16849000,5070000,18673000,41001000,None,None,None,None,None,None,None,0.612,2.89,2.156,None,None,None,None,None,-4484000,None,0.0155,None,64265000,2025-10-29,annual,2.78,USD,pre-market,3003000,-506000,0.0466,0.0253,0.036,96.81,75358000,347304000,2304000,None,177.72,202.84,-10.3226,635641000,166899000,98316000,519311000,468742000,420995000,97652000,116330000,231.29,None,220.03,104.6
2025-12-28,GTLS,0.89,4291200000.0,231.29,None,1.763,71.23,22380000,None,11326000,11326000,67711000,-59672000,89697000,2052000,-31628000,None,None,-44044000,80000,6113000,None,75733000,75733000,36383000,None,None,83768000,None,None,4396000,27915000,None,None,None,0.396,-0.32,5209000,9605000,3.1,2011-12-31,14.2,236742000,1450800000.0,21919000,-947000,-441000,154063000,154063000,None,25604000,None,53132000,None,None,345000000,None,None,44244000,None,None,None,0.177,81658000,16849000,5070000,18673000,41001000,None,None,None,None,None,None,None,0.612,2.89,2.156,None,None,None,None,None,-1099000,None,0.0155,None,64265000,2025-10-29,annual,2.78,USD,pre-market,3003000,-506000,0.0466,0.0253,0.036,96.81,75358000,347304000,2304000,None,177.72,202.84,-10.3226,635641000,166899000,98316000,519311000,468742000,420995000,97652000,116330000,231.29,None,220.03,104.6
2025-12-28,GTLS,0.89,4291200000.0,231.29,None,1.763,71.23,16939000,None,11326000,11326000,-19302000,-64215000,-44943000,-1113000,-13717000,None,None,-5168000,80000,6113000,None,75733000,75733000,36383000,None,None,83768000,None,None,4396000,23577000,0,0,None,0.396,-0.32,5209000,9605000,3.1,2010-12-31,14.2,236742000,1450800000.0,21919000,-947000,-441000,154063000,154063000,None,25604000,None,53132000,None,None,345000000,None,None,20505000,None,None,None,0.177,38574000,16849000,5070000,18673000,41001000,None,None,None,None,None,None,None,0.612,2.89,2.156,None,None,None,None,None,-54000,None,0.0155,None,64265000,2025-10-29,annual,2.78,USD,pre-market,3003000,-506000,0.0466,0.0253,0.036,96.81,75358000,347304000,2304000,None,177.72,202.84,-10.3226,635641000,166899000,98316000,519311000,468742000,420995000,97652000,116330000,231.29,None,220.03,104.6
2025-12-28,GTLS,0.89,4291200000.0,231.29,None,1.763,71.23,13190000,None,11326000,11326000,776000,-802000,None,None,25221000,None,None,None,80000,6113000,None,75733000,75733000,36383000,None,None,83768000,None,None,4396000,21412000,None,None,None,0.396,-0.32,5209000,9605000,3.1,2009-12-31,14.2,236742000,1450800000.0,21919000,-947000,-441000,154063000,154063000,None,25604000,None,53132000,None,None,345000000,None,None,61156000,None,None,None,0.177,86926000,16849000,5070000,18673000,41001000,None,None,None,None,None,None,None,0.612,2.89,2.156,None,None,None,None,None,None,None,0.0155,None,64265000,2025-10-29,annual,2.78,USD,pre-market,3003000,-506000,0.0466,0.0253,0.036,96.81,75358000,347304000,2304000,None,177.72,202.84,-10.3226,635641000,166899000,98316000,519311000,468742000,420995000,97652000,116330000,231.29,None,220.03,104.6
2025-12-28,GTLS,0.89,4291200000.0,231.29,None,1.763,71.23,13968000,None,11326000,11326000,-4061000,-65676000,None,None,-8296000,None,None,None,80000,6113000,None,75733000,75733000,36383000,None,None,83768000,None,None,4396000,21313000,None,None,None,0.396,-0.32,5209000,9605000,3.1,2008-12-31,14.2,236742000,1450800000.0,21919000,-947000,-441000,154063000,154063000,None,25604000,None,53132000,None,None,345000000,None,None,79106000,None,None,None,0.177,97812000,16849000,5070000,18673000,41001000,None,None,None,None,None,None,None,0.612,2.89,2.156,None,None,None,None,None,None,None,0.0155,None,64265000,2025-10-29,annual,2.78,USD,pre-market,3003000,-506000,0.0466,0.0253,0.036,96.81,75358000,347304000,2304000,None,177.72,202.84,-10.3226,635641000,166899000,98316000,519311000,468742000,420995000,97652000,116330000,231.29,None,220.03,104.6
2025-12-28,GTLS,0.89,4291200000.0,231.29,None,1.763,71.23,19028000,None,11326000,11326000,7444000,-18541000,None,None,-11122000,None,None,None,80000,6113000,None,75733000,75733000,36383000,None,None,83768000,None,None,4396000,20352000,None,None,None,0.396,-0.32,5209000,9605000,3.1,2007-12-31,14.2,236742000,1450800000.0,21919000,-947000,-441000,154063000,154063000,None,25604000,None,53132000,None,None,345000000,None,None,44156000,None,None,None,0.177,82507000,16849000,5070000,18673000,41001000,None,None,None,None,None,None,None,0.612,2.89,2.156,None,None,None,None,None,None,None,0.0155,None,64265000,2025-10-29,annual,2.78,USD,pre-market,3003000,-506000,0.0466,0.0253,0.036,96.81,75358000,347304000,2304000,None,177.72,202.84,-10.3226,635641000,166899000,98316000,519311000,468742000,420995000,97652000,116330000,231.29,None,220.03,104.6
2025-12-28,GTLS,0.89,4291200000.0,231.29,None,1.763,71.23,22253000,None,11326000,11326000,9235000,-38664000,None,None,-15366000,None,None,None,80000,6113000,None,75733000,75733000,36383000,None,None,83768000,None,None,4396000,22449000,150313000,150313000,None,0.396,-0.32,5209000,9605000,3.1,2006-12-31,14.2,236742000,1450800000.0,21919000,-947000,-441000,154063000,154063000,None,25604000,None,53132000,None,None,345000000,None,None,26895000,None,None,None,0.177,36398000,16849000,5070000,18673000,41001000,None,None,None,None,None,None,None,0.612,2.89,2.156,None,None,None,None,None,None,None,0.0155,None,64265000,2025-10-29,annual,2.78,USD,pre-market,3003000,-506000,0.0466,0.0253,0.036,96.81,75358000,347304000,2304000,None,177.72,202.84,-10.3226,635641000,166899000,98316000,519311000,468742000,420995000,97652000,116330000,231.29,None,220.03,104.6
2025-12-28,GTLS,0.89,4291200000.0,231.29,None,1.763,71.23,5601000,None,11326000,11326000,348489000,-362250000,None,None,2812000,None,None,None,80000,6113000,None,75733000,75733000,36383000,None,None,83768000,None,None,4396000,4396000,None,None,None,0.396,-0.32,5209000,9605000,3.1,2005-12-31,14.2,236742000,1450800000.0,21919000,-947000,-441000,154063000,154063000,None,25604000,None,53132000,None,None,345000000,None,None,-506000,None,None,None,0.177,18742000,16849000,5070000,18673000,41001000,None,None,None,None,None,None,None,0.612,2.89,2.156,None,None,None,None,None,None,None,0.0155,None,64265000,2025-10-29,annual,2.78,USD,pre-market,3003000,-506000,0.0466,0.0253,0.036,96.81,75358000,347304000,2304000,None,177.72,202.84,-10.3226,635641000,166899000,98316000,519311000,468742000,420995000,97652000,116330000,231.29,None,220.03,104.6
