date,symbol,eps,revenue_ttm,pe_ratio,accumulateddepreciationamortizationppe,beta,book_value,capitalexpenditures,capitalleaseobligations,cashandcashequivalentsatcarryingvalue,cashandshortterminvestments,cashflowfromfinancing,cashflowfrominvestment,changeincashandcashequivalents,changeinexchangerate,changeininventory,changeinoperatingassets,changeinoperatingliabilities,changeinreceivables,commonstock,commonstocksharesoutstanding,comprehensiveincomenetoftax,costofgoodsandservicessold,costofrevenue,currentaccountspayable,currentdebt,currentlongtermdebt,currentnetreceivables,deferredrevenue,depreciation,depreciationandamortization,depreciationdepletionandamortization,dividend_per_share,dividend_yield,dividendpayout,dividendpayoutcommonstock,dividendpayoutpreferredstock,earnings_growth_yoy,earnings_surprise,ebit,ebitda,estimated_eps,fiscaldateending,forward_pe,goodwill,gross_profit_ttm,grossprofit,incomebeforetax,incometaxexpense,intangibleassets,intangibleassetsexcludinggoodwill,interestanddebtexpense,interestexpense,interestincome,inventory,investmentincomenet,investments,longtermdebt,longtermdebtnoncurrent,longterminvestments,netincome,netincomefromcontinuingoperations,netinterestincome,noninterestincome,operating_margin_ttm,operatingcashflow,operatingexpenses,operatingincome,othercurrentassets,othercurrentliabilities,othernoncurrentassets,othernoncurrentliabilities,othernonoperatingincome,paymentsforoperatingactivities,paymentsforrepurchaseofcommonstock,paymentsforrepurchaseofequity,paymentsforrepurchaseofpreferredstock,peg_ratio,price_to_book,price_to_sales_ttm,proceedsfromissuanceofcommonstock,proceedsfromissuanceoflongtermdebtandcapitalsecuritiesnet,proceedsfromissuanceofpreferredstock,proceedsfromoperatingactivities,proceedsfromrepaymentsofshorttermdebt,proceedsfromrepurchaseofequity,proceedsfromsaleoftreasurystock,profit_margin,profitloss,propertyplantequipment,report_date,report_type,reported_eps,reportedcurrency,reporttime,researchanddevelopment,retainedearnings,return_on_assets_ttm,return_on_equity_ttm,revenue_growth_yoy,revenue_per_share_ttm,sellinggeneralandadministrative,shortlongtermdebttotal,shorttermdebt,shortterminvestments,sma_200,sma_50,surprise_pct,totalassets,totalcurrentassets,totalcurrentliabilities,totalliabilities,totalnoncurrentassets,totalnoncurrentliabilities,totalrevenue,totalshareholderequity,trailing_pe,treasurystock,week_52_high,week_52_low
1996-03-31,GWW,,,,,,,,,,,,,,,,,,,,,,,,,,,,,,,,,,,,,,0.0,,,0.49,,,,,,,,,,,,,,,,,,,,,,,,,,,,,,,,,,,,,,,,,,,,,,,,,1996-04-12,,0.49,,pre-market,,,,,,,,,,,,,0.0,,,,,,,,,,,,
1996-06-30,GWW,,,,,,,,,,,,,,,,,,,,,,,,,,,,,,,,,,,,,,0.0,,,0.48,,,,,,,,,,,,,,,,,,,,,,,,,,,,,,,,,,,,,,,,,,,,,,,,,1996-07-12,,0.48,,pre-market,,,,,,,,,,,,,0.0,,,,,,,,,,,,
1996-09-30,GWW,,,,,,,,,,,,,,,,,,,,,,,,,,,,,,,,,,,,,,0.0,,,0.51,,,,,,,,,,,,,,,,,,,,,,,,,,,,,,,,,,,,,,,,,,,,,,,,,1996-10-14,,0.51,,pre-market,,,,,,,,,,,,,0.0,,,,,,,,,,,,
1996-12-31,GWW,,,,,,,,,,,,,,,,,,,,,,,,,,,,,,,,,,,,,,-0.01,,,0.55,,,,,,,,,,,,,,,,,,,,,,,,,,,,,,,,,,,,,,,,,,,,,,,,,1997-02-04,,0.54,,pre-market,,,,,,,,,,,,,-1.8182,,,,,,,,,,,,
1997-03-31,GWW,,,,,,,,,,,,,,,,,,,,,,,,,,,,,,,,,,,,,,-0.02,,,0.54,,,,,,,,,,,,,,,,,,,,,,,,,,,,,,,,,,,,,,,,,,,,,,,,,1997-04-11,,0.52,,pre-market,,,,,,,,,,,,,-3.7037,,,,,,,,,,,,
1997-06-30,GWW,,,,,,,,,,,,,,,,,,,,,,,,,,,,,,,,,,,,,,0.03,,,0.53,,,,,,,,,,,,,,,,,,,,,,,,,,,,,,,,,,,,,,,,,,,,,,,,,1997-07-15,,0.56,,pre-market,,,,,,,,,,,,,5.6604,,,,,,,,,,,,
1997-09-30,GWW,,,,,,,,,,,,,,,,,,,,,,,,,,,,,,,,,,,,,,0.0,,,0.56,,,,,,,,,,,,,,,,,,,,,,,,,,,,,,,,,,,,,,,,,,,,,,,,,1997-10-13,,0.56,,pre-market,,,,,,,,,,,,,0.0,,,,,,,,,,,,
1997-12-31,GWW,,,,,,,,,,,,,,,,,,,,,,,,,,,,,,,,,,,,,,0.01,,,0.62,,,,,,,,,,,,,,,,,,,,,,,,,,,,,,,,,,,,,,,,,,,,,,,,,1998-02-03,,0.63,,pre-market,,,,,,,,,,,,,1.6129,,,,,,,,,,,,
1998-03-31,GWW,,,,,,,,,,,,,,,,,,,,,,,,,,,,,,,,,,,,,,0.01,,,0.57,,,,,,,,,,,,,,,,,,,,,,,,,,,,,,,,,,,,,,,,,,,,,,,,,1998-04-13,,0.58,,pre-market,,,,,,,,,,,,,1.7544,,,,,,,,,,,,
1998-06-30,GWW,,,,,,,,,,,,,,,,,,,,,,,,,,,,,,,,,,,,,,-0.01,,,0.63,,,,,,,,,,,,,,,,,,,,,,,,,,,,,,,,,,,,,,,,,,,,,,,,,1998-07-15,,0.62,,pre-market,,,,,,,,,,,,,-1.5873,,,,,,,,,,,,
1998-09-30,GWW,,,,,,,,,,,,,,,,,,,,,,,,,,,,,,,,,,,,,,-0.03,,,0.6,,,,,,,,,,,,,,,,,,,,,,,,,,,,,,,,,,,,,,,,,,,,,,,,,1998-10-13,,0.57,,pre-market,,,,,,,,,,,,,-5.0,,,,,,,,,,,,
1998-12-31,GWW,,,,,,,,,,,,,,,,,,,,,,,,,,,,,,,,,,,,,,0.08,,,0.61,,,,,,,,,,,,,,,,,,,,,,,,,,,,,,,,,,,,,,,,,,,,,,,,,1999-02-03,,0.69,,pre-market,,,,,,,,,,,,,13.1148,,,,,,,,,,,,
1999-03-31,GWW,,,,,,,,,,,,,,,,,,,,,,,,,,,,,,,,,,,,,,-0.01,,,0.62,,,,,,,,,,,,,,,,,,,,,,,,,,,,,,,,,,,,,,,,,,,,,,,,,1999-04-13,,0.61,,pre-market,,,,,,,,,,,,,-1.6129,,,,,,,,,,,,
1999-06-30,GWW,,,,,,,,,,,,,,,,,,,,,,,,,,,,,,,,,,,,,,-0.1,,,0.63,,,,,,,,,,,,,,,,,,,,,,,,,,,,,,,,,,,,,,,,,,,,,,,,,1999-07-15,,0.53,,pre-market,,,,,,,,,,,,,-15.873,,,,,,,,,,,,
1999-09-30,GWW,,,,,,,,,,,,,,,,,,,,,,,,,,,,,,,,,,,,,,-0.01,,,0.5,,,,,,,,,,,,,,,,,,,,,,,,,,,,,,,,,,,,,,,,,,,,,,,,,1999-10-13,,0.49,,pre-market,,,,,,,,,,,,,-2.0,,,,,,,,,,,,
1999-12-31,GWW,,,,,,,,,,,,,,,,,,,,,,,,,,,,,,,,,,,,,,0.0,,,0.3,,,,,,,,,,,,,,,,,,,,,,,,,,,,,,,,,,,,,,,,,,,,,,,,,2000-01-31,,0.3,,pre-market,,,,,,,,,,,,,0.0,,,,,,,,,,,,
2000-03-31,GWW,,,,,,,,,,,,,,,,,,,,,,,,,,,,,,,,,,,,,,0.01,,,0.43,,,,,,,,,,,,,,,,,,,,,,,,,,,,,,,,,,,,,,,,,,,,,,,,,2000-04-17,,0.44,,pre-market,,,,,,,,,,,,,2.3256,,,,,,,,,,,,
2000-06-30,GWW,,,,,,,,,,,,,,,,,,,,,,,,,,,,,,,,,,,,,,-0.03,,,0.46,,,,,,,,,,,,,,,,,,,,,,,,,,,,,,,,,,,,,,,,,,,,,,,,,2000-07-18,,0.43,,pre-market,,,,,,,,,,,,,-6.5217,,,,,,,,,,,,
2000-09-30,GWW,,,,,,,,,,,,,,,,,,,,,,,,,,,,,,,,,,,,,,0.0,,,0.49,,,,,,,,,,,,,,,,,,,,,,,,,,,,,,,,,,,,,,,,,,,,,,,,,2000-10-16,,0.49,,pre-market,,,,,,,,,,,,,0.0,,,,,,,,,,,,
2000-12-31,GWW,,,,,,,,,,,,,,,,,,,,,,,,,,,,,,,,,,,,,,0.01,,,0.5,,,,,,,,,,,,,,,,,,,,,,,,,,,,,,,,,,,,,,,,,,,,,,,,,2001-01-30,,0.51,,pre-market,,,,,,,,,,,,,2.0,,,,,,,,,,,,
2001-03-31,GWW,,,,,,,,,,,,,,,,,,,,,,,,,,,,,,,,,,,,,,0.01,,,0.44,,,,,,,,,,,,,,,,,,,,,,,,,,,,,,,,,,,,,,,,,,,,,,,,,2001-04-16,,0.45,,pre-market,,,,,,,,,,,,,2.2727,,,,,,,,,,,,
2001-06-30,GWW,,,,,,,,,,,,,,,,,,,,,,,,,,,,,,,,,,,,,,0.03,,,0.52,,,,,,,,,,,,,,,,,,,,,,,,,,,,,,,,,,,,,,,,,,,,,,,,,2001-07-17,,0.55,,pre-market,,,,,,,,,,,,,5.7692,,,,,,,,,,,,
2001-09-30,GWW,,,,,,,,,,,,,,,,,,,,,,,,,,,,,,,,,,,,,,0.02,,,0.57,,,,,,,,,,,,,,,,,,,,,,,,,,,,,,,,,,,,,,,,,,,,,,,,,2001-10-15,,0.59,,pre-market,,,,,,,,,,,,,3.5088,,,,,,,,,,,,
2001-12-31,GWW,,,,,,,,,,,,,,,,,,,,,,,,,,,,,,,,,,,,,,0.04,,,0.61,,,,,,,,,,,,,,,,,,,,,,,,,,,,,,,,,,,,,,,,,,,,,,,,,2002-01-29,,0.65,,pre-market,,,,,,,,,,,,,6.5574,,,,,,,,,,,,
2002-03-31,GWW,,,,,,,,,,,,,,,,,,,,,,,,,,,,,,,,,,,,,,0.02,,,0.55,,,,,,,,,,,,,,,,,,,,,,,,,,,,,,,,,,,,,,,,,,,,,,,,,2002-04-16,,0.57,,pre-market,,,,,,,,,,,,,3.6364,,,,,,,,,,,,
2002-06-30,GWW,,,,,,,,,,,,,,,,,,,,,,,,,,,,,,,,,,,,,,0.01,,,0.6,,,,,,,,,,,,,,,,,,,,,,,,,,,,,,,,,,,,,,,,,,,,,,,,,2002-07-16,,0.61,,pre-market,,,,,,,,,,,,,1.6667,,,,,,,,,,,,
2002-09-30,GWW,,,,,,,,,,,,,,,,,,,,,,,,,,,,,,,,,,,,,,0.01,,,0.63,,,,,,,,,,,,,,,,,,,,,,,,,,,,,,,,,,,,,,,,,,,,,,,,,2002-10-16,,0.64,,pre-market,,,,,,,,,,,,,1.5873,,,,,,,,,,,,
2002-12-31,GWW,,,,,,,,,,,,,,,,,,,,,,,,,,,,,,,,,,,,,,0.02,,,0.66,,,,,,,,,,,,,,,,,,,,,,,,,,,,,,,,,,,,,,,,,,,,,,,,,2003-01-29,,0.68,,pre-market,,,,,,,,,,,,,3.0303,,,,,,,,,,,,
2003-03-31,GWW,,,,,,,,,,,,,,,,,,,,,,,,,,,,,,,,,,,,,,0.0,,,0.57,,,,,,,,,,,,,,,,,,,,,,,,,,,,,,,,,,,,,,,,,,,,,,,,,2003-04-16,,0.57,,pre-market,,,,,,,,,,,,,0.0,,,,,,,,,,,,
2003-06-30,GWW,,,,,,,,,,,,,,,,,,,,,,,,,,,,,,,,,,,,,,-0.01,,,0.61,,,,,,,,,,,,,,,,,,,,,,,,,,,,,,,,,,,,,,,,,,,,,,,,,2003-07-17,,0.6,,pre-market,,,,,,,,,,,,,-1.6393,,,,,,,,,,,,
2003-09-30,GWW,,,,,,,,,,,,,,,,,,,,,,,,,,,,,,,,,,,,,,-0.01,,,0.63,,,,,,,,,,,,,,,,,,,,,,,,,,,,,,,,,,,,,,,,,,,,,,,,,2003-10-16,,0.62,,pre-market,,,,,,,,,,,,,-1.5873,,,,,,,,,,,,
2003-12-31,GWW,,,,,,,,,,,,,,,,,,,,,,,,,,,,,,,,,,,,,,0.01,,,0.66,,,,,,,,,,,,,,,,,,,,,,,,,,,,,,,,,,,,,,,,,,,,,,,,,2004-01-29,,0.67,,pre-market,,,,,,,,,,,,,1.5152,,,,,,,,,,,,
2004-03-31,GWW,,,,,,,,,,,,,,,,,,,,,,,,,,,,,,,,,,,,,,0.11,,,0.58,,,,,,,,,,,,,,,,,,,,,,,,,,,,,,,,,,,,,,,,,,,,,,,,,2004-04-16,,0.69,,pre-market,,,,,,,,,,,,,18.9655,,,,,,,,,,,,
2004-06-30,GWW,,,,,,,,,,,,,,,,,,,,,,,,,,,,,,,,,,,,,,0.03,,,0.69,,,,,,,,,,,,,,,,,,,,,,,,,,,,,,,,,,,,,,,,,,,,,,,,,2004-07-16,,0.72,,pre-market,,,,,,,,,,,,,4.3478,,,,,,,,,,,,
2004-09-30,GWW,,,,,,,,,,,,,,,,,,,,,,,,,,,,,,,,,,,,,,0.03,,,0.71,,,,,,,,,,,,,,,,,,,,,,,,,,,,,,,,,,,,,,,,,,,,,,,,,2004-10-18,,0.74,,pre-market,,,,,,,,,,,,,4.2254,,,,,,,,,,,,
2004-12-31,GWW,,,,,,,,,,,,,,,,,,,,,,,,,,,,,,,,,,,,,,0.02,,,0.85,,,,,,,,,,,,,,,,,,,,,,,,,,,,,,,,,,,,,,,,,,,,,,,,,2005-01-27,,0.87,,pre-market,,,,,,,,,,,,,2.3529,,,,,,,,,,,,
2005-03-31,GWW,,,,,,,,,,,,,,,,,,,,,,,,,,,,,,,,,,,,,,0.01,,,0.78,,,,,,,,,,,,,,,,,,,,,,,,,,,,,,,,,,,,,,,,,,,,,,,,,2005-04-15,,0.79,,pre-market,,,,,,,,,,,,,1.2821,,,,,,,,,,,,
2005-06-30,GWW,,,,,,,,,,,,,,,,,,,,,,,,,,,,,,,,,,,,,,0.07,,,0.82,,,,,,,,,,,,,,,,,,,,,,,,,,,,,,,,,,,,,,,,,,,,,,,,,2005-07-15,,0.89,,pre-market,,,,,,,,,,,,,8.5366,,,,,,,,,,,,
2005-09-30,GWW,,,,,,,,,,,,,,,,,,,,,,,,,,,,,,,,,,,,,,0.06,,,0.91,,,,,,,,,,,,,,,,,,,,,,,,,,,,,,,,,,,,,,,,,,,,,,,,,2005-10-17,,0.97,,pre-market,,,,,,,,,,,,,6.5934,,,,,,,,,,,,
2005-12-31,GWW,,,,,,,,,,,,,,,,,,,,,,,,,,,,,,,,,,,,,,0.01,,,1.02,,,,,,,,,,,,,,,,,,,,,,,,,,,,,,,,,,,,,,,,,,,,,,,,,2006-01-26,,1.03,,pre-market,,,,,,,,,,,,,0.9804,,,,,,,,,,,,
2006-03-31,GWW,,,,,,,,,,,,,,,,,,,,,,,,,,,,,,,,,,,,,,0.05,,,0.88,,,,,,,,,,,,,,,,,,,,,,,,,,,,,,,,,,,,,,,,,,,,,,,,,2006-04-17,,0.93,,pre-market,,,,,,,,,,,,,5.6818,,,,,,,,,,,,
2006-06-30,GWW,,,,,,,,,,,,,,,,,,,,,,,,,,,,,,,,,,,,,,-0.02,,,1.02,,,,,,,,,,,,,,,,,,,,,,,,,,,,,,,,,,,,,,,,,,,,,,,,,2006-07-17,,1.0,,pre-market,,,,,,,,,,,,,-1.9608,,,,,,,,,,,,
2006-09-30,GWW,,,,,,,,,,,,,,,,,,,,,,,,,,,,,,,,,,,,,,0.01,,,1.06,,,,,,,,,,,,,,,,,,,,,,,,,,,,,,,,,,,,,,,,,,,,,,,,,2006-10-16,,1.07,,pre-market,,,,,,,,,,,,,0.9434,,,,,,,,,,,,
2006-12-31,GWW,,,,,,,,,,,,,,,,,,,,,,,,,,,,,,,,,,,,,,0.03,,,1.05,,,,,,,,,,,,,,,,,,,,,,,,,,,,,,,,,,,,,,,,,,,,,,,,,2007-01-26,,1.08,,pre-market,,,,,,,,,,,,,2.8571,,,,,,,,,,,,
2007-03-31,GWW,,,,,,,,,,,,,,,,,,,,,,,,,,,,,,,,,,,,,,0.08,,,1.09,,,,,,,,,,,,,,,,,,,,,,,,,,,,,,,,,,,,,,,,,,,,,,,,,2007-04-16,,1.17,,pre-market,,,,,,,,,,,,,7.3394,,,,,,,,,,,,
2007-06-30,GWW,,,,,,,,,,,,,,,,,,,,,,,,,,,,,,,,,,,,,,0.02,,,1.19,,,,,,,,,,,,,,,,,,,,,,,,,,,,,,,,,,,,,,,,,,,,,,,,,2007-07-16,,1.21,,pre-market,,,,,,,,,,,,,1.6807,,,,,,,,,,,,
2007-09-30,GWW,,,,,,,,,,,,,,,,,,,,,,,,,,,,,,,,,,,,,,0.03,,,1.26,,,,,,,,,,,,,,,,,,,,,,,,,,,,,,,,,,,,,,,,,,,,,,,,,2007-10-15,,1.29,,pre-market,,,,,,,,,,,,,2.381,,,,,,,,,,,,
2007-12-31,GWW,,,,,,,,,,,,,,,,,,,,,,,,,,,,,,,,,,,,,,0.02,,,1.29,,,,,,,,,,,,,,,,,,,,,,,,,,,,,,,,,,,,,,,,,,,,,,,,,2008-01-25,,1.31,,pre-market,,,,,,,,,,,,,1.5504,,,,,,,,,,,,
2008-03-31,GWW,,,,,,,,,,,,,,,,,,,,,,,,,,,,,,,,,,,,,,0.07,,,1.36,,,,,,,,,,,,,,,,,,,,,,,,,,,,,,,,,,,,,,,,,,,,,,,,,2008-04-14,,1.43,,pre-market,,,,,,,,,,,,,5.1471,,,,,,,,,,,,
2008-06-30,GWW,,,,,,,,,,,,,,,,,,,,,,,,,,,,,,,,,,,,,,0.02,,,1.46,,,,,,,,,,,,,,,,,,,,,,,,,,,,,,,,,,,,,,,,,,,,,,,,,2008-07-15,,1.48,,pre-market,,,,,,,,,,,,,1.3699,,,,,,,,,,,,
2008-09-30,GWW,,,,,,,,,,,,,,,,,,,,,,,,,,,,,,,,,,,,,,0.26,,,1.53,,,,,,,,,,,,,,,,,,,,,,,,,,,,,,,,,,,,,,,,,,,,,,,,,2008-10-14,,1.79,,pre-market,,,,,,,,,,,,,16.9935,,,,,,,,,,,,
2008-12-31,GWW,,,,,,,,,,,,,,,,,,,,,,,,,,,,,,,,,,,,,,0.13,,,1.34,,,,,,,,,,,,,,,,,,,,,,,,,,,,,,,,,,,,,,,,,,,,,,,,,2009-01-26,,1.47,,pre-market,,,,,,,,,,,,,9.7015,,,,,,,,,,,,
2009-03-31,GWW,,,,,,,,,,,,,,,,,,,,,,,,,,,,,,,,,,,,,,0.22,,,1.06,,,,,,,,,,,,,,,,,,,,,,,,,,,,,,,,,,,,,,,,,,,,,,,,,2009-04-14,,1.28,,pre-market,,,,,,,,,,,,,20.7547,,,,,,,,,,,,
2009-06-30,GWW,,,,,,,,,,,,,,,,,,,,,,,,,,,,,,,,,,,,,,0.07,,,1.14,,,,,,,,,,,,,,,,,,,,,,,,,,,,,,,,,,,,,,,,,,,,,,,,,2009-07-15,,1.21,,pre-market,,,,,,,,,,,,,6.1404,,,,,,,,,,,,
2009-09-30,GWW,,,,,,,,,,,,,,,,,,,,,,,,,,,,,,,,,,,,,,0.07,,,1.34,,,,,,,,,,,,,,,,,,,,,,,,,,,,,,,,,,,,,,,,,,,,,,,,,2009-10-14,,1.41,,pre-market,,,,,,,,,,,,,5.2239,,,,,,,,,,,,
2009-12-31,GWW,,,,,,,,,,,,,,,,,,,,,,,,,,,,,,,,,,,,,,0.16,,,1.23,,,,,,,,,,,,,,,,,,,,,,,,,,,,,,,,,,,,,,,,,,,,,,,,,2010-01-26,,1.39,,pre-market,,,,,,,,,,,,,13.0081,,,,,,,,,,,,
2010-03-31,GWW,,,,,,,,,,,,,,,,,,,,,,,,,,,,,,,,,,,,,,0.0,,,1.38,,,,,,,,,,,,,,,,,,,,,,,,,,,,,,,,,,,,,,,,,,,,,,,,,2010-04-14,,1.38,,pre-market,,,,,,,,,,,,,0.0,,,,,,,,,,,,
2010-06-30,GWW,,,,,,,,,,,,,,,,,,,,,,,,,,,,,,,,,,,,,,0.15,,,1.5,,,,,,,,,,,,,,,,,,,,,,,,,,,,,,,,,,,,,,,,,,,,,,,,,2010-07-15,,1.65,,pre-market,,,,,,,,,,,,,10.0,,,,,,,,,,,,
2010-09-30,GWW,,,,,,,,,,,,,,,,,,,,,,,,,,,,,,,,,,,,,,0.17,,,1.82,,,,,,,,,,,,,,,,,,,,,,,,,,,,,,,,,,,,,,,,,,,,,,,,,2010-10-14,,1.99,,pre-market,,,,,,,,,,,,,9.3407,,,,,,,,,,,,
2010-12-31,GWW,,,,,,,,,,,,,,,,,,,,,,,,,,,,,,,,,,,,,,0.12,,,1.67,,,,,,,,,,,,,,,,,,,,,,,,,,,,,,,,,,,,,,,,,,,,,,,,,2011-01-25,,1.79,,pre-market,,,,,,,,,,,,,7.1856,,,,,,,,,,,,
2011-03-31,GWW,,,,,,,,,,,,,,,,,,,,,,,,,,,,,,,,,,,,,,0.39,,,1.79,,,,,,,,,,,,,,,,,,,,,,,,,,,,,,,,,,,,,,,,,,,,,,,,,2011-04-18,,2.18,,pre-market,,,,,,,,,,,,,21.7877,,,,,,,,,,,,
2011-06-30,GWW,,,,,,,,,,,,,,,,,,,,,,,,,,,,,,,,,,,,,,0.1,,,2.12,,,,,,,,,,,,,,,,,,,,,,,,,,,,,,,,,,,,,,,,,,,,,,,,,2011-07-19,,2.22,,pre-market,,,,,,,,,,,,,4.717,,,,,,,,,,,,
2011-09-30,GWW,,,,,,,,,,,,,,,,,,,,,,,,,,,,,,,,,,,,,,0.18,,,2.33,,,,,,,,,,,,,,,,,,,,,,,,,,,,,,,,,,,,,,,,,,,,,,,,,2011-10-18,,2.51,,pre-market,,,,,,,,,,,,,7.7253,,,,,,,,,,,,
2011-12-31,GWW,,,,,,,,,,,,,,,,,,,,,,,,,,,,,,,,,,,,,,0.01,,,2.12,,,,,,,,,,,,,,,,,,,,,,,,,,,,,,,,,,,,,,,,,,,,,,,,,2012-01-25,,2.13,,pre-market,,,,,,,,,,,,,0.4717,,,,,,,,,,,,
2012-03-31,GWW,,,,,,,,,,,,,,,,,,,,,,,,,,,,,,,,,,,,,,0.05,,,2.52,,,,,,,,,,,,,,,,,,,,,,,,,,,,,,,,,,,,,,,,,,,,,,,,,2012-04-17,,2.57,,pre-market,,,,,,,,,,,,,1.9841,,,,,,,,,,,,
2012-06-30,GWW,,,,,,,,,,,,,,,,,,,,,,,,,,,,,,,,,,,,,,0.01,,,2.62,,,,,,,,,,,,,,,,,,,,,,,,,,,,,,,,,,,,,,,,,,,,,,,,,2012-07-18,,2.63,,pre-market,,,,,,,,,,,,,0.3817,,,,,,,,,,,,
2012-09-30,GWW,,,,,,,,,,,,,,,,,,,,,,,,,,,,,,,,,,,,,,-0.09,,,2.9,,,,,,,,,,,,,,,,,,,,,,,,,,,,,,,,,,,,,,,,,,,,,,,,,2012-10-16,,2.81,,pre-market,,,,,,,,,,,,,-3.1034,,,,,,,,,,,,
2012-12-31,GWW,,,,,,,,,,,,,,,,,,,,,,,,,,,,,,,,,,,,,,-0.19,,,2.61,,,,,,,,,,,,,,,,,,,,,,,,,,,,,,,,,,,,,,,,,,,,,,,,,2013-01-24,,2.42,,pre-market,,,,,,,,,,,,,-7.2797,,,,,,,,,,,,
2013-03-31,GWW,,,,,,,,,,,,,,,,,,,,,,,,,,,,,,,,,,,,,,0.21,,,2.73,,,,,,,,,,,,,,,,,,,,,,,,,,,,,,,,,,,,,,,,,,,,,,,,,2013-04-16,,2.94,,pre-market,,,,,,,,,,,,,7.6923,,,,,,,,,,,,
2013-06-30,GWW,,,,,,,,,,,,,,,,,,,,,,,,,,,,,,,,,,,,,,0.07,,,2.96,,,,,,,,,,,,,,,,,,,,,,,,,,,,,,,,,,,,,,,,,,,,,,,,,2013-07-17,,3.03,,pre-market,,,,,,,,,,,,,2.3649,,,,,,,,,,,,
2013-09-30,GWW,,,,,,,,,,,,,,,,,,,,,,,,,,,,,,,,,,,,,,-0.09,,,3.04,,,,,,,,,,,,,,,,,,,,,,,,,,,,,,,,,,,,,,,,,,,,,,,,,2013-10-16,,2.95,,pre-market,,,,,,,,,,,,,-2.9605,,,,,,,,,,,,
2013-12-31,GWW,,,,,,,,,,,,,,,,,,,,,,,,,,,,,,,,,,,,,,-0.03,,,2.62,,,,,,,,,,,,,,,,,,,,,,,,,,,,,,,,,,,,,,,,,,,,,,,,,2014-01-24,,2.59,,pre-market,,,,,,,,,,,,,-1.145,,,,,,,,,,,,
2014-03-31,GWW,,,,,,,,,,,,,,,,,,,,,,,,,,,,,,,,,,,,,,0.11,,,2.96,,,,,,,,,,,,,,,,,,,,,,,,,,,,,,,,,,,,,,,,,,,,,,,,,2014-04-16,,3.07,,pre-market,,,,,,,,,,,,,3.7162,,,,,,,,,,,,
2014-06-30,GWW,,,,,,,,,,,,,,,,,,,,,,,,,,,,,,,,,,,,,,0.0,,,3.09,,,,,,,,,,,,,,,,,,,,,,,,,,,,,,,,,,,,,,,,,,,,,,,,,2014-07-17,,3.09,,pre-market,,,,,,,,,,,,,0.0,,,,,,,,,,,,
2014-09-30,GWW,,,,,,,,,,,,,,,,,,,,,,,,,,,,,,,,,,,,,,0.02,,,3.28,,,,,,,,,,,,,,,,,,,,,,,,,,,,,,,,,,,,,,,,,,,,,,,,,2014-10-16,,3.3,,pre-market,,,,,,,,,,,,,0.6098,,,,,,,,,,,,
2014-12-31,GWW,,,,,,,,,,,,,,,,,,,,,,,,,,,,,,,,,,,,,,-0.03,,,2.83,,,,,,,,,,,,,,,,,,,,,,,,,,,,,,,,,,,,,,,,,,,,,,,,,2015-01-26,,2.8,,pre-market,,,,,,,,,,,,,-1.0601,,,,,,,,,,,,
2015-03-31,GWW,,,,,,,,,,,,,,,,,,,,,,,,,,,,,,,,,,,,,,-0.01,,,3.11,,,,,,,,,,,,,,,,,,,,,,,,,,,,,,,,,,,,,,,,,,,,,,,,,2015-04-16,,3.1,,pre-market,,,,,,,,,,,,,-0.3215,,,,,,,,,,,,
2015-06-30,GWW,,,,,,,,,,,,,,,,,,,,,,,,,,,,,,,,,,,,,,0.22,,,3.05,,,,,,,,,,,,,,,,,,,,,,,,,,,,,,,,,,,,,,,,,,,,,,,,,2015-07-17,,3.27,,pre-market,,,,,,,,,,,,,7.2131,,,,,,,,,,,,
2015-09-30,GWW,,,,,,,,,,,,,,,,,,,,,,,,,,,,,,,,,,,,,,-0.03,,,3.06,,,,,,,,,,,,,,,,,,,,,,,,,,,,,,,,,,,,,,,,,,,,,,,,,2015-10-16,,3.03,,pre-market,,,,,,,,,,,,,-0.9804,,,,,,,,,,,,
2015-12-31,GWW,,,,,,,,,,,,,,,,,,,,,,,,,,,,,,,,,,,,,,0.27,,,2.22,,,,,,,,,,,,,,,,,,,,,,,,,,,,,,,,,,,,,,,,,,,,,,,,,2016-01-26,,2.49,,pre-market,,,,,,,,,,,,,12.1622,,,,,,,,,,,,
2016-03-31,GWW,,,,,,,,,,,,,,,,,,,,,,,,,,,,,,,,,,,,,,0.35,,,2.83,,,,,,,,,,,,,,,,,,,,,,,,,,,,,,,,,,,,,,,,,,,,,,,,,2016-04-18,,3.18,,pre-market,,,,,,,,,,,,,12.3675,,,,,,,,,,,,
2016-06-30,GWW,,,,,,,,,,,,,,,,,,,,,,,,,,,,,,,,,,,,,,-0.28,,,3.17,,,,,,,,,,,,,,,,,,,,,,,,,,,,,,,,,,,,,,,,,,,,,,,,,2016-07-19,,2.89,,pre-market,,,,,,,,,,,,,-8.8328,,,,,,,,,,,,
2016-09-30,GWW,,,,,,,,,,,,,,,,,,,,,,,,,,,,,,,,,,,,,,0.07,,,2.99,,,,,,,,,,,,,,,,,,,,,,,,,,,,,,,,,,,,,,,,,,,,,,,,,2016-10-18,,3.06,,pre-market,,,,,,,,,,,,,2.3411,,,,,,,,,,,,
2016-12-31,GWW,,,,,,,,,,,,,,,,,,,,,,,,,,,,,,,,,,,,,,0.09,,,2.36,,,,,,,,,,,,,,,,,,,,,,,,,,,,,,,,,,,,,,,,,,,,,,,,,2017-01-25,,2.45,,pre-market,,,,,,,,,,,,,3.8136,,,,,,,,,,,,
2017-03-31,GWW,,,,,,,,,,,,,,,,,,,,,,,,,,,,,,,,,,,,,,-0.11,,,2.99,,,,,,,,,,,,,,,,,,,,,,,,,,,,,,,,,,,,,,,,,,,,,,,,,2017-04-18,,2.88,,pre-market,,,,,,,,,,,,,-3.6789,,,,,,,,,,,,
2017-06-30,GWW,,,,,,,,,,,,,,,,,,,,,,,,,,,,,,,,,,,,,,0.09,,,2.65,,,,,,,,,,,,,,,,,,,,,,,,,,,,,,,,,,,,,,,,,,,,,,,,,2017-07-19,,2.74,,pre-market,,,,,,,,,,,,,3.3962,,,,,,,,,,,,
2017-09-30,GWW,,,,,,,,,,,,,,,,,,,,,,,,,,,,,,,,,,,,,,0.34,,,2.56,,,,,,,,,,,,,,,,,,,,,,,,,,,,,,,,,,,,,,,,,,,,,,,,,2017-10-17,,2.9,,pre-market,,,,,,,,,,,,,13.2813,,,,,,,,,,,,
2017-12-31,GWW,,,,,,,,,,,,,,,,,,,,,,,,,,,,,,,,,,,,,,0.75,,,2.19,,,,,,,,,,,,,,,,,,,,,,,,,,,,,,,,,,,,,,,,,,,,,,,,,2018-01-24,,2.94,,pre-market,,,,,,,,,,,,,34.2466,,,,,,,,,,,,
2018-03-31,GWW,,,,,,,,,,,,,,,,,,,,,,,,,,,,,,,,,,,,,,0.74,,,3.44,,,,,,,,,,,,,,,,,,,,,,,,,,,,,,,,,,,,,,,,,,,,,,,,,2018-04-19,,4.18,,pre-market,,,,,,,,,,,,,21.5116,,,,,,,,,,,,
2018-06-30,GWW,,,,,,,,,,,,,,,,,,,,,,,,,,,,,,,,,,,,,,0.63,,,3.74,,,,,,,,,,,,,,,,,,,,,,,,,,,,,,,,,,,,,,,,,,,,,,,,,2018-07-18,,4.37,,pre-market,,,,,,,,,,,,,16.8449,,,,,,,,,,,,
2018-09-30,GWW,,,,,,,,,,,,,,,,,,,,,,,,,,,,,,,,,,,,,,0.2,,,3.99,,,,,,,,,,,,,,,,,,,,,,,,,,,,,,,,,,,,,,,,,,,,,,,,,2018-10-16,,4.19,,pre-market,,,,,,,,,,,,,5.0125,,,,,,,,,,,,
2018-12-31,GWW,,,,,,,,,,,,,,,,,,,,,,,,,,,,,,,,,,,,,,0.36,,,3.6,,,,,,,,,,,,,,,,,,,,,,,,,,,,,,,,,,,,,,,,,,,,,,,,,2019-01-24,,3.96,,pre-market,,,,,,,,,,,,,10.0,,,,,,,,,,,,
2019-03-31,GWW,,,,,,,,,,,,,,,,,,,,,,,,,,,,,,,,,,,,,,0.05,,,4.46,,,,,,,,,,,,,,,,,,,,,,,,,,,,,,,,,,,,,,,,,,,,,,,,,2019-04-22,,4.51,,pre-market,,,,,,,,,,,,,1.1211,,,,,,,,,,,,
2019-06-30,GWW,,,,,,,,,,,,,,,,,,,,,,,,,,,,,,,,,,,,,,0.0,,,4.64,,,,,,,,,,,,,,,,,,,,,,,,,,,,,,,,,,,,,,,,,,,,,,,,,2019-07-24,,4.64,,pre-market,,,,,,,,,,,,,0.0,,,,,,,,,,,,
2019-09-30,GWW,,,,,,,,,,,,,,,,,,,,,,,,,,,,,,,,,,,,,,-0.14,,,4.4,,,,,,,,,,,,,,,,,,,,,,,,,,,,,,,,,,,,,,,,,,,,,,,,,2019-10-23,,4.26,,pre-market,,,,,,,,,,,,,-3.1818,,,,,,,,,,,,
2019-12-31,GWW,,,,,,,,,,,,,,,,,,,,,,,,,,,,,,,,,,,,,,-0.14,,,4.04,,,,,,,,,,,,,,,,,,,,,,,,,,,,,,,,,,,,,,,,,,,,,,,,,2020-01-30,,3.9,,pre-market,,,,,,,,,,,,,-3.4653,,,,,,,,,,,,
2020-03-31,GWW,,,,,,,,,,,,,,,,,,,,,,,,,,,,,,,,,,,,,,-0.23,,,4.47,,,,,,,,,,,,,,,,,,,,,,,,,,,,,,,,,,,,,,,,,,,,,,,,,2020-04-23,,4.24,,pre-market,,,,,,,,,,,,,-5.1454,,,,,,,,,,,,
2020-06-30,GWW,,,,,,,,,,,,,,,,,,,,,,,,,,,,,,,,,,,,,,0.24,,,3.51,,,,,,,,,,,,,,,,,,,,,,,,,,,,,,,,,,,,,,,,,,,,,,,,,2020-07-23,,3.75,,pre-market,,,,,,,,,,,,,6.8376,,,,,,,,,,,,
2020-09-30,GWW,,,,,,,,,,,,,,,,,,,,,,,,,,,,,,,,,,,,,,0.39,,,4.13,,,,,,,,,,,,,,,,,,,,,,,,,,,,,,,,,,,,,,,,,,,,,,,,,2020-10-22,,4.52,,pre-market,,,,,,,,,,,,,9.4431,,,,,,,,,,,,
2020-12-31,GWW,,,,,,,,,,,,,,,,,,,,,,,,,,,,,,,,,,,,,,-0.2,,,3.86,,,,,,,,,,,,,,,,,,,,,,,,,,,,,,,,,,,,,,,,,,,,,,,,,2021-02-03,,3.66,,pre-market,,,,,,,,,,,,,-5.1813,,,,,,,,,,,,
2021-03-31,GWW,,,,,,,,,,,,,,,,,,,,,,,,,,,,,,,,,,,,,,0.16,,,4.32,,,,,,,,,,,,,,,,,,,,,,,,,,,,,,,,,,,,,,,,,,,,,,,,,2021-04-30,,4.48,,pre-market,,,,,,,,,,,,,3.7037,,,,,,,,,,,,
2021-06-30,GWW,,,,,,,,,,,,,,,,,,,,,,,,,,,,,,,,,,,,,,-0.35,,,4.62,,,,,,,,,,,,,,,,,,,,,,,,,,,,,,,,,,,,,,,,,,,,,,,,,2021-07-30,,4.27,,pre-market,,,,,,,,,,,,,-7.5758,,,,,,,,,,,,
2021-09-30,GWW,,,,,,,,,,,,,,,,,,,,,,,,,,,,,,,,,,,,,,0.34,,,5.31,,,,,,,,,,,,,,,,,,,,,,,,,,,,,,,,,,,,,,,,,,,,,,,,,2021-10-29,,5.65,,pre-market,,,,,,,,,,,,,6.403,,,,,,,,,,,,
2021-12-31,GWW,,,,,,,,,,,,,,,,,,,,,,,,,,,,,,,,,,,,,,0.21,,,5.23,,,,,,,,,,,,,,,,,,,,,,,,,,,,,,,,,,,,,,,,,,,,,,,,,2022-02-03,,5.44,,pre-market,,,,,,,,,,,,,4.0153,,,,,,,,,,,,
2022-03-31,GWW,,,,,,,,,,,,,,,,,,,,,,,,,,,,,,,,,,,,,,0.95,,,6.12,,,,,,,,,,,,,,,,,,,,,,,,,,,,,,,,,,,,,,,,,,,,,,,,,2022-04-28,,7.07,,pre-market,,,,,,,,,,,,,15.5229,,,,,,,,,,,,
2022-06-30,GWW,,,,,,,,,,,,,,,,,,,,,,,,,,,,,,,,,,,,,,0.58,,,6.61,,,,,,,,,,,,,,,,,,,,,,,,,,,,,,,,,,,,,,,,,,,,,,,,,2022-07-29,,7.19,,pre-market,,,,,,,,,,,,,8.7746,,,,,,,,,,,,
2022-09-30,GWW,,,,,,,,,,,,,,,,,,,,,,,,,,,,,,,,,,,,,,1.02,,,7.25,,,,,,,,,,,,,,,,,,,,,,,,,,,,,,,,,,,,,,,,,,,,,,,,,2022-10-28,,8.27,,pre-market,,,,,,,,,,,,,14.069,,,,,,,,,,,,
2022-12-31,GWW,,,,,,,,,,,,,,,,,,,,,,,,,,,,,,,,,,,,,,0.14,,,7.0,,,,,,,,,,,,,,,,,,,,,,,,,,,,,,,,,,,,,,,,,,,,,,,,,2023-02-02,,7.14,,pre-market,,,,,,,,,,,,,2.0,,,,,,,,,,,,
2023-03-31,GWW,,,,,,,,,,,,,,,,,,,,,,,,,,,,,,,,,,,,,,1.08,,,8.53,,,,,,,,,,,,,,,,,,,,,,,,,,,,,,,,,,,,,,,,,,,,,,,,,2023-04-27,,9.61,,pre-market,,,,,,,,,,,,,12.6612,,,,,,,,,,,,
2023-06-30,GWW,,,,,,,,,,,,,,,,,,,,,,,,,,,,,,,,,,,,,,0.19,,,9.09,,,,,,,,,,,,,,,,,,,,,,,,,,,,,,,,,,,,,,,,,,,,,,,,,2023-07-27,,9.28,,pre-market,,,,,,,,,,,,,2.0902,,,,,,,,,,,,
2023-09-30,GWW,,,,,,,,,,,,,,,,,,,,,,,,,,,,,,,,,,,,,,0.5,,,8.93,,,,,,,,,,,,,,,,,,,,,,,,,,,,,,,,,,,,,,,,,,,,,,,,,2023-10-26,,9.43,,pre-market,,,,,,,,,,,,,5.5991,,,,,,,,,,,,
2023-12-31,GWW,,,,,,,,,,,,,,,,,,,,,,,,,,,,,,,,,,,,,,0.25,,,8.08,,,,,,,,,,,,,,,,,,,,,,,,,,,,,,,,,,,,,,,,,,,,,,,,,2024-02-02,,8.33,,pre-market,,,,,,,,,,,,,3.0941,,,,,,,,,,,,
2024-03-31,GWW,,,,,,,,,,,,,,,,,,,,,,,,,,,,,,,,,,,,,,-0.01,,,9.63,,,,,,,,,,,,,,,,,,,,,,,,,,,,,,,,,,,,,,,,,,,,,,,,,2024-04-25,,9.62,,pre-market,,,,,,,,,,,,,-0.1038,,,,,,,,,,,,
2024-06-30,GWW,,,,,,,,,,,,,,,,,,,,,,,,,,,,,,,,,,,,,,0.17,,,9.59,,,,,,,,,,,,,,,,,,,,,,,,,,,,,,,,,,,,,,,,,,,,,,,,,2024-08-01,,9.76,,pre-market,,,,,,,,,,,,,1.7727,,,,,,,,,,,,
2024-09-30,GWW,,,,,,,,,,,,,,,,,,,,,,,,,,,,,,,,,,,,,,-0.11,,,9.98,,,,,,,,,,,,,,,,,,,,,,,,,,,,,,,,,,,,,,,,,,,,,,,,,2024-10-31,,9.87,,pre-market,,,,,,,,,,,,,-1.1022,,,,,,,,,,,,
2024-12-31,GWW,,,,,,,,,,,,,,,,,,,,,,,,,,,,,,,,,,,,,,-0.03,,,9.74,,,,,,,,,,,,,,,,,,,,,,,,,,,,,,,,,,,,,,,,,,,,,,,,,2025-01-31,,9.71,,pre-market,,,,,,,,,,,,,-0.308,,,,,,,,,,,,
2025-03-31,GWW,,,,,,,,,,,,,,,,,,,,,,,,,,,,,,,,,,,,,,0.35,,,9.51,,,,,,,,,,,,,,,,,,,,,,,,,,,,,,,,,,,,,,,,,,,,,,,,,2025-05-01,,9.86,,pre-market,,,,,,,,,,,,,3.6803,,,,,,,,,,,,
2025-06-30,GWW,,,,,,,,,,,,,,,,,,,,,,,,,,,,,,,,,,,,,,-0.1,,,10.07,,,,,,,,,,,,,,,,,,,,,,,,,,,,,,,,,,,,,,,,,,,,,,,,,2025-08-01,,9.97,,pre-market,,,,,,,,,,,,,-0.993,,,,,,,,,,,,
2025-09-30,GWW,,,,,,,,,,,,,,,,,,,,,,,,,,,,,,,,,,,,,,0.26,,,9.95,,,,,,,,,,,,,,,,,,,,,,,,,,,,,,,,,,,,,,,,,,,,,,,,,2025-10-31,,10.21,,pre-market,,,,,,,,,,,,,2.6131,,,,,,,,,,,,
2025-12-28,GWW,35.64,17750000000.0,28.74,,1.116,74.77,,,,,,,,,,,,,,,,,,,,,,,,,,8.62,0.0084,,,,-0.38,0.26,,,9.95,,23.47,,6939000000.0,,,,,,,,,,,,,,,,,,,0.152,,,,,,,,,,,,,2.118,13.68,2.76,,,,,,,,0.0975,,,2025-10-31,,10.21,,pre-market,,,0.19,0.467,0.061,368.64,,,,,1002.16,970.19,2.6131,,,,,,,,,28.74,,1129.04,887.81
2025-12-28,GWW,35.64,17750000000.0,28.74,,1.116,74.77,,,,,,,,,,,,,,,None,2859000000,2859000000,,,,,,None,65000000,,8.62,0.0084,,,,-0.38,0.26,512000000,577000000,9.95,2025-09-30,23.47,,6939000000.0,1798000000,492000000,171000000,,,None,20000000,20000000,,None,,,,,294000000,321000000,-20000000,None,0.152,,1287000000,511000000,,,,,None,,,,,2.118,13.68,2.76,,,,,,,,0.0975,,,2025-10-31,quarterly,10.21,USD,pre-market,None,,0.19,0.467,0.061,368.64,1287000000,,,,1002.16,970.19,2.6131,,,,,,,4657000000,,28.74,,1129.04,887.81
2025-12-28,GWW,35.64,17750000000.0,28.74,,1.116,74.77,,,,,,,,,,,,,,,None,2799000000,2799000000,,,,,,None,64000000,,8.62,0.0084,,,,-0.38,0.26,681000000,745000000,9.95,2025-06-30,23.47,,6939000000.0,1755000000,661000000,153000000,,,None,20000000,20000000,,None,,,,,482000000,508000000,-20000000,None,0.152,,1077000000,678000000,,,,,None,,,,,2.118,13.68,2.76,,,,,,,,0.0975,,,2025-10-31,quarterly,10.21,USD,pre-market,None,,0.19,0.467,0.061,368.64,1077000000,,,,1002.16,970.19,2.6131,,,,,,,4554000000,,28.74,,1129.04,887.81
2025-12-28,GWW,35.64,17750000000.0,28.74,,1.116,74.77,,,,,,,,,,,,,,,None,2596000000,2596000000,,,,,,None,61000000,,8.62,0.0084,,,,-0.38,0.26,678000000,739000000,9.95,2025-03-31,23.47,,6939000000.0,1710000000,657000000,157000000,,,None,21000000,21000000,,None,,,,,479000000,500000000,-21000000,None,0.152,,1038000000,672000000,,,,,None,,,,,2.118,13.68,2.76,,,,,,,,0.0975,,,2025-10-31,quarterly,10.21,USD,pre-market,None,,0.19,0.467,0.061,368.64,1038000000,,,,1002.16,970.19,2.6131,,,,,,,4306000000,,28.74,,1129.04,887.81
2025-12-28,GWW,35.64,17750000000.0,28.74,,1.116,74.77,,,,,,,,,,,,,,,None,2557000000,2557000000,,,,,,None,62000000,,8.62,0.0084,,,,-0.38,0.26,639000000,701000000,9.95,2024-12-31,23.47,,6939000000.0,1676000000,622000000,125000000,,,None,17000000,17000000,,None,,,,,475000000,497000000,-17000000,None,0.152,,1043000000,633000000,,,,,None,,,,,2.118,13.68,2.76,,,,,,,,0.0975,,,2025-10-31,quarterly,10.21,USD,pre-market,None,,0.19,0.467,0.061,368.64,1043000000,,,,1002.16,970.19,2.6131,,,,,,,4233000000,,28.74,,1129.04,887.81
2025-12-28,GWW,35.64,17750000000.0,28.74,,1.116,74.77,,,,,,,,,,,,,,,None,2668000000,2668000000,,,,,,None,59000000,,8.62,0.0084,,,,-0.38,0.26,690000000,749000000,9.95,2024-09-30,23.47,,6939000000.0,1720000000,671000000,166000000,,,None,19000000,19000000,,None,,,,,486000000,505000000,-19000000,None,0.152,,1034000000,686000000,,,,,None,,,,,2.118,13.68,2.76,,,,,,,,0.0975,,,2025-10-31,quarterly,10.21,USD,pre-market,None,,0.19,0.467,0.061,368.64,1034000000,,,,1002.16,970.19,2.6131,,,,,,,4388000000,,28.74,,1129.04,887.81
2025-12-28,GWW,35.64,17750000000.0,28.74,,1.116,74.77,,,,,,,,,,,,,,,None,2618000000,2618000000,,,,,,None,60000000,,8.62,0.0084,,,,-0.38,0.26,656000000,716000000,9.95,2024-06-30,23.47,,6939000000.0,1694000000,636000000,146000000,,,None,20000000,None,,None,,,,,470000000,490000000,-20000000,None,0.152,,1045000000,649000000,,,,,None,,,,,2.118,13.68,2.76,,,,,,,,0.0975,,,2025-10-31,quarterly,10.21,USD,pre-market,None,,0.19,0.467,0.061,368.64,1045000000,,,,1002.16,970.19,2.6131,,,,,,,4312000000,,28.74,,1129.04,887.81
2025-12-28,GWW,35.64,17750000000.0,28.74,,1.116,74.77,,,,,,,,,,,,,,,None,2567000000,2567000000,,,,,,None,56000000,,8.62,0.0084,,,,-0.38,0.26,676000000,732000000,9.95,2024-03-31,23.47,,6939000000.0,1668000000,655000000,158000000,,,None,21000000,None,,None,,,,,478000000,497000000,-21000000,None,0.152,,999000000,669000000,,,,,None,,,,,2.118,13.68,2.76,,,,,,,,0.0975,,,2025-10-31,quarterly,10.21,USD,pre-market,None,,0.19,0.467,0.061,368.64,999000000,,,,1002.16,970.19,2.6131,,,,,,,4235000000,,28.74,,1129.04,887.81
2025-12-28,GWW,35.64,17750000000.0,28.74,,1.116,74.77,,,,,,,,,,,,,,,None,2434000000,2434000000,,,,,,None,57000000,,8.62,0.0084,,,,-0.38,0.26,564000000,621000000,9.95,2023-12-31,23.47,,6939000000.0,1563000000,541000000,129000000,,,None,23000000,None,,None,,,,,395000000,412000000,-23000000,None,0.152,,1006000000,557000000,,,,,None,,,,,2.118,13.68,2.76,,,,,,,,0.0975,,,2025-10-31,quarterly,10.21,USD,pre-market,None,,0.19,0.467,0.061,368.64,368000000,,,,1002.16,970.19,2.6131,,,,,,,3997000000,,28.74,,1129.04,887.81
2025-12-28,GWW,35.64,17750000000.0,28.74,,1.116,74.77,,,,,,,,,,,,,,,None,2553000000,2553000000,,,,,,None,56000000,,8.62,0.0084,,,,-0.38,0.26,674000000,730000000,9.95,2023-09-30,23.47,,6939000000.0,1655000000,652000000,159000000,,,None,22000000,22000000,,None,,,,,476000000,493000000,-22000000,None,0.152,,988000000,667000000,,,,,None,,,,,2.118,13.68,2.76,,,,,,,,0.0975,,,2025-10-31,quarterly,10.21,USD,pre-market,None,,0.19,0.467,0.061,368.64,988000000,,,,1002.16,970.19,2.6131,,,,,,,4208000000,,28.74,,1129.04,887.81
2025-12-28,GWW,35.64,17750000000.0,28.74,,1.116,74.77,,,,,,,,,,,,,,,None,2538000000,2538000000,,,,,,None,55000000,,8.62,0.0084,,,,-0.38,0.26,669000000,724000000,9.95,2023-06-30,23.47,,6939000000.0,1644000000,645000000,155000000,,,None,24000000,24000000,,None,,,,,470000000,490000000,-24000000,None,0.152,,983000000,661000000,,,,,8000000,,,,,2.118,13.68,2.76,,,,,,,,0.0975,,,2025-10-31,quarterly,10.21,USD,pre-market,None,,0.19,0.467,0.061,368.64,983000000,,,,1002.16,970.19,2.6131,,,,,,,4182000000,,28.74,,1129.04,887.81
2025-12-28,GWW,35.64,17750000000.0,28.74,,1.116,74.77,,,,,,,,,,,,,,,None,2457000000,2457000000,,,,,,None,51000000,,8.62,0.0084,,,,-0.38,0.26,686000000,737000000,9.95,2023-03-31,23.47,,6939000000.0,1634000000,662000000,154000000,,,None,24000000,24000000,,None,,,,,488000000,508000000,-24000000,None,0.152,,954000000,680000000,,,,,6000000,,,,,2.118,13.68,2.76,,,,,,,,0.0975,,,2025-10-31,quarterly,10.21,USD,pre-market,None,,0.19,0.467,0.061,368.64,954000000,,,,1002.16,970.19,2.6131,,,,,,,4091000000,,28.74,,1129.04,887.81
2025-12-28,GWW,35.64,17750000000.0,28.74,,1.116,74.77,,,,,,,,,,,,,,,None,2296000000,2296000000,,,,,,None,58000000,,8.62,0.0084,,,,-0.38,0.26,549000000,607000000,9.95,2022-12-31,23.47,,6939000000.0,1506000000,525000000,128000000,,,None,23000000,23000000,,None,,,,,384000000,397000000,-23000000,None,0.152,,962000000,544000000,,,,,4000000,,,,,2.118,13.68,2.76,,,,,,,,0.0975,,,2025-10-31,quarterly,10.21,USD,pre-market,None,,0.19,0.467,0.061,368.64,443000000,,,,1002.16,970.19,2.6131,,,,,,,3802000000,,28.74,,1129.04,887.81
2025-12-28,GWW,35.64,17750000000.0,28.74,,1.116,74.77,,,,,,,,,,,,,,,None,2423000000,2423000000,,,,,,None,52000000,,8.62,0.0084,,,,-0.38,0.26,612000000,664000000,9.95,2022-09-30,23.47,,6939000000.0,1519000000,587000000,145000000,,,None,25000000,25000000,,None,,,,,426000000,442000000,-25000000,None,0.152,,916000000,603000000,,,,,9000000,,,,,2.118,13.68,2.76,,,,,,,,0.0975,,,2025-10-31,quarterly,10.21,USD,pre-market,None,,0.19,0.467,0.061,368.64,916000000,,,,1002.16,970.19,2.6131,,,,,,,3942000000,,28.74,,1129.04,887.81
2025-12-28,GWW,35.64,17750000000.0,28.74,,1.116,74.77,,,,,,,,,,,,,,,None,2396000000,2396000000,,,,,,None,55000000,,8.62,0.0084,,,,-0.38,0.26,539000000,594000000,9.95,2022-06-30,23.47,,6939000000.0,1441000000,517000000,128000000,,,None,22000000,22000000,,None,,,,,371000000,389000000,-22000000,None,0.152,,907000000,534000000,,,,,5000000,,,,,2.118,13.68,2.76,,,,,,,,0.0975,,,2025-10-31,quarterly,10.21,USD,pre-market,None,,0.19,0.467,0.061,368.64,907000000,,,,1002.16,970.19,2.6131,,,,,,,3837000000,,28.74,,1129.04,887.81
2025-12-28,GWW,35.64,17750000000.0,28.74,,1.116,74.77,,,,,,,,,,,,,,,None,2264000000,2264000000,,,,,,None,52000000,,8.62,0.0084,,,,-0.38,0.26,540000000,592000000,9.95,2022-03-31,23.47,,6939000000.0,1383000000,517000000,132000000,,,None,23000000,23000000,,None,,,,,366000000,385000000,-23000000,None,0.152,,849000000,534000000,,,,,6000000,,,,,2.118,13.68,2.76,,,,,,,,0.0975,,,2025-10-31,quarterly,10.21,USD,pre-market,None,,0.19,0.467,0.061,368.64,849000000,,,,1002.16,970.19,2.6131,,,,,,,3647000000,,28.74,,1129.04,887.81
2025-12-28,GWW,35.64,17750000000.0,28.74,,1.116,74.77,,,,,,,,,,,,,,,None,2106000000,2106000000,,,,,,None,48000000,,8.62,0.0084,,,,-0.38,0.26,423000000,471000000,9.95,2021-12-31,23.47,,6939000000.0,1253000000,401000000,100000000,,,None,22000000,22000000,,None,,,,,283000000,301000000,-22000000,None,0.152,,836000000,417000000,,,,,6000000,,,,,2.118,13.68,2.76,,,,,,,,0.0975,,,2025-10-31,quarterly,10.21,USD,pre-market,None,,0.19,0.467,0.061,368.64,434000000,,,,1002.16,970.19,2.6131,,,,,,,3359000000,,28.74,,1129.04,887.81
2025-12-28,GWW,35.64,17750000000.0,28.74,,1.116,74.77,,,,,,,,,,,,,,,None,2122000000,2122000000,,,,,,None,45000000,,8.62,0.0084,,,,-0.38,0.26,444000000,489000000,9.95,2021-09-30,23.47,,6939000000.0,1250000000,422000000,107000000,,,None,22000000,22000000,,None,,,,,297000000,315000000,-22000000,None,0.152,,812000000,438000000,,,,,6000000,,,,,2.118,13.68,2.76,,,,,,,,0.0975,,,2025-10-31,quarterly,10.21,USD,pre-market,None,,0.19,0.467,0.061,368.64,812000000,,,,1002.16,970.19,2.6131,,,,,,,3372000000,,28.74,,1129.04,887.81
2025-12-28,GWW,35.64,17750000000.0,28.74,,1.116,74.77,,,,,,,,,,,,,,,None,2083000000,2083000000,,,,,,None,49000000,,8.62,0.0084,,,,-0.38,0.26,341000000,390000000,9.95,2021-06-30,23.47,,6939000000.0,1124000000,319000000,76000000,,,None,22000000,22000000,,None,,,,,225000000,243000000,-22000000,None,0.152,,790000000,334000000,,,,,7000000,,,,,2.118,13.68,2.76,,,,,,,,0.0975,,,2025-10-31,quarterly,10.21,USD,pre-market,None,,0.19,0.467,0.061,368.64,790000000,,,,1002.16,970.19,2.6131,,,,,,,3207000000,,28.74,,1129.04,887.81
2025-12-28,GWW,35.64,17750000000.0,28.74,,1.116,74.77,,,,,,,,,,,,,,,None,1991000000,1991000000,,,,,,None,43000000,,8.62,0.0084,,,,-0.38,0.26,364000000,407000000,9.95,2021-03-31,23.47,,6939000000.0,1093000000,343000000,88000000,,,None,21000000,21000000,,None,,,,,238000000,255000000,-21000000,None,0.152,,735000000,358000000,,,,,6000000,,,,,2.118,13.68,2.76,,,,,,,,0.0975,,,2025-10-31,quarterly,10.21,USD,pre-market,None,,0.19,0.467,0.061,368.64,735000000,,,,1002.16,970.19,2.6131,,,,,,,3084000000,,28.74,,1129.04,887.81
2025-12-28,GWW,35.64,17750000000.0,28.74,,1.116,74.77,,,,,,,,,,,,,,,None,1914000000,1914000000,,,,,,None,45000000,,8.62,0.0084,,,,-0.38,0.26,280000000,325000000,9.95,2020-12-31,23.47,,6939000000.0,1027000000,259000000,74000000,,,None,21000000,21000000,,None,,,,,168000000,185000000,-21000000,None,0.152,,752000000,275000000,,,,,5000000,,,,,2.118,13.68,2.76,,,,,,,,0.0975,,,2025-10-31,quarterly,10.21,USD,pre-market,None,,0.19,0.467,0.061,368.64,433000000,,,,1002.16,970.19,2.6131,,,,,,,2941000000,,28.74,,1129.04,887.81
2025-12-28,GWW,35.64,17750000000.0,28.74,,1.116,74.77,,,,,,,,,,,,,,,None,1944000000,1944000000,,,,,,None,42000000,,8.62,0.0084,,,,-0.38,0.26,385000000,427000000,9.95,2020-09-30,23.47,,6939000000.0,1074000000,362000000,106000000,,,None,23000000,23000000,,None,,,,,240000000,256000000,-23000000,None,0.152,,694000000,380000000,,,,,5000000,,,,,2.118,13.68,2.76,,,,,,,,0.0975,,,2025-10-31,quarterly,10.21,USD,pre-market,None,,0.19,0.467,0.061,368.64,694000000,,,,1002.16,970.19,2.6131,,,,,,,3018000000,,28.74,,1129.04,887.81
2025-12-28,GWW,35.64,17750000000.0,28.74,,1.116,74.77,,,,,,,,,,,,,,,None,1821000000,1821000000,,,,,,None,50000000,,8.62,0.0084,,,,-0.38,0.26,212000000,262000000,9.95,2020-06-30,23.47,,6939000000.0,1016000000,184000000,55000000,,,None,28000000,28000000,,None,,,,,114000000,129000000,-28000000,None,0.152,,811000000,205000000,,,,,7000000,,,,,2.118,13.68,2.76,,,,,,,,0.0975,,,2025-10-31,quarterly,10.21,USD,pre-market,None,,0.19,0.467,0.061,368.64,811000000,,,,1002.16,970.19,2.6131,,,,,,,2837000000,,28.74,,1129.04,887.81
2025-12-28,GWW,35.64,17750000000.0,28.74,,1.116,74.77,,,,,,,,,,,,,,,None,1880000000,1880000000,,,,,,None,45000000,,8.62,0.0084,,,,-0.38,0.26,163000000,208000000,9.95,2020-03-31,23.47,,6939000000.0,1121000000,142000000,-43000000,,,None,21000000,21000000,,None,,,,,173000000,185000000,-21000000,None,0.152,,962000000,159000000,,,,,4000000,,,,,2.118,13.68,2.76,,,,,,,,0.0975,,,2025-10-31,quarterly,10.21,USD,pre-market,None,,0.19,0.467,0.061,368.64,962000000,,,,1002.16,970.19,2.6131,,,,,,,3001000000,,28.74,,1129.04,887.81
2025-12-28,GWW,35.64,17750000000.0,28.74,,1.116,74.77,,,,,,,,,,,,,,,None,1765000000,1765000000,,,,,,None,58000000,,8.62,0.0084,,,,-0.38,0.26,185000000,243000000,9.95,2019-12-31,23.47,,6939000000.0,1082000000,170000000,53000000,,,None,19000000,19000000,,None,,,,,103000000,117000000,-19000000,None,0.152,,901000000,181000000,,,,,4000000,,,,,2.118,13.68,2.76,,,,,,,,0.0975,,,2025-10-31,quarterly,10.21,USD,pre-market,None,,0.19,0.467,0.061,368.64,361000000,,,,1002.16,970.19,2.6131,,,,,,,2847000000,,28.74,,1129.04,887.81
2025-12-28,GWW,35.64,17750000000.0,28.74,,1.116,74.77,,,,,,,,,,,,,,,None,1848000000,1848000000,,,,,,None,58000000,,8.62,0.0084,,,,-0.38,0.26,343000000,401000000,9.95,2019-09-30,23.47,,6939000000.0,1099000000,322000000,78000000,,,None,21000000,1000000,,None,,,,,233000000,244000000,-20000000,None,0.152,,761000000,338000000,,,,,5000000,,,,,2.118,13.68,2.76,,,,,,,,0.0975,,,2025-10-31,quarterly,10.21,USD,pre-market,None,,0.19,0.467,0.061,368.64,761000000,,,,1002.16,970.19,2.6131,,,,,,,2947000000,,28.74,,1129.04,887.81
2025-12-28,GWW,35.64,17750000000.0,28.74,,1.116,74.77,,,,,,,,,,,,,,,None,1772000000,1772000000,,,,,,None,56000000,,8.62,0.0084,,,,-0.38,0.26,388000000,444000000,9.95,2019-06-30,23.47,,6939000000.0,1121000000,366000000,94000000,,,None,22000000,1000000,,None,,,,,260000000,272000000,-21000000,None,0.152,,741000000,380000000,,,,,8000000,,,,,2.118,13.68,2.76,,,,,,,,0.0975,,,2025-10-31,quarterly,10.21,USD,pre-market,None,,0.19,0.467,0.061,368.64,741000000,,,,1002.16,970.19,2.6131,,,,,,,2893000000,,28.74,,1129.04,887.81
2025-12-28,GWW,35.64,17750000000.0,28.74,,1.116,74.77,,,,,,,,,,,,,,,None,1704000000,1704000000,,,,,,None,57000000,,8.62,0.0084,,,,-0.38,0.26,372000000,429000000,9.95,2019-03-31,23.47,,6939000000.0,1095000000,351000000,89000000,,,None,21000000,2000000,,None,,,,,253000000,262000000,-19000000,None,0.152,,732000000,363000000,,,,,9000000,,,,,2.118,13.68,2.76,,,,,,,,0.0975,,,2025-10-31,quarterly,10.21,USD,pre-market,None,,0.19,0.467,0.061,368.64,732000000,,,,1002.16,970.19,2.6131,,,,,,,2799000000,,28.74,,1129.04,887.81
2025-12-28,GWW,35.64,17750000000.0,28.74,,1.116,74.77,,,,,,,,,,,,,,,None,1697000000,1697000000,,,,,,None,65000000,,8.62,0.0084,,,,-0.38,0.26,297000000,362000000,9.95,2018-12-31,23.47,,6939000000.0,1066000000,279000000,60000000,,,None,18058000,None,,None,,,,,209000000,219427000,None,None,0.152,,776000000,290000000,,,,,7625000,,,,,2.118,13.68,2.76,,,,,,,,0.0975,,,2025-10-31,quarterly,10.21,USD,pre-market,0,,0.19,0.467,0.061,368.64,776003000,,,,1002.16,970.19,2.6131,,,,,,,2763000000,,28.74,,1129.04,887.81
2025-12-28,GWW,35.64,17750000000.0,28.74,,1.116,74.77,,,,,,,,,,,,,,,None,1752194000,1752194000,,,,,,None,63871000,,8.62,0.0084,,,,-0.38,0.26,193370000,257241000,9.95,2018-09-30,23.47,,6939000000.0,1079235000,171017000,55972000,,,None,22000000,None,,None,,,,,104377000,115045000,None,None,0.152,,890113000,189122000,,,,,4248000,,,,,2.118,13.68,2.76,,,,,,,,0.0975,,,2025-10-31,quarterly,10.21,USD,pre-market,0,,0.19,0.467,0.061,368.64,890113000,,,,1002.16,970.19,2.6131,,,,,,,2831429000,,28.74,,1129.04,887.81
2025-12-28,GWW,35.64,17750000000.0,28.74,,1.116,74.77,,,,,,,,,,,,,,,None,1749271000,1749271000,,,,,,None,63800000,,8.62,0.0084,,,,-0.38,0.26,346284000,410084000,9.95,2018-06-30,23.47,,6939000000.0,1110941000,323360000,75617000,,,None,23000000,None,,None,,,,,236981000,247743000,None,None,0.152,,766955000,343986000,,,,,2298000,,,,,2.118,13.68,2.76,,,,,,,,0.0975,,,2025-10-31,quarterly,10.21,USD,pre-market,0,,0.19,0.467,0.061,368.64,766955000,,,,1002.16,970.19,2.6131,,,,,,,2860212000,,28.74,,1129.04,887.81
2025-12-28,GWW,35.64,17750000000.0,28.74,,1.116,74.77,,,,,,,,,,,,,,,None,1674642000,1674642000,,,,,,None,63931000,,8.62,0.0084,,,,-0.38,0.26,331659000,395590000,9.95,2018-03-31,23.47,,6939000000.0,1091759000,306994000,66209000,,,None,25000000,None,,None,,,,,231535000,240785000,None,None,0.152,,756929000,334830000,,,,,-3171000,,,,,2.118,13.68,2.76,,,,,,,,0.0975,,,2025-10-31,quarterly,10.21,USD,pre-market,0,,0.19,0.467,0.061,368.64,756929000,,,,1002.16,970.19,2.6131,,,,,,,2766401000,,28.74,,1129.04,887.81
2025-12-28,GWW,35.64,17750000000.0,28.74,,1.116,74.77,,,,,,,,,,,,,,,None,1611232000,1611232000,,,,,,None,69726000,,8.62,0.0084,,,,-0.38,0.26,229266000,298992000,9.95,2017-12-31,23.47,,6939000000.0,1021229000,207457000,45642000,,,None,21809000,None,,None,,,,,151059000,161815000,None,None,0.152,,781290000,239939000,,,,,-10673000,,,,,2.118,13.68,2.76,,,,,,,,0.0975,,,2025-10-31,quarterly,10.21,USD,pre-market,0,,0.19,0.467,0.061,368.64,469875000,,,,1002.16,970.19,2.6131,,,,,,,2632461000,,28.74,,1129.04,887.81
2025-12-28,GWW,35.64,17750000000.0,28.74,,1.116,74.77,,,,,,,,,,,,,,,None,1618819000,1618819000,,,,,,None,66143000,,8.62,0.0084,,,,-0.38,0.26,271763000,337906000,9.95,2017-09-30,23.47,,6939000000.0,1017180000,249998000,79182000,,,None,23790000,None,,None,,,,,162006000,170816000,None,None,0.152,,736010000,281170000,,,,,-9407000,,,,,2.118,13.68,2.76,,,,,,,,0.0975,,,2025-10-31,quarterly,10.21,USD,pre-market,0,,0.19,0.467,0.061,368.64,736010000,,,,1002.16,970.19,2.6131,,,,,,,2635999000,,28.74,,1129.04,887.81
2025-12-28,GWW,35.64,17750000000.0,28.74,,1.116,74.77,,,,,,,,,,,,,,,None,1575313000,1575313000,,,,,,None,65946000,,8.62,0.0084,,,,-0.38,0.26,227101000,293047000,9.95,2017-06-30,23.47,,6939000000.0,1039956000,207196000,100237000,,,None,22468000,None,,None,,,,,97921000,106959000,None,None,0.152,,807891000,232065000,,,,,-4964000,,,,,2.118,13.68,2.76,,,,,,,,0.0975,,,2025-10-31,quarterly,10.21,USD,pre-market,0,,0.19,0.467,0.061,368.64,807891000,,,,1002.16,970.19,2.6131,,,,,,,2615269000,,28.74,,1129.04,887.81
2025-12-28,GWW,35.64,17750000000.0,28.74,,1.116,74.77,,,,,,,,,,,,,,,None,1521937000,1521937000,,,,,,None,62249000,,8.62,0.0084,,,,-0.38,0.26,287652000,349901000,9.95,2017-03-31,23.47,,6939000000.0,1019192000,270673000,87820000,,,None,18713000,None,,None,,,,,174744000,182853000,None,None,0.152,,723704000,295488000,,,,,-7836000,,,,,2.118,13.68,2.76,,,,,,,,0.0975,,,2025-10-31,quarterly,10.21,USD,pre-market,0,,0.19,0.467,0.061,368.64,723704000,,,,1002.16,970.19,2.6131,,,,,,,2541129000,,28.74,,1129.04,887.81
2025-12-28,GWW,35.64,17750000000.0,28.74,,1.116,74.77,,,,,,,,,,,,,,,None,1481017000,1481017000,,,,,,None,71462000,,8.62,0.0084,,,,-0.38,0.26,163086000,234548000,9.95,2016-12-31,23.47,,6939000000.0,989693000,145309000,76969000,,,None,17777000,None,,None,,,,,60666000,68340000,None,None,0.152,,815464000,174229000,,,,,-11903000,,,,,2.118,13.68,2.76,,,,,,,,0.0975,,,2025-10-31,quarterly,10.21,USD,pre-market,0,,0.19,0.467,0.061,368.64,550790000,,,,1002.16,970.19,2.6131,,,,,,,2470710000,,28.74,,1129.04,887.81
2025-12-28,GWW,35.64,17750000000.0,28.74,,1.116,74.77,,,,,,,,,,,,,,,None,1556536000,1556536000,,,,,,None,63899000,,8.62,0.0084,,,,-0.38,0.26,311209000,375108000,9.95,2016-09-30,23.47,,6939000000.0,1039752000,293185000,99776000,,,None,18024000,None,,None,,,,,185873000,193409000,None,None,0.152,,717165000,322587000,,,,,-11045000,,,,,2.118,13.68,2.76,,,,,,,,0.0975,,,2025-10-31,quarterly,10.21,USD,pre-market,0,,0.19,0.467,0.061,368.64,717165000,,,,1002.16,970.19,2.6131,,,,,,,2596288000,,28.74,,1129.04,887.81
2025-12-28,GWW,35.64,17750000000.0,28.74,,1.116,74.77,,,,,,,,,,,,,,,None,1523609000,1523609000,,,,,,None,57202000,,8.62,0.0084,,,,-0.38,0.26,299786000,356988000,9.95,2016-06-30,23.47,,6939000000.0,1040059000,282980000,103535000,,,None,16806000,None,,None,,,,,172676000,179445000,None,None,0.152,,734470000,305589000,,,,,-5376000,,,,,2.118,13.68,2.76,,,,,,,,0.0975,,,2025-10-31,quarterly,10.21,USD,pre-market,0,,0.19,0.467,0.061,368.64,734470000,,,,1002.16,970.19,2.6131,,,,,,,2563668000,,28.74,,1129.04,887.81
2025-12-28,GWW,35.64,17750000000.0,28.74,,1.116,74.77,,,,,,,,,,,,,,,None,1461485000,1461485000,,,,,,None,56294000,,8.62,0.0084,,,,-0.38,0.26,311309000,367603000,9.95,2016-03-31,23.47,,6939000000.0,1045053000,297584000,105940000,,,None,13725000,None,,None,,,,,186713000,191644000,None,None,0.152,,727961000,317092000,,,,,-5783000,,,,,2.118,13.68,2.76,,,,,,,,0.0975,,,2025-10-31,quarterly,10.21,USD,pre-market,0,,0.19,0.467,0.061,368.64,727961000,,,,1002.16,970.19,2.6131,,,,,,,2506538000,,28.74,,1129.04,887.81
2025-12-28,GWW,35.64,17750000000.0,28.74,,1.116,74.77,,,,,,,,,,,,,,,None,1475883000,1475883000,,,,,,None,63767000,,8.62,0.0084,,,,-0.38,0.26,248785000,312552000,9.95,2015-12-31,23.47,,6939000000.0,1002375000,234933000,85762000,,,None,13852000,None,,None,,,,,145232000,149171000,None,None,0.152,,750749000,251626000,,,,,-2842000,,,,,2.118,13.68,2.76,,,,,,,,0.0975,,,2025-10-31,quarterly,10.21,USD,pre-market,0,,0.19,0.467,0.061,368.64,750749000,,,,1002.16,970.19,2.6131,,,,,,,2478258000,,28.74,,1129.04,887.81
2025-12-28,GWW,35.64,17750000000.0,28.74,,1.116,74.77,,,,,,,,,,,,,,,None,1471021000,1471021000,,,,,,None,57263000,,8.62,0.0084,,,,-0.38,0.26,333346000,390609000,9.95,2015-09-30,23.47,,6939000000.0,1061879000,319447000,122825000,,,None,13899000,None,,None,,,,,192201000,196622000,None,None,0.152,,721150000,340729000,,,,,-7383000,,,,,2.118,13.68,2.76,,,,,,,,0.0975,,,2025-10-31,quarterly,10.21,USD,pre-market,0,,0.19,0.467,0.061,368.64,721150000,,,,1002.16,970.19,2.6131,,,,,,,2532900000,,28.74,,1129.04,887.81
2025-12-28,GWW,35.64,17750000000.0,28.74,,1.116,74.77,,,,,,,,,,,,,,,None,1449133000,1449133000,,,,,,None,54526000,,8.62,0.0084,,,,-0.38,0.26,352870000,407396000,9.95,2015-06-30,23.47,,6939000000.0,1073432000,348686000,123451000,,,None,4184000,None,,None,,,,,220548000,225235000,None,None,0.152,,716715000,356717000,,,,,-3847000,,,,,2.118,13.68,2.76,,,,,,,,0.0975,,,2025-10-31,quarterly,10.21,USD,pre-market,0,,0.19,0.467,0.061,368.64,716715000,,,,1002.16,970.19,2.6131,,,,,,,2522565000,,28.74,,1129.04,887.81
2025-12-28,GWW,35.64,17750000000.0,28.74,,1.116,74.77,,,,,,,,,,,,,,,None,1345918000,1345918000,,,,,,None,52411000,,8.62,0.0084,,,,-0.38,0.26,349275000,401686000,9.95,2015-03-31,23.47,,6939000000.0,1093743000,347639000,133493000,,,None,1636000,None,,None,,,,,211015000,214146000,None,None,0.152,,742496000,351247000,,,,,-1972000,,,,,2.118,13.68,2.76,,,,,,,,0.0975,,,2025-10-31,quarterly,10.21,USD,pre-market,0,,0.19,0.467,0.061,368.64,742496000,,,,1002.16,970.19,2.6131,,,,,,,2439661000,,28.74,,1129.04,887.81
2025-12-28,GWW,35.64,17750000000.0,28.74,,1.116,74.77,,,,,,,,,,,,,,,None,1456158000,1456158000,,,,,,None,60575000,,8.62,0.0084,,,,-0.38,0.26,263809000,324384000,9.95,2014-12-31,23.47,,6939000000.0,1054801000,261713000,110599000,,,None,2096000,None,,None,,,,,148839000,151114000,None,None,0.152,,788287000,266514000,,,,,-2705000,,,,,2.118,13.68,2.76,,,,,,,,0.0975,,,2025-10-31,quarterly,10.21,USD,pre-market,0,,0.19,0.467,0.061,368.64,788287000,,,,1002.16,970.19,2.6131,,,,,,,2510959000,,28.74,,1129.04,887.81
2025-12-28,GWW,35.64,17750000000.0,28.74,,1.116,74.77,,,,,,,,,,,,,,,None,1459479000,1459479000,,,,,,None,53955000,,8.62,0.0084,,,,-0.38,0.26,385012000,438967000,9.95,2014-09-30,23.47,,6939000000.0,1102784000,382635000,149585000,,,None,2377000,None,,None,,,,,230322000,233050000,None,None,0.152,,717271000,385513000,,,,,-501000,,,,,2.118,13.68,2.76,,,,,,,,0.0975,,,2025-10-31,quarterly,10.21,USD,pre-market,0,,0.19,0.467,0.061,368.64,717271000,,,,1002.16,970.19,2.6131,,,,,,,2562263000,,28.74,,1129.04,887.81
2025-12-28,GWW,35.64,17750000000.0,28.74,,1.116,74.77,,,,,,,,,,,,,,,None,1425418000,1425418000,,,,,,None,48020000,,8.62,0.0084,,,,-0.38,0.26,341182000,389202000,9.95,2014-06-30,23.47,,6939000000.0,1080686000,338425000,129348000,,,None,2757000,None,,None,,,,,205915000,209077000,None,None,0.152,,739935000,340751000,,,,,431000,,,,,2.118,13.68,2.76,,,,,,,,0.0975,,,2025-10-31,quarterly,10.21,USD,pre-market,0,,0.19,0.467,0.061,368.64,739935000,,,,1002.16,970.19,2.6131,,,,,,,2506104000,,28.74,,1129.04,887.81
2025-12-28,GWW,35.64,17750000000.0,28.74,,1.116,74.77,,,,,,,,,,,,,,,None,1309656000,1309656000,,,,,,None,45776000,,8.62,0.0084,,,,-0.38,0.26,354476000,400252000,9.95,2014-03-31,23.47,,6939000000.0,1075971000,351613000,132558000,,,None,2863000,None,,None,,,,,216653000,219055000,None,None,0.152,,721632000,354339000,,,,,137000,,,,,2.118,13.68,2.76,,,,,,,,0.0975,,,2025-10-31,quarterly,10.21,USD,pre-market,0,,0.19,0.467,0.061,368.64,721632000,,,,1002.16,970.19,2.6131,,,,,,,2385627000,,28.74,,1129.04,887.81
2025-12-28,GWW,35.64,17750000000.0,28.74,,1.116,74.77,,,,,,,,,,,,,,,None,1370835000,1370835000,,,,,,None,54449000,,8.62,0.0084,,,,-0.38,0.26,257418000,311867000,9.95,2013-12-31,23.47,,6939000000.0,1006397000,254295000,94902000,,,None,3123000,None,,None,,,,,156749000,159394000,None,None,0.152,,749635000,256762000,,,,,656000,,,,,2.118,13.68,2.76,,,,,,,,0.0975,,,2025-10-31,quarterly,10.21,USD,pre-market,0,,0.19,0.467,0.061,368.64,749634000,,,,1002.16,970.19,2.6131,,,,,,,2377232000,,28.74,,1129.04,887.81
2025-12-28,GWW,35.64,17750000000.0,28.74,,1.116,74.77,,,,,,,,,,,,,,,None,1347164000,1347164000,,,,,,None,45351000,,8.62,0.0084,,,,-0.38,0.26,347595000,392946000,9.95,2013-09-30,23.47,,6939000000.0,1051366000,343861000,130786000,,,None,3734000,None,,None,,,,,210789000,213075000,None,None,0.152,,704651000,346715000,,,,,880000,,,,,2.118,13.68,2.76,,,,,,,,0.0975,,,2025-10-31,quarterly,10.21,USD,pre-market,0,,0.19,0.467,0.061,368.64,704651000,,,,1002.16,970.19,2.6131,,,,,,,2398530000,,28.74,,1129.04,887.81
2025-12-28,GWW,35.64,17750000000.0,28.74,,1.116,74.77,,,,,,,,,,,,,,,None,1334577000,1334577000,,,,,,None,41868000,,8.62,0.0084,,,,-0.38,0.26,350721000,392589000,9.95,2013-06-30,23.47,,6939000000.0,1046984000,347520000,126767000,,,None,3201000,None,,None,,,,,217660000,220753000,None,None,0.152,,696912000,350072000,,,,,649000,,,,,2.118,13.68,2.76,,,,,,,,0.0975,,,2025-10-31,quarterly,10.21,USD,pre-market,0,,0.19,0.467,0.061,368.64,696912000,,,,1002.16,970.19,2.6131,,,,,,,2381561000,,28.74,,1129.04,887.81
2025-12-28,GWW,35.64,17750000000.0,28.74,,1.116,74.77,,,,,,,,,,,,,,,None,1248699000,1248699000,,,,,,None,38945000,,8.62,0.0084,,,,-0.38,0.26,345090000,384035000,9.95,2013-03-31,23.47,,6939000000.0,1031736000,341924000,127397000,,,None,3166000,None,,None,,,,,211838000,214527000,None,None,0.152,,688431000,343305000,,,,,1785000,,,,,2.118,13.68,2.76,,,,,,,,0.0975,,,2025-10-31,quarterly,10.21,USD,pre-market,0,,0.19,0.467,0.061,368.64,688431000,,,,1002.16,970.19,2.6131,,,,,,,2280435000,,28.74,,1129.04,887.81
2025-12-28,GWW,35.64,17750000000.0,28.74,,1.116,74.77,,,,,,,,,,,,,,,None,1256595000,1256595000,,,,,,None,45711000,,8.62,0.0084,,,,-0.38,0.26,259187000,304898000,9.95,2012-12-31,23.47,,6939000000.0,969525000,253827000,95341000,,,None,5360000,None,,None,,,,,156267000,158486000,None,None,0.152,,711087000,258438000,,,,,749000,,,,,2.118,13.68,2.76,,,,,,,,0.0975,,,2025-10-31,quarterly,10.21,USD,pre-market,0,,0.19,0.467,0.061,368.64,711087000,,,,1002.16,970.19,2.6131,,,,,,,2226120000,,28.74,,1129.04,887.81
2025-12-28,GWW,35.64,17750000000.0,28.74,,1.116,74.77,,,,,,,,,,,,,,,None,1287245000,1287245000,,,,,,None,39896000,,8.62,0.0084,,,,-0.38,0.26,255471000,295367000,9.95,2012-09-30,23.47,,6939000000.0,993960000,250720000,92916000,,,None,4751000,None,,None,,,,,155394000,157804000,None,None,0.152,,739634000,254326000,,,,,1145000,,,,,2.118,13.68,2.76,,,,,,,,0.0975,,,2025-10-31,quarterly,10.21,USD,pre-market,0,,0.19,0.467,0.061,368.64,739634000,,,,1002.16,970.19,2.6131,,,,,,,2281205000,,28.74,,1129.04,887.81
2025-12-28,GWW,35.64,17750000000.0,28.74,,1.116,74.77,,,,,,,,,,,,,,,None,1270932000,1270932000,,,,,,None,36763000,,8.62,0.0084,,,,-0.38,0.26,313639000,350402000,9.95,2012-06-30,23.47,,6939000000.0,978343000,310729000,117628000,,,None,2910000,None,,None,,,,,190704000,193101000,None,None,0.152,,664343000,314000000,,,,,-361000,,,,,2.118,13.68,2.76,,,,,,,,0.0975,,,2025-10-31,quarterly,10.21,USD,pre-market,0,,0.19,0.467,0.061,368.64,664343000,,,,1002.16,970.19,2.6131,,,,,,,2249275000,,28.74,,1129.04,887.81
2025-12-28,GWW,35.64,17750000000.0,28.74,,1.116,74.77,,,,,,,,,,,,,,,None,1219113000,1219113000,,,,,,None,36679000,,8.62,0.0084,,,,-0.38,0.26,305570000,342249000,9.95,2012-03-31,23.47,,6939000000.0,974332000,302513000,113055000,,,None,3057000,None,,None,,,,,187516000,189458000,None,None,0.152,,669971000,304361000,,,,,1209000,,,,,2.118,13.68,2.76,,,,,,,,0.0975,,,2025-10-31,quarterly,10.21,USD,pre-market,0,,0.19,0.467,0.061,368.64,669971000,,,,1002.16,970.19,2.6131,,,,,,,2193445000,,28.74,,1129.04,887.81
2025-12-28,GWW,35.64,17750000000.0,28.74,,1.116,74.77,,,,,,,,,,,,,,,None,1171119000,1171119000,,,,,,None,45627000,,8.62,0.0084,,,,-0.38,0.26,228732000,274359000,9.95,2011-12-31,23.47,,6939000000.0,905785000,226078000,74370000,,,None,2654000,None,,None,,,,,148484000,151708000,None,None,0.152,,684292000,221493000,,,,,7239000,,,,,2.118,13.68,2.76,,,,,,,,0.0975,,,2025-10-31,quarterly,10.21,USD,pre-market,0,,0.19,0.467,0.061,368.64,684292000,,,,1002.16,970.19,2.6131,,,,,,,2076904000,,28.74,,1129.04,887.81
2025-12-28,GWW,35.64,17750000000.0,28.74,,1.116,74.77,,,,,,,,,,,,,,,None,1201648000,1201648000,,,,,,None,37529000,,8.62,0.0084,,,,-0.38,0.26,303038000,340567000,9.95,2011-09-30,23.47,,6939000000.0,912999000,300459000,116412000,,,None,2579000,None,,None,,,,,182121000,184047000,None,None,0.152,,609959000,303040000,,,,,-2000,,,,,2.118,13.68,2.76,,,,,,,,0.0975,,,2025-10-31,quarterly,10.21,USD,pre-market,0,,0.19,0.467,0.061,368.64,609959000,,,,1002.16,970.19,2.6131,,,,,,,2114647000,,28.74,,1129.04,887.81
2025-12-28,GWW,35.64,17750000000.0,28.74,,1.116,74.77,,,,,,,,,,,,,,,None,1140628000,1140628000,,,,,,None,33473000,,8.62,0.0084,,,,-0.38,0.26,265806000,299279000,9.95,2011-06-30,23.47,,6939000000.0,862394000,263826000,92257000,,,None,1980000,None,,None,,,,,169885000,171569000,None,None,0.152,,597112000,265282000,,,,,524000,,,,,2.118,13.68,2.76,,,,,,,,0.0975,,,2025-10-31,quarterly,10.21,USD,pre-market,0,,0.19,0.467,0.061,368.64,597112000,,,,1002.16,970.19,2.6131,,,,,,,2003022000,,28.74,,1129.04,887.81
2025-12-28,GWW,35.64,17750000000.0,28.74,,1.116,74.77,,,,,,,,,,,,,,,None,1053998000,1053998000,,,,,,None,32571000,,8.62,0.0084,,,,-0.38,0.26,263042000,295613000,9.95,2011-03-31,23.47,,6939000000.0,829614000,261164000,102076000,,,None,1878000,None,,None,,,,,157933000,159088000,None,None,0.152,,567000000,262614000,,,,,428000,,,,,2.118,13.68,2.76,,,,,,,,0.0975,,,2025-10-31,quarterly,10.21,USD,pre-market,0,,0.19,0.467,0.061,368.64,567000000,,,,1002.16,970.19,2.6131,,,,,,,1883612000,,28.74,,1129.04,887.81
2025-12-28,GWW,35.64,17750000000.0,28.74,,1.116,74.77,,,,,,,,,,,,,,,None,1063564000,1063564000,,,,,,None,40455000,,8.62,0.0084,,,,-0.38,0.26,212131000,252586000,9.95,2010-12-31,23.47,,6939000000.0,763132000,210148000,76947000,,,None,1983000,None,,None,,,,,132210000,133201000,None,None,0.152,,551730000,211402000,,,,,729000,,,,,2.118,13.68,2.76,,,,,,,,0.0975,,,2025-10-31,quarterly,10.21,USD,pre-market,0,,0.19,0.467,0.061,368.64,551730000,,,,1002.16,970.19,2.6131,,,,,,,1826696000,,28.74,,1129.04,887.81
2025-12-28,GWW,35.64,17750000000.0,28.74,,1.116,74.77,,,,,,,,,,,,,,,None,1109688000,1109688000,,,,,,None,37322000,,8.62,0.0084,,,,-0.38,0.26,251798000,289120000,9.95,2010-09-30,23.47,,6939000000.0,789724000,249844000,98547000,,,None,1954000,None,,None,,,,,150405000,151297000,None,None,0.152,,538451000,251273000,,,,,525000,,,,,2.118,13.68,2.76,,,,,,,,0.0975,,,2025-10-31,quarterly,10.21,USD,pre-market,0,,0.19,0.467,0.061,368.64,538451000,,,,1002.16,970.19,2.6131,,,,,,,1899412000,,28.74,,1129.04,887.81
2025-12-28,GWW,35.64,17750000000.0,28.74,,1.116,74.77,,,,,,,,,,,,,,,None,1036610000,1036610000,,,,,,None,35977000,,8.62,0.0084,,,,-0.38,0.26,215091000,251068000,9.95,2010-06-30,23.47,,6939000000.0,747086000,212796000,83129000,,,None,2220000,None,,None,,,,,129077000,129667000,None,None,0.152,,532171000,214915000,,,,,101000,,,,,2.118,13.68,2.76,,,,,,,,0.0975,,,2025-10-31,quarterly,10.21,USD,pre-market,0,,0.19,0.467,0.061,368.64,532171000,,,,1002.16,970.19,2.6131,,,,,,,1783696000,,28.74,,1129.04,887.81
2025-12-28,GWW,35.64,17750000000.0,28.74,,1.116,74.77,,,,,,,,,,,,,,,None,966612000,966612000,,,,,,None,35924000,,8.62,0.0084,,,,-0.38,0.26,182945000,218869000,9.95,2010-03-31,23.47,,6939000000.0,705742000,180990000,81573000,,,None,2030000,None,,None,,,,,99173000,99417000,None,None,0.152,,522857000,182885000,,,,,135000,,,,,2.118,13.68,2.76,,,,,,,,0.0975,,,2025-10-31,quarterly,10.21,USD,pre-market,0,,0.19,0.467,0.061,368.64,522857000,,,,1002.16,970.19,2.6131,,,,,,,1672354000,,28.74,,1129.04,887.81
2025-12-28,GWW,35.64,17750000000.0,28.74,,1.116,74.77,,,,,,,,,,,,,,,None,949617000,949617000,,,,,,None,43438000,,8.62,0.0084,,,,-0.38,0.26,165855000,209293000,9.95,2009-12-31,23.47,,6939000000.0,684198000,163823000,66459000,,,None,2032000,None,,None,,,,,97058000,0,None,None,0.152,,518837000,165361000,,,,,None,,,,,2.118,13.68,2.76,,,,,,,,0.0975,,,2025-10-31,quarterly,10.21,USD,pre-market,0,,0.19,0.467,0.061,368.64,518837000,,,,1002.16,970.19,2.6131,,,,,,,1633815000,,28.74,,1129.04,887.81
2025-12-28,GWW,35.64,17750000000.0,28.74,,1.116,74.77,,,,,,,,,,,,,,,None,929720000,929720000,,,,,,None,35588000,,8.62,0.0084,,,,-0.38,0.26,235618000,271206000,9.95,2009-09-30,23.47,,6939000000.0,659945000,233420000,88856000,,,None,2198000,None,,None,,,,,144564000,144564000,None,None,0.152,,473225000,186720000,,,,,48898000,,,,,2.118,13.68,2.76,,,,,,,,0.0975,,,2025-10-31,quarterly,10.21,USD,pre-market,0,,0.19,0.467,0.061,368.64,473225000,,,,1002.16,970.19,2.6131,,,,,,,1589665000,,28.74,,1129.04,887.81
2025-12-28,GWW,35.64,17750000000.0,28.74,,1.116,74.77,,,,,,,,,,,,,,,None,908295000,908295000,,,,,,None,34872000,,8.62,0.0084,,,,-0.38,0.26,153944000,188816000,9.95,2009-06-30,23.47,,6939000000.0,624968000,151626000,59160000,,,None,2318000,None,,None,,,,,92466000,0,None,None,0.152,,471039000,153929000,,,,,None,,,,,2.118,13.68,2.76,,,,,,,,0.0975,,,2025-10-31,quarterly,10.21,USD,pre-market,0,,0.19,0.467,0.061,368.64,471039000,,,,1002.16,970.19,2.6131,,,,,,,1533263000,,28.74,,1129.04,887.81
2025-12-28,GWW,35.64,17750000000.0,28.74,,1.116,74.77,,,,,,,,,,,,,,,None,835833000,835833000,,,,,,None,33633000,,8.62,0.0084,,,,-0.38,0.26,160686000,194319000,9.95,2009-03-31,23.47,,6939000000.0,629415000,158468000,62090000,,,None,2218000,None,,None,,,,,96378000,0,None,None,0.152,,470201000,159214000,,,,,None,,,,,2.118,13.68,2.76,,,,,,,,0.0975,,,2025-10-31,quarterly,10.21,USD,pre-market,0,,0.19,0.467,0.061,368.64,470201000,,,,1002.16,970.19,2.6131,,,,,,,1465248000,,28.74,,1129.04,887.81
2025-12-28,GWW,35.64,17750000000.0,28.74,,1.116,74.77,,,,,,,,,,,,,,,None,912592000,912592000,,,,,,None,38805000,,8.62,0.0084,,,,-0.38,0.26,185588000,224393000,9.95,2008-12-31,23.47,,6939000000.0,680063000,173648000,65733000,,,None,6909000,None,,None,,,,,107915000,0,None,None,0.152,,499506000,180557000,,,,,None,,,,,2.118,13.68,2.76,,,,,,,,0.0975,,,2025-10-31,quarterly,10.21,USD,pre-market,0,,0.19,0.467,0.061,368.64,499506000,,,,1002.16,970.19,2.6131,,,,,,,1592655000,,28.74,,1129.04,887.81
2025-12-28,GWW,35.64,17750000000.0,28.74,,1.116,74.77,,,,,,,,,,,,,,,None,1097127000,1097127000,,,,,,None,35870000,,8.62,0.0084,,,,-0.38,0.26,195587000,231457000,9.95,2008-09-30,23.47,,6939000000.0,742348000,228690000,88667000,,,None,2767000,None,,None,,,,,140023000,0,None,None,0.152,,510891000,231457000,,,,,None,,,,,2.118,13.68,2.76,,,,,,,,0.0975,,,2025-10-31,quarterly,10.21,USD,pre-market,0,,0.19,0.467,0.061,368.64,510891000,,,,1002.16,970.19,2.6131,,,,,,,1839475000,,28.74,,1129.04,887.81
2025-12-28,GWW,35.64,17750000000.0,28.74,,1.116,74.77,,,,,,,,,,,,,,,None,1050979000,1050979000,,,,,,None,33339000,,8.62,0.0084,,,,-0.38,0.26,151496000,184835000,9.95,2008-06-30,23.47,,6939000000.0,705877000,184380000,71201000,,,None,455000,None,,None,,,,,113179000,0,None,None,0.152,,521042000,184835000,,,,,None,,,,,2.118,13.68,2.76,,,,,,,,0.0975,,,2025-10-31,quarterly,10.21,USD,pre-market,0,,0.19,0.467,0.061,368.64,521042000,,,,1002.16,970.19,2.6131,,,,,,,1756856000,,28.74,,1129.04,887.81
2025-12-28,GWW,35.64,17750000000.0,28.74,,1.116,74.77,,,,,,,,,,,,,,,None,981112000,981112000,,,,,,None,31556000,,8.62,0.0084,,,,-0.38,0.26,154267000,185823000,9.95,2008-03-31,23.47,,6939000000.0,679934000,186500000,72262000,,,None,677000,None,,None,,,,,114238000,0,None,None,0.152,,494111000,185823000,,,,,None,,,,,2.118,13.68,2.76,,,,,,,,0.0975,,,2025-10-31,quarterly,10.21,USD,pre-market,0,,0.19,0.467,0.061,368.64,494111000,,,,1002.16,970.19,2.6131,,,,,,,1661046000,,28.74,,1129.04,887.81
2025-12-28,GWW,35.64,17750000000.0,28.74,,1.116,74.77,,,,,,,,,,,,,,,None,940272000,940272000,,,,,,None,38400000,,8.62,0.0084,,,,-0.38,0.26,167161000,205561000,9.95,2007-12-31,23.47,,6939000000.0,671481000,168704000,64312000,,,None,1543000,None,,None,,,,,104392000,0,None,None,0.152,,504320000,167161000,,,,,None,,,,,2.118,13.68,2.76,,,,,,,,0.0975,,,2025-10-31,quarterly,10.21,USD,pre-market,0,,0.19,0.467,0.061,368.64,504320000,,,,1002.16,970.19,2.6131,,,,,,,1611753000,,28.74,,1129.04,887.81
2025-12-28,GWW,35.64,17750000000.0,28.74,,1.116,74.77,,,,,,,,,,,,,,,None,999003000,999003000,,,,,,None,32872000,,8.62,0.0084,,,,-0.38,0.26,141460000,174332000,9.95,2007-09-30,23.47,,6939000000.0,659589000,177184000,68034000,,,None,2852000,None,,None,,,,,109150000,0,None,None,0.152,,485257000,174332000,,,,,None,,,,,2.118,13.68,2.76,,,,,,,,0.0975,,,2025-10-31,quarterly,10.21,USD,pre-market,0,,0.19,0.467,0.061,368.64,485257000,,,,1002.16,970.19,2.6131,,,,,,,1658592000,,28.74,,1129.04,887.81
2025-12-28,GWW,35.64,17750000000.0,28.74,,1.116,74.77,,,,,,,,,,,,,,,None,960546000,960546000,,,,,,None,30804000,,8.62,0.0084,,,,-0.38,0.26,135771000,166575000,9.95,2007-06-30,23.47,,6939000000.0,640465000,170252000,65461000,,,None,3677000,None,,None,,,,,104791000,0,None,None,0.152,,473890000,166575000,,,,,None,,,,,2.118,13.68,2.76,,,,,,,,0.0975,,,2025-10-31,quarterly,10.21,USD,pre-market,0,,0.19,0.467,0.061,368.64,473890000,,,,1002.16,970.19,2.6131,,,,,,,1601011000,,28.74,,1129.04,887.81
2025-12-28,GWW,35.64,17750000000.0,28.74,,1.116,74.77,,,,,,,,,,,,,,,None,914570000,914570000,,,,,,None,29923000,,8.62,0.0084,,,,-0.38,0.26,132662000,162585000,9.95,2007-03-31,23.47,,6939000000.0,632088000,165721000,63934000,,,None,3136000,None,,None,,,,,101787000,0,None,None,0.152,,469503000,162585000,,,,,None,,,,,2.118,13.68,2.76,,,,,,,,0.0975,,,2025-10-31,quarterly,10.21,USD,pre-market,0,,0.19,0.467,0.061,368.64,469503000,,,,1002.16,970.19,2.6131,,,,,,,1546658000,,28.74,,1129.04,887.81
2025-12-28,GWW,35.64,17750000000.0,28.74,,1.116,74.77,,,,,,,,,,,,,,,None,860727000,860727000,,,,,,None,34196000,,8.62,0.0084,,,,-0.38,0.26,147797000,181993000,9.95,2006-12-31,23.47,,6939000000.0,601431000,152983000,54050000,,,None,5186000,None,,None,,,,,98933000,0,None,None,0.152,,453634000,147797000,,,,,None,,,,,2.118,13.68,2.76,,,,,,,,0.0975,,,2025-10-31,quarterly,10.21,USD,pre-market,0,,0.19,0.467,0.061,368.64,453634000,,,,1002.16,970.19,2.6131,,,,,,,1462158000,,28.74,,1129.04,887.81
2025-12-28,GWW,35.64,17750000000.0,28.74,,1.116,74.77,,,,,,,,,,,,,,,None,920412000,920412000,,,,,,None,29548000,,8.62,0.0084,,,,-0.38,0.26,121765000,151313000,9.95,2006-09-30,23.47,,6939000000.0,599087000,156804000,52310000,,,None,5491000,None,,None,,,,,104494000,0,None,None,0.152,,447774000,151313000,,,,,None,,,,,2.118,13.68,2.76,,,,,,,,0.0975,,,2025-10-31,quarterly,10.21,USD,pre-market,0,,0.19,0.467,0.061,368.64,447774000,,,,1002.16,970.19,2.6131,,,,,,,1519499000,,28.74,,1129.04,887.81
2025-12-28,GWW,35.64,17750000000.0,28.74,,1.116,74.77,,,,,,,,,,,,,,,None,899575000,899575000,,,,,,None,27707000,,8.62,0.0084,,,,-0.38,0.26,116837000,144544000,9.95,2006-06-30,23.47,,6939000000.0,583305000,152869000,59130000,,,None,8325000,None,,None,,,,,93739000,0,None,None,0.152,,438761000,144544000,,,,,None,,,,,2.118,13.68,2.76,,,,,,,,0.0975,,,2025-10-31,quarterly,10.21,USD,pre-market,0,,0.19,0.467,0.061,368.64,438761000,,,,1002.16,970.19,2.6131,,,,,,,1482880000,,28.74,,1129.04,887.81
2025-12-28,GWW,35.64,17750000000.0,28.74,,1.116,74.77,,,,,,,,,,,,,,,None,848790000,848790000,,,,,,None,27117000,,8.62,0.0084,,,,-0.38,0.26,107300000,134417000,9.95,2006-03-31,23.47,,6939000000.0,570327000,140367000,54134000,,,None,5950000,None,,None,,,,,86233000,0,None,None,0.152,,435910000,134417000,,,,,None,,,,,2.118,13.68,2.76,,,,,,,,0.0975,,,2025-10-31,quarterly,10.21,USD,pre-market,0,,0.19,0.467,0.061,368.64,435910000,,,,1002.16,970.19,2.6131,,,,,,,1419117000,,28.74,,1129.04,887.81
2025-12-28,GWW,35.64,17750000000.0,28.74,,1.116,74.77,,,,,,,,,,,,,,,None,803232000,803232000,,,,,,None,29433000,,8.62,0.0084,,,,-0.38,0.26,147752000,177185000,9.95,2005-12-31,23.47,,6939000000.0,587374000,149015000,45181000,,,None,1263000,None,,None,,,,,103834000,0,None,None,0.152,,439622000,147752000,,,,,None,,,,,2.118,13.68,2.76,,,,,,,,0.0975,,,2025-10-31,quarterly,10.21,USD,pre-market,0,,0.19,0.467,0.061,368.64,439622000,,,,1002.16,970.19,2.6131,,,,,,,1390606000,,28.74,,1129.04,887.81
2025-12-28,GWW,35.64,17750000000.0,28.74,,1.116,74.77,,,,,,,,,,,,,,,None,880180000,880180000,,,,,,None,26553000,,8.62,0.0084,,,,-0.38,0.26,135882000,162435000,9.95,2005-09-30,23.47,,6939000000.0,548162000,139380000,51271000,,,None,3785000,None,,None,,,,,88109000,0,None,None,0.152,,412567000,135595000,,,,,None,,,,,2.118,13.68,2.76,,,,,,,,0.0975,,,2025-10-31,quarterly,10.21,USD,pre-market,0,,0.19,0.467,0.061,368.64,412567000,,,,1002.16,970.19,2.6131,,,,,,,1428342000,,28.74,,1129.04,887.81
2025-12-28,GWW,35.64,17750000000.0,28.74,,1.116,74.77,,,,,,,,,,,,,,,None,10480000000,10480000000,,,,,,None,237000000,,8.62,0.0084,,,,-0.38,0.26,2661000000,2898000000,9.95,2024-12-31,23.47,,6939000000.0,6688000000,2584000000,595000000,,,None,77000000,77000000,,None,,,,,1909000000,1989000000,-77000000,None,0.152,,4051000000,2637000000,,,,,None,,,,,2.118,13.68,2.76,,,,,,,,0.0975,,,2025-10-31,annual,10.21,USD,pre-market,None,,0.19,0.467,0.061,368.64,3266000000,,,,1002.16,970.19,2.6131,,,,,,,17168000000,,28.74,,1129.04,887.81
2025-12-28,GWW,35.64,17750000000.0,28.74,,1.116,74.77,,,,,,,,,,,,,,,None,9982000000,9982000000,,,,,,None,220000000,,8.62,0.0084,,,,-0.38,0.26,2565000000,2785000000,9.95,2023-12-31,23.47,,6939000000.0,6496000000,2500000000,597000000,,,None,93000000,93000000,,None,,,,,1829000000,1888000000,-93000000,None,0.152,,3931000000,2565000000,,,,,None,,,,,2.118,13.68,2.76,,,,,,,,0.0975,,,2025-10-31,annual,10.21,USD,pre-market,None,,0.19,0.467,0.061,368.64,3887000000,,,,1002.16,970.19,2.6131,,,,,,,16478000000,,28.74,,1129.04,887.81
2025-12-28,GWW,35.64,17750000000.0,28.74,,1.116,74.77,,,,,,,,,,,,,,,None,9379000000,9379000000,,,,,,None,200000000,,8.62,0.0084,,,,-0.38,0.26,2204000000,2404000000,9.95,2022-12-31,23.47,,6939000000.0,5849000000,2146000000,533000000,,,None,93000000,93000000,,None,,,,,1547000000,1613000000,-93000000,None,0.152,,3634000000,2215000000,,,,,24000000,,,,,2.118,13.68,2.76,,,,,,,,0.0975,,,2025-10-31,annual,10.21,USD,pre-market,None,,0.19,0.467,0.061,368.64,3115000000,,,,1002.16,970.19,2.6131,,,,,,,15228000000,,28.74,,1129.04,887.81
2025-12-28,GWW,35.64,17750000000.0,28.74,,1.116,74.77,,,,,,,,,,,,,,,None,8302000000,8302000000,,,,,,None,186000000,,8.62,0.0084,,,,-0.38,0.26,1552000000,1738000000,9.95,2021-12-31,23.47,,6939000000.0,4720000000,1485000000,371000000,,,None,87000000,87000000,,None,,,,,1043000000,1114000000,-87000000,None,0.152,,3173000000,1547000000,,,,,25000000,,,,,2.118,13.68,2.76,,,,,,,,0.0975,,,2025-10-31,annual,10.21,USD,pre-market,None,,0.19,0.467,0.061,368.64,2771000000,,,,1002.16,970.19,2.6131,,,,,,,13022000000,,28.74,,1129.04,887.81
2025-12-28,GWW,35.64,17750000000.0,28.74,,1.116,74.77,,,,,,,,,,,,,,,None,7559000000,7559000000,,,,,,None,176000000,,8.62,0.0084,,,,-0.38,0.26,1040000000,1216000000,9.95,2020-12-31,23.47,,6939000000.0,4238000000,947000000,192000000,,,None,93000000,93000000,,None,,,,,695000000,755000000,-93000000,None,0.152,,3219000000,1019000000,,,,,21000000,,,,,2.118,13.68,2.76,,,,,,,,0.0975,,,2025-10-31,annual,10.21,USD,pre-market,None,,0.19,0.467,0.061,368.64,2900000000,,,,1002.16,970.19,2.6131,,,,,,,11797000000,,28.74,,1129.04,887.81
2025-12-28,GWW,35.64,17750000000.0,28.74,,1.116,74.77,,,,,,,,,,,,,,,None,7089000000,7089000000,,,,,,None,228000000,,8.62,0.0084,,,,-0.38,0.26,1288000000,1516000000,9.95,2019-12-31,23.47,,6939000000.0,4397000000,1209000000,314000000,,,None,79000000,79000000,,None,,,,,849000000,895000000,-79000000,None,0.152,,3135000000,1262000000,,,,,26000000,,,,,2.118,13.68,2.76,,,,,,,,0.0975,,,2025-10-31,annual,10.21,USD,pre-market,None,,0.19,0.467,0.061,368.64,2819000000,,,,1002.16,970.19,2.6131,,,,,,,11486000000,,28.74,,1129.04,887.81
2025-12-28,GWW,35.64,17750000000.0,28.74,,1.116,74.77,,,,,,,,,,,,,,,None,6873000000,6873000000,,,,,,None,254000000,,8.62,0.0084,,,,-0.38,0.26,1169000000,1423000000,9.95,2018-12-31,23.47,,6939000000.0,4348000000,1081000000,258000000,,,None,88000000,6000000,,None,,,,,782000000,823000000,-82000000,None,0.152,,3190000000,1158000000,,,,,11000000,,,,,2.118,13.68,2.76,,,,,,,,0.0975,,,2025-10-31,annual,10.21,USD,pre-market,0,,0.19,0.467,0.061,368.64,2949000000,,,,1002.16,970.19,2.6131,,,,,,,11221000000,,28.74,,1129.04,887.81
2025-12-28,GWW,35.64,17750000000.0,28.74,,1.116,74.77,,,,,,,,,,,,,,,None,6327301000,6327301000,,,,,,None,259000000,,8.62,0.0084,,,,-0.38,0.26,1025000000,1284000000,9.95,2017-12-31,23.47,,6939000000.0,4097557000,935324000,312881000,,,None,89000000,2570000,,None,,,,,585730000,622443000,-77888000,None,0.152,,3048895000,1048662000,,,,,-32880000,,,,,2.118,13.68,2.76,,,,,,,,0.0975,,,2025-10-31,annual,10.21,USD,pre-market,0,,0.19,0.467,0.061,368.64,2658000000,,,,1002.16,970.19,2.6131,,,,,,,10424858000,,28.74,,1129.04,887.81
2025-12-28,GWW,35.64,17750000000.0,28.74,,1.116,74.77,,,,,,,,,,,,,,,None,6022647000,6022647000,,,,,,None,248857000,,8.62,0.0084,,,,-0.38,0.26,1085390000,1334247000,9.95,2016-12-31,23.47,,6939000000.0,4114557000,1019058000,386220000,,,None,76000000,717000,,None,,,,,605928000,632838000,-65615000,None,0.152,,2995060000,1119497000,,,,,-34107000,,,,,2.118,13.68,2.76,,,,,,,,0.0975,,,2025-10-31,annual,10.21,USD,pre-market,0,,0.19,0.467,0.061,368.64,2646000000,,,,1002.16,970.19,2.6131,,,,,,,10137204000,,28.74,,1129.04,887.81
2025-12-28,GWW,35.64,17750000000.0,28.74,,1.116,74.77,,,,,,,,,,,,,,,None,5741956000,5741956000,,,,,,None,227967000,,8.62,0.0084,,,,-0.38,0.26,1284276000,1512243000,9.95,2015-12-31,23.47,,6939000000.0,4231428000,1250705000,465531000,,,None,33571000,44145000,,None,,,,,768996000,785174000,None,None,0.152,,2931108000,1300320000,,,,,-16044000,,,,,2.118,13.68,2.76,,,,,,,,0.0975,,,2025-10-31,annual,10.21,USD,pre-market,0,,0.19,0.467,0.061,368.64,2641951000,,,,1002.16,970.19,2.6131,,,,,,,9973384000,,28.74,,1129.04,887.81
2025-12-28,GWW,35.64,17750000000.0,28.74,,1.116,74.77,,,,,,,,,,,,,,,None,5650711000,5650711000,,,,,,None,208326000,,8.62,0.0084,,,,-0.38,0.26,1344479000,1552805000,9.95,2014-12-31,23.47,,6939000000.0,4314242000,1334386000,522090000,,,None,10093000,None,,None,,,,,801729000,812296000,None,None,0.152,,2967125000,1347117000,,,,,-2638000,,,,,2.118,13.68,2.76,,,,,,,,0.0975,,,2025-10-31,annual,10.21,USD,pre-market,0,,0.19,0.467,0.061,368.64,2679125000,,,,1002.16,970.19,2.6131,,,,,,,9964953000,,28.74,,1129.04,887.81
2025-12-28,GWW,35.64,17750000000.0,28.74,,1.116,74.77,,,,,,,,,,,,,,,None,5301275000,5301275000,,,,,,None,180613000,,8.62,0.0084,,,,-0.38,0.26,1300824000,1481437000,9.95,2013-12-31,23.47,,6939000000.0,4136483000,1287599000,479850000,,,None,13225000,None,,None,,,,,797036000,807749000,None,None,0.152,,2839629000,1296854000,,,,,3970000,,,,,2.118,13.68,2.76,,,,,,,,0.0975,,,2025-10-31,annual,10.21,USD,pre-market,0,,0.19,0.467,0.061,368.64,2839629000,,,,1002.16,970.19,2.6131,,,,,,,9437758000,,28.74,,1129.04,887.81
2025-12-28,GWW,35.64,17750000000.0,28.74,,1.116,74.77,,,,,,,,,,,,,,,None,5033885000,5033885000,,,,,,None,159049000,,8.62,0.0084,,,,-0.38,0.26,1133867000,1292916000,9.95,2012-12-31,23.47,,6939000000.0,3916160000,1117789000,418940000,,,None,16078000,None,,None,,,,,689881000,698849000,None,None,0.152,,2785035000,1131125000,,,,,2742000,,,,,2.118,13.68,2.76,,,,,,,,0.0975,,,2025-10-31,annual,10.21,USD,pre-market,0,,0.19,0.467,0.061,368.64,2785035000,,,,1002.16,970.19,2.6131,,,,,,,8950045000,,28.74,,1129.04,887.81
2025-12-28,GWW,35.64,17750000000.0,28.74,,1.116,74.77,,,,,,,,,,,,,,,None,4567393000,4567393000,,,,,,None,149200000,,8.62,0.0084,,,,-0.38,0.26,1060618000,1209818000,9.95,2011-12-31,23.47,,6939000000.0,3510792000,1051527000,385115000,,,None,9091000,None,,None,,,,,658423000,666412000,None,None,0.152,,2458363000,1052429000,,,,,8189000,,,,,2.118,13.68,2.76,,,,,,,,0.0975,,,2025-10-31,annual,10.21,USD,pre-market,0,,0.19,0.467,0.061,368.64,2458363000,,,,1002.16,970.19,2.6131,,,,,,,8078185000,,28.74,,1129.04,887.81
2025-12-28,GWW,35.64,17750000000.0,28.74,,1.116,74.77,,,,,,,,,,,,,,,None,4176474000,4176474000,,,,,,None,149678000,,8.62,0.0084,,,,-0.38,0.26,861965000,1011643000,9.95,2010-12-31,23.47,,6939000000.0,3005684000,853778000,340196000,,,None,8187000,None,,None,,,,,510865000,513582000,None,None,0.152,,2145209000,860475000,,,,,1490000,,,,,2.118,13.68,2.76,,,,,,,,0.0975,,,2025-10-31,annual,10.21,USD,pre-market,0,,0.19,0.467,0.061,368.64,2145209000,,,,1002.16,970.19,2.6131,,,,,,,7182158000,,28.74,,1129.04,887.81
2025-12-28,GWW,35.64,17750000000.0,28.74,,1.116,74.77,,,,,,,,,,,,,,,None,3623465000,3623465000,,,,,,None,147531000,,8.62,0.0084,,,,-0.38,0.26,716103000,863634000,9.95,2009-12-31,23.47,,6939000000.0,2598526000,707337000,276565000,,,None,8766000,None,,None,,,,,430466000,430772000,None,None,0.152,,1933302000,665224000,,,,,50879000,,,,,2.118,13.68,2.76,,,,,,,,0.0975,,,2025-10-31,annual,10.21,USD,pre-market,0,,0.19,0.467,0.061,368.64,1933302000,,,,1002.16,970.19,2.6131,,,,,,,6221991000,,28.74,,1129.04,887.81
2025-12-28,GWW,35.64,17750000000.0,28.74,,1.116,74.77,,,,,,,,,,,,,,,None,4041810000,4041810000,,,,,,None,139570000,,8.62,0.0084,,,,-0.38,0.26,787703000,927273000,9.95,2008-12-31,23.47,,6939000000.0,2808222000,773218000,297863000,,,None,14485000,None,,None,,,,,475355000,None,None,None,0.152,,2025550000,782672000,,,,,None,,,,,2.118,13.68,2.76,,,,,,,,0.0975,,,2025-10-31,annual,10.21,USD,pre-market,None,,0.19,0.467,0.061,368.64,2025550000,,,,1002.16,970.19,2.6131,,,,,,,6850032000,,28.74,,1129.04,887.81
2025-12-28,GWW,35.64,17750000000.0,28.74,,1.116,74.77,,,,,,,,,,,,,,,None,3814391000,3814391000,,,,,,None,131999000,,8.62,0.0084,,,,-0.38,0.26,670653000,802652000,9.95,2007-12-31,23.47,,6939000000.0,2603623000,681861000,261741000,,,None,11208000,None,,None,,,,,420120000,None,None,None,0.152,,1932970000,670653000,,,,,None,,,,,2.118,13.68,2.76,,,,,,,,0.0975,,,2025-10-31,annual,10.21,USD,pre-market,None,,0.19,0.467,0.061,368.64,1932970000,,,,1002.16,970.19,2.6131,,,,,,,6418014000,,28.74,,1129.04,887.81
2025-12-28,GWW,35.64,17750000000.0,28.74,,1.116,74.77,,,,,,,,,,,,,,,None,3529504000,3529504000,,,,,,None,118568000,,8.62,0.0084,,,,-0.38,0.26,578071000,696639000,9.95,2006-12-31,23.47,,6939000000.0,2354150000,603023000,219624000,,,None,24952000,None,,None,,,,,383399000,None,None,None,0.152,,1776079000,578071000,,,,,None,,,,,2.118,13.68,2.76,,,,,,,,0.0975,,,2025-10-31,annual,10.21,USD,pre-market,None,,0.19,0.467,0.061,368.64,1776079000,,,,1002.16,970.19,2.6131,,,,,,,5883654000,,28.74,,1129.04,887.81
2025-12-28,GWW,35.64,17750000000.0,28.74,,1.116,74.77,,,,,,,,,,,,,,,None,3365095000,3365095000,,,,,,None,108782000,,8.62,0.0084,,,,-0.38,0.26,518989000,627771000,9.95,2005-12-31,23.47,,6939000000.0,2161541000,532674000,186350000,,,None,13685000,None,,None,,,,,346324000,None,None,None,0.152,,1642552000,518989000,,,,,None,,,,,2.118,13.68,2.76,,,,,,,,0.0975,,,2025-10-31,annual,10.21,USD,pre-market,None,,0.19,0.467,0.061,368.64,1642552000,,,,1002.16,970.19,2.6131,,,,,,,5526636000,,28.74,,1129.04,887.81
2025-12-28,GWW,35.64,17750000000.0,28.74,None,1.116,74.77,,351000000,535000000,535000000,,,,,,,,,55000000,48100000,None,3365095000,3365095000,1123000000,None,2000000,2408000000,None,None,108782000,,8.62,0.0084,,,,-0.38,0.26,518989000,627771000,9.95,2025-09-30,23.47,361000000,6939000000.0,2161541000,532674000,186350000,264000000,264000000,None,13685000,None,2275000000,None,None,2367000000,None,None,346324000,None,None,None,0.152,,1642552000,518989000,256000000,791000000,None,95000000,None,,,,,2.118,13.68,2.76,,,,,,,,0.0975,,2557000000,2025-10-31,quarterly,10.21,USD,pre-market,None,14615000000,0.19,0.467,0.061,368.64,1642552000,2718000000,76000000,None,1002.16,970.19,2.6131,8848000000,5474000000,2015000000,4887000000,3374000000,2872000000,5526636000,3561000000,28.74,None,1129.04,887.81
2025-12-28,GWW,35.64,17750000000.0,28.74,None,1.116,74.77,,386000000,597000000,597000000,,,,,,,,,55000000,48200000,None,3365095000,3365095000,1204000000,None,2000000,2472000000,None,None,108782000,,8.62,0.0084,,,,-0.38,0.26,518989000,627771000,9.95,2025-06-30,23.47,365000000,6939000000.0,2161541000,532674000,186350000,267000000,267000000,None,13685000,None,2357000000,None,None,2341000000,None,None,346324000,None,None,None,0.152,,1642552000,518989000,224000000,674000000,None,104000000,None,,,,,2.118,13.68,2.76,,,,,,,,0.0975,,2462000000,2025-10-31,quarterly,10.21,USD,pre-market,None,14429000000,0.19,0.467,0.061,368.64,1642552000,2729000000,83000000,None,1002.16,970.19,2.6131,8937000000,5650000000,2002000000,4854000000,3287000000,2852000000,5526636000,3674000000,28.74,None,1129.04,887.81
2025-12-28,GWW,35.64,17750000000.0,28.74,None,1.116,74.77,,398000000,666000000,666000000,,,,,,,,,55000000,48300000,None,3365095000,3365095000,1114000000,None,3000000,2369000000,None,None,108782000,,8.62,0.0084,,,,-0.38,0.26,518989000,627771000,9.95,2025-03-31,23.47,356000000,6939000000.0,2161541000,532674000,186350000,249000000,249000000,None,13685000,None,2309000000,None,None,2278000000,None,None,346324000,None,None,None,0.152,,1642552000,518989000,186000000,684000000,None,99000000,None,,,,,2.118,13.68,2.76,,,,,,,,0.0975,,2340000000,2025-10-31,quarterly,10.21,USD,pre-market,None,14057000000,0.19,0.467,0.061,368.64,1642552000,2679000000,81000000,None,1002.16,970.19,2.6131,8658000000,5530000000,2017000000,4811000000,3128000000,2794000000,5526636000,3480000000,28.74,None,1129.04,887.81
2025-12-28,GWW,35.64,17750000000.0,28.74,None,1.116,74.77,,405000000,1036000000,1036000000,,,,,,,,,55000000,48700000,None,3365095000,3365095000,952000000,None,499000000,2232000000,None,None,108782000,,8.62,0.0084,,,,-0.38,0.26,518989000,627771000,9.95,2024-12-31,23.47,355000000,6939000000.0,2161541000,532674000,186350000,243000000,243000000,None,13685000,None,2306000000,None,None,2279000000,None,None,346324000,None,None,None,0.152,,1642552000,518989000,163000000,731000000,None,114000000,None,,,,,2.118,13.68,2.76,,,,,,,,0.0975,,2298000000,2025-10-31,quarterly,10.21,USD,pre-market,None,13677000000,0.19,0.467,0.061,368.64,1642552000,3183000000,577000000,None,1002.16,970.19,2.6131,8829000000,5737000000,2305000000,5126000000,3092000000,2821000000,5526636000,3358000000,28.74,None,1129.04,887.81
2025-12-28,GWW,35.64,17750000000.0,28.74,None,1.116,74.77,,431000000,1448000000,1448000000,,,,,,,,,55000000,48900000,None,3365095000,3365095000,1046000000,None,497000000,2346000000,None,None,108782000,,8.62,0.0084,,,,-0.38,0.26,518989000,627771000,9.95,2024-09-30,23.47,366000000,6939000000.0,2161541000,532674000,186350000,247000000,247000000,None,13685000,None,2170000000,None,None,2279000000,None,None,346324000,None,None,None,0.152,,1642552000,518989000,219000000,735000000,None,118000000,None,,,,,2.118,13.68,2.76,,,,,,,,0.0975,,2146000000,2025-10-31,quarterly,10.21,USD,pre-market,None,13302000000,0.19,0.467,0.061,368.64,1642552000,3207000000,575000000,None,1002.16,970.19,2.6131,9114000000,6183000000,2383000000,5258000000,2931000000,2875000000,5526636000,3503000000,28.74,None,1129.04,887.81
2025-12-28,GWW,35.64,17750000000.0,28.74,None,1.116,74.77,,424000000,769000000,769000000,,,,,,,,,55000000,49200000,None,3365095000,3365095000,1106000000,None,505000000,2344000000,None,None,108782000,,8.62,0.0084,,,,-0.38,0.26,518989000,627771000,9.95,2024-06-30,23.47,360000000,6939000000.0,2161541000,532674000,186350000,237000000,237000000,None,13685000,None,2169000000,None,None,1783000000,None,None,346324000,None,None,None,0.152,,1642552000,518989000,239000000,678000000,None,116000000,None,,,,,2.118,13.68,2.76,,,,,,,,0.0975,,None,2025-10-31,quarterly,10.21,USD,pre-market,None,12917000000,0.19,0.467,0.061,368.64,1642552000,2712000000,577000000,None,1002.16,970.19,2.6131,8352000000,5521000000,2397000000,4765000000,2831000000,2368000000,5526636000,3277000000,28.74,None,1129.04,887.81
2025-12-28,GWW,35.64,17750000000.0,28.74,None,1.116,74.77,,430000000,804000000,804000000,,,,,,,,,55000000,49400000,None,3365095000,3365095000,1133000000,None,501000000,2330000000,None,None,108782000,,8.62,0.0084,,,,-0.38,0.26,518989000,627771000,9.95,2024-03-31,23.47,364000000,6939000000.0,2161541000,532674000,186350000,236000000,236000000,None,13685000,None,2178000000,None,None,1783000000,None,None,346324000,None,None,None,0.152,,1642552000,518989000,228000000,679000000,None,120000000,None,,,,,2.118,13.68,2.76,,,,,,,,0.0975,,None,2025-10-31,quarterly,10.21,USD,pre-market,None,12548000000,0.19,0.467,0.061,368.64,1642552000,2714000000,572000000,None,1002.16,970.19,2.6131,8400000000,5540000000,2528000000,4891000000,2860000000,2363000000,5526636000,3199000000,28.74,None,1129.04,887.81
2025-12-28,GWW,35.64,17750000000.0,28.74,None,1.116,74.77,,452000000,660000000,660000000,,,,,,,,,55000000,49700000,None,3365095000,3365095000,954000000,None,34000000,2192000000,None,None,108782000,,8.62,0.0084,,,,-0.38,0.26,518989000,627771000,9.95,2023-12-31,23.47,370000000,6939000000.0,2161541000,532674000,186350000,234000000,234000000,None,13685000,None,2266000000,None,None,2266000000,None,None,346324000,None,None,None,0.152,,1642552000,518989000,156000000,724000000,None,124000000,None,,,,,2.118,13.68,2.76,,,,,,,,0.0975,,None,2025-10-31,quarterly,10.21,USD,pre-market,None,12162000000,0.19,0.467,0.061,368.64,1642552000,2752000000,105000000,None,1002.16,970.19,2.6131,8147000000,5274000000,1831000000,4706000000,2873000000,2875000000,5526636000,3115000000,28.74,None,1129.04,887.81
2025-12-28,GWW,35.64,17750000000.0,28.74,None,1.116,74.77,,434000000,601000000,601000000,,,,,,,,,55000000,50100000,None,3365095000,3365095000,1067000000,None,34000000,2444000000,None,None,108782000,,8.62,0.0084,,,,-0.38,0.26,518989000,627771000,9.95,2023-09-30,23.47,364000000,6939000000.0,2161541000,532674000,186350000,238000000,238000000,None,13685000,None,2196000000,None,None,2260000000,None,None,346324000,None,None,None,0.152,,1642552000,518989000,171000000,700000000,None,104000000,None,,,,,2.118,13.68,2.76,,,,,,,,0.0975,,1956000000,2025-10-31,quarterly,10.21,USD,pre-market,None,11859000000,0.19,0.467,0.061,368.64,1642552000,2728000000,107000000,None,1002.16,970.19,2.6131,8140000000,5412000000,1898000000,4758000000,2728000000,2860000000,5526636000,3090000000,28.74,None,1129.04,887.81
2025-12-28,GWW,35.64,17750000000.0,28.74,None,1.116,74.77,,449000000,515000000,515000000,,,,,,,,,55000000,50300000,None,3365095000,3365095000,1158000000,None,33000000,2418000000,None,None,108782000,,8.62,0.0084,,,,-0.38,0.26,518989000,627771000,9.95,2023-06-30,23.47,368000000,6939000000.0,2161541000,532674000,186350000,237000000,237000000,None,13685000,None,2223000000,None,None,2275000000,None,None,346324000,None,None,None,0.152,,1642552000,518989000,187000000,622000000,None,103000000,None,,,,,2.118,13.68,2.76,,,,,,,,0.0975,,1913000000,2025-10-31,quarterly,10.21,USD,pre-market,None,11477000000,0.19,0.467,0.061,368.64,1642552000,2757000000,107000000,None,1002.16,970.19,2.6131,8031000000,5343000000,1920000000,4804000000,2688000000,2884000000,5526636000,2935000000,28.74,-9744000000,1129.04,887.81
2025-12-28,GWW,35.64,17750000000.0,28.74,None,1.116,74.77,,405000000,461000000,461000000,,,,,,,,,55000000,50500000,None,3365095000,3365095000,1074000000,None,37000000,2294000000,None,None,108782000,,8.62,0.0084,,,,-0.38,0.26,518989000,627771000,9.95,2023-03-31,23.47,370000000,6939000000.0,2161541000,532674000,186350000,234000000,234000000,None,13685000,None,2252000000,None,None,2278000000,None,None,346324000,None,None,None,0.152,,1642552000,518989000,183000000,602000000,None,109000000,None,,,,,2.118,13.68,2.76,,,,,,,,0.0975,,1468000000,2025-10-31,quarterly,10.21,USD,pre-market,None,11101000000,0.19,0.467,0.061,368.64,1642552000,2720000000,102000000,None,1002.16,970.19,2.6131,7825000000,5190000000,1924000000,4780000000,2635000000,2856000000,5526636000,2735000000,28.74,-9569000000,1129.04,887.81
2025-12-28,GWW,35.64,17750000000.0,28.74,None,1.116,74.77,,386000000,325000000,325000000,,,,,,,,,55000000,50700000,None,3365095000,3365095000,1047000000,None,35000000,2133000000,None,None,108782000,,8.62,0.0084,,,,-0.38,0.26,518989000,627771000,9.95,2022-12-31,23.47,371000000,6939000000.0,2161541000,532674000,186350000,232000000,232000000,None,13685000,None,2253000000,None,None,2284000000,None,None,346324000,None,None,None,0.152,,1642552000,518989000,266000000,808000000,None,120000000,None,,,,,2.118,13.68,2.76,,,,,,,,0.0975,,1828000000,2025-10-31,quarterly,10.21,USD,pre-market,None,10700000000,0.19,0.467,0.061,368.64,1642552000,2705000000,103000000,None,1002.16,970.19,2.6131,7588000000,4977000000,2010000000,4853000000,2611000000,2843000000,5526636000,2440000000,28.74,-9445000000,1129.04,887.81
2025-12-28,GWW,35.64,17750000000.0,28.74,None,1.116,74.77,,372000000,315000000,315000000,,,,,,,,,55000000,51100000,None,3365095000,3365095000,1038000000,None,16000000,2158000000,None,None,108782000,,8.62,0.0084,,,,-0.38,0.26,518989000,627771000,9.95,2022-09-30,23.47,363000000,6939000000.0,2161541000,532674000,186350000,222000000,222000000,None,13685000,None,2071000000,None,None,2294000000,None,None,346324000,None,None,None,0.152,,1642552000,518989000,142000000,639000000,None,120000000,None,,,,,2.118,13.68,2.76,,,,,,,,0.0975,,1409000000,2025-10-31,quarterly,10.21,USD,pre-market,None,10402000000,0.19,0.467,0.061,368.64,1642552000,2682000000,83000000,None,1002.16,970.19,2.6131,7201000000,4686000000,1785000000,4639000000,2515000000,2854000000,5526636000,2308000000,28.74,-9223000000,1129.04,887.81
2025-12-28,GWW,35.64,17750000000.0,28.74,None,1.116,74.77,,350000000,262000000,262000000,,,,,,,,,55000000,51300000,None,3365095000,3365095000,1054000000,None,17000000,2099000000,None,None,108782000,,8.62,0.0084,,,,-0.38,0.26,518989000,627771000,9.95,2022-06-30,23.47,374000000,6939000000.0,2161541000,532674000,186350000,227000000,227000000,None,13685000,None,1990000000,None,None,2309000000,None,None,346324000,None,None,None,0.152,,1642552000,518989000,162000000,581000000,None,112000000,None,,,,,2.118,13.68,2.76,,,,,,,,0.0975,,1438000000,2025-10-31,quarterly,10.21,USD,pre-market,None,10066000000,0.19,0.467,0.061,368.64,1642552000,2676000000,85000000,None,1002.16,970.19,2.6131,7049000000,4513000000,1750000000,4584000000,2536000000,2834000000,5526636000,2201000000,28.74,-9042000000,1129.04,887.81
2025-12-28,GWW,35.64,17750000000.0,28.74,None,1.116,74.77,,370000000,364000000,364000000,,,,,,,,,55000000,51400000,None,3365095000,3365095000,1038000000,None,None,2001000000,None,None,108782000,,8.62,0.0084,,,,-0.38,0.26,518989000,627771000,9.95,2022-03-31,23.47,384000000,6939000000.0,2161541000,532674000,186350000,229000000,229000000,None,13685000,None,1929000000,None,None,2338000000,None,None,346324000,None,None,None,0.152,,1642552000,518989000,145000000,546000000,None,114000000,None,,,,,2.118,13.68,2.76,,,,,,,,0.0975,,1434000000,2025-10-31,quarterly,10.21,USD,pre-market,None,9782000000,0.19,0.467,0.061,368.64,1642552000,2708000000,67000000,None,1002.16,970.19,2.6131,6993000000,4439000000,1742000000,4623000000,2554000000,2881000000,5526636000,2081000000,28.74,-8927000000,1129.04,887.81
2025-12-28,GWW,35.64,17750000000.0,28.74,None,1.116,74.77,,400000000,241000000,241000000,,,,,,,,,55000000,51700000,None,3365095000,3365095000,816000000,None,None,1754000000,None,None,108782000,,8.62,0.0084,,,,-0.38,0.26,518989000,627771000,9.95,2021-12-31,23.47,384000000,6939000000.0,2161541000,532674000,186350000,238000000,238000000,None,13685000,None,1870000000,None,None,2362000000,None,None,346324000,None,None,None,0.152,,1642552000,518989000,146000000,609000000,None,87000000,None,,,,,2.118,13.68,2.76,,,,,,,,0.0975,,1817000000,2025-10-31,quarterly,10.21,USD,pre-market,None,9500000000,0.19,0.467,0.061,368.64,1642552000,2762000000,66000000,None,1002.16,970.19,2.6131,6592000000,4011000000,1528000000,4432000000,2581000000,2904000000,5526636000,1874000000,28.74,-8855000000,1129.04,887.81
2025-12-28,GWW,35.64,17750000000.0,28.74,None,1.116,74.77,,None,328000000,328000000,,,,,,,,,55000000,52100000,None,3365095000,3365095000,933000000,None,None,1742000000,None,None,108782000,,8.62,0.0084,,,,-0.38,0.26,518989000,627771000,9.95,2021-09-30,23.47,387000000,6939000000.0,2161541000,532674000,186350000,233000000,233000000,None,13685000,None,1786000000,None,None,2372000000,None,None,346324000,None,None,None,0.152,,1642552000,518989000,149000000,595000000,None,263000000,None,,,,,2.118,13.68,2.76,,,,,,,,0.0975,,1429000000,2025-10-31,quarterly,10.21,USD,pre-market,None,9301000000,0.19,0.467,0.061,368.64,1642552000,2372000000,0,None,1002.16,970.19,2.6131,6390000000,4005000000,1550000000,4273000000,2385000000,2723000000,5526636000,1827000000,28.74,-8690000000,1129.04,887.81
2025-12-28,GWW,35.64,17750000000.0,28.74,None,1.116,74.77,,None,547000000,547000000,,,,,,,,,55000000,52500000,None,3365095000,3365095000,954000000,None,None,1634000000,None,None,108782000,,8.62,0.0084,,,,-0.38,0.26,518989000,627771000,9.95,2021-06-30,23.47,390000000,6939000000.0,2161541000,532674000,186350000,232000000,232000000,None,13685000,None,1707000000,None,None,2375000000,None,None,346324000,None,None,None,0.152,,1642552000,518989000,169000000,635000000,None,269000000,None,,,,,2.118,13.68,2.76,,,,,,,,0.0975,,1436000000,2025-10-31,quarterly,10.21,USD,pre-market,None,9089000000,0.19,0.467,0.061,368.64,1642552000,2375000000,2375000000,None,1002.16,970.19,2.6131,6462000000,4057000000,1589000000,4321000000,2405000000,2732000000,5526636000,1868000000,28.74,-8449000000,1129.04,887.81
2025-12-28,GWW,35.64,17750000000.0,28.74,None,1.116,74.77,,None,562000000,562000000,,,,,,,,,55000000,52600000,None,3365095000,3365095000,887000000,None,7000000,1576000000,None,None,108782000,,8.62,0.0084,,,,-0.38,0.26,518989000,627771000,9.95,2021-03-31,23.47,388000000,6939000000.0,2161541000,532674000,186350000,224000000,224000000,None,13685000,None,1675000000,None,None,2373000000,None,None,346324000,None,None,None,0.152,,1642552000,518989000,121000000,549000000,None,262000000,None,,,,,2.118,13.68,2.76,,,,,,,,0.0975,,1441000000,2025-10-31,quarterly,10.21,USD,pre-market,None,8948000000,0.19,0.467,0.061,368.64,1642552000,2380000000,7000000,None,1002.16,970.19,2.6131,6333000000,3934000000,1531000000,4253000000,2399000000,2722000000,5526636000,1816000000,28.74,-8354000000,1129.04,887.81
2025-12-28,GWW,35.64,17750000000.0,28.74,None,1.116,74.77,,None,585000000,585000000,,,,,,,,,55000000,53600000,None,3365095000,3365095000,779000000,None,8000000,1474000000,None,None,108782000,,8.62,0.0084,,,,-0.38,0.26,518989000,627771000,9.95,2020-12-31,23.47,391000000,6939000000.0,2161541000,532674000,186350000,228000000,228000000,None,13685000,None,1733000000,None,None,2389000000,None,None,346324000,None,None,None,0.152,,1642552000,518989000,127000000,555000000,None,262000000,None,,,,,2.118,13.68,2.76,,,,,,,,0.0975,,1395000000,2025-10-31,quarterly,10.21,USD,pre-market,None,8779000000,0.19,0.467,0.061,368.64,1642552000,2616000000,65000000,None,1002.16,970.19,2.6131,6295000000,3919000000,1441000000,4202000000,2376000000,2761000000,5526636000,1828000000,28.74,-8184000000,1129.04,887.81
2025-12-28,GWW,35.64,17750000000.0,28.74,None,1.116,74.77,,None,859000000,859000000,,,,,,,,,55000000,53900000,None,3365095000,3365095000,836000000,None,12000000,1485000000,None,None,108782000,,8.62,0.0084,,,,-0.38,0.26,518989000,627771000,9.95,2020-09-30,23.47,369000000,6939000000.0,2161541000,532674000,186350000,224000000,224000000,None,13685000,None,1780000000,None,None,2388000000,None,None,346324000,None,None,None,0.152,,1642552000,518989000,149000000,573000000,None,267000000,None,,,,,2.118,13.68,2.76,,,,,,,,0.0975,,1394000000,2025-10-31,quarterly,10.21,USD,pre-market,None,8694000000,0.19,0.467,0.061,368.64,1642552000,2400000000,12000000,None,1002.16,970.19,2.6131,6583000000,4273000000,1441000000,4208000000,2310000000,2767000000,5526636000,2131000000,28.74,-7698000000,1129.04,887.81
2025-12-28,GWW,35.64,17750000000.0,28.74,None,1.116,74.77,,None,1603000000,1603000000,,,,,,,,,55000000,53700000,None,3365095000,3365095000,770000000,None,36000000,1460000000,None,None,108782000,,8.62,0.0084,,,,-0.38,0.26,518989000,627771000,9.95,2020-06-30,23.47,365000000,6939000000.0,2161541000,532674000,186350000,223000000,223000000,None,13685000,None,1695000000,None,None,3301000000,None,None,346324000,None,None,None,0.152,,1642552000,518989000,160000000,557000000,None,250000000,None,,,,,2.118,13.68,2.76,,,,,,,,0.0975,,1365000000,2025-10-31,quarterly,10.21,USD,pre-market,None,8536000000,0.19,0.467,0.061,368.64,1642552000,3337000000,36000000,None,1002.16,970.19,2.6131,7194000000,4918000000,1388000000,5042000000,2276000000,3654000000,5526636000,1929000000,28.74,-7709000000,1129.04,887.81
2025-12-28,GWW,35.64,17750000000.0,28.74,None,1.116,74.77,,None,1492000000,1492000000,,,,,,,,,55000000,53800000,None,3365095000,3365095000,863000000,None,38000000,1613000000,None,None,108782000,,8.62,0.0084,,,,-0.38,0.26,518989000,627771000,9.95,2020-03-31,23.47,361000000,6939000000.0,2161541000,532674000,186350000,226000000,226000000,None,13685000,None,1615000000,None,None,3303000000,None,None,346324000,None,None,None,0.152,,1642552000,518989000,194000000,580000000,None,245000000,None,,,,,2.118,13.68,2.76,,,,,,,,0.0975,,1357000000,2025-10-31,quarterly,10.21,USD,pre-market,None,8500000000,0.19,0.467,0.061,368.64,1642552000,3341000000,38000000,None,1002.16,970.19,2.6131,7177000000,4914000000,1500000000,5147000000,2263000000,3647000000,5526636000,1810000000,28.74,-7720000000,1129.04,887.81
2025-12-28,GWW,35.64,17750000000.0,28.74,None,1.116,74.77,,None,360000000,360000000,,,,,,,,,55000000,54100000,None,3365095000,3365095000,719000000,None,301000000,1425000000,None,None,108782000,,8.62,0.0084,,,,-0.38,0.26,518989000,627771000,9.95,2019-12-31,23.47,429000000,6939000000.0,2161541000,532674000,186350000,304000000,304000000,None,13685000,None,1655000000,None,None,1914000000,None,None,346324000,None,None,None,0.152,,1642552000,518989000,115000000,631000000,None,247000000,None,,,,,2.118,13.68,2.76,,,,,,,,0.0975,,1400000000,2025-10-31,quarterly,10.21,USD,pre-market,None,8405000000,0.19,0.467,0.061,368.64,1642552000,2215000000,301000000,None,1002.16,970.19,2.6131,6005000000,3555000000,1678000000,3945000000,2450000000,2267000000,5526636000,1855000000,28.74,-7633000000,1129.04,887.81
2025-12-28,GWW,35.64,17750000000.0,28.74,None,1.116,74.77,,None,286000000,286000000,,,,,,,,,55000000,54400000,None,3365095000,3365095000,723000000,None,270000000,1495000000,None,None,108782000,,8.62,0.0084,,,,-0.38,0.26,518989000,627771000,9.95,2019-09-30,23.47,425000000,6939000000.0,2161541000,532674000,186350000,422000000,422000000,None,13685000,None,1520000000,None,None,1918000000,None,None,346324000,None,None,None,0.152,,1642552000,518989000,95000000,567000000,None,240000000,None,,,,,2.118,13.68,2.76,,,,,,,,0.0975,,1384000000,2025-10-31,quarterly,10.21,USD,pre-market,None,8380000000,0.19,0.467,0.061,368.64,1642552000,2188000000,270000000,None,1002.16,970.19,2.6131,5922000000,3396000000,1572000000,3850000000,2526000000,2278000000,5526636000,1871000000,28.74,-7551000000,1129.04,887.81
2025-12-28,GWW,35.64,17750000000.0,28.74,None,1.116,74.77,,None,315000000,315000000,,,,,,,,,55000000,55400000,None,3365095000,3365095000,780000000,None,132000000,1503000000,None,None,108782000,,8.62,0.0084,,,,-0.38,0.26,518989000,627771000,9.95,2019-06-30,23.47,429000000,6939000000.0,2161541000,532674000,186350000,437000000,437000000,None,13685000,None,1535000000,None,None,2080000000,None,None,346324000,None,None,None,0.152,,1642552000,518989000,103000000,517000000,None,231000000,None,,,,,2.118,13.68,2.76,,,,,,,,0.0975,,1380000000,2025-10-31,quarterly,10.21,USD,pre-market,None,8226000000,0.19,0.467,0.061,368.64,1642552000,2212000000,132000000,None,1002.16,970.19,2.6131,5992000000,3456000000,1452000000,3878000000,2536000000,2426000000,5526636000,1923000000,28.74,-7354000000,1129.04,887.81
2025-12-28,GWW,35.64,17750000000.0,28.74,None,1.116,74.77,,None,392000000,392000000,,,,,,,,,55000000,55900000,None,3365095000,3365095000,741000000,None,134000000,1485000000,None,None,108782000,,8.62,0.0084,,,,-0.38,0.26,518989000,627771000,9.95,2019-03-31,23.47,425000000,6939000000.0,2161541000,532674000,186350000,446000000,446000000,None,13685000,None,1523000000,None,None,2077000000,None,None,346324000,None,None,None,0.152,,1642552000,518989000,108000000,497000000,None,222000000,None,,,,,2.118,13.68,2.76,,,,,,,,0.0975,,1358000000,2025-10-31,quarterly,10.21,USD,pre-market,None,8045000000,0.19,0.467,0.061,368.64,1642552000,2211000000,134000000,None,1002.16,970.19,2.6131,6014000000,3508000000,1462000000,3862000000,2506000000,2400000000,5526636000,1971000000,28.74,-7098000000,1129.04,887.81
2025-12-28,GWW,35.64,17750000000.0,28.74,None,1.116,74.77,,None,538000000,538000000,,,,,,,,,55000000,56377000,None,3365095000,3365095000,678000000,None,81000000,1385000000,None,None,108782000,,8.62,0.0084,,,,-0.38,0.26,518989000,627771000,9.95,2018-12-31,23.47,424000000,6939000000.0,2161541000,532674000,186350000,460000000,460000000,None,13685000,None,1541000000,None,None,2090000000,None,None,346324000,None,None,None,0.152,,1642552000,518989000,93000000,664000000,None,86000000,None,,,,,2.118,13.68,2.76,,,,,,,,0.0975,,1352000000,2025-10-31,quarterly,10.21,USD,pre-market,None,7869000000,0.19,0.467,0.061,368.64,1642552000,2220000000,130000000,None,1002.16,970.19,2.6131,5873000000,3557000000,1501000000,3780000000,2316000000,2279000000,5526636000,1921000000,28.74,-6966000000,1129.04,887.81
2025-12-28,GWW,35.64,17750000000.0,28.74,None,1.116,74.77,,None,516850000,516850000,,,,,,,,,54830000,56804000,None,3365095000,3365095000,730215000,None,36973000,1481300000,None,None,108782000,,8.62,0.0084,,,,-0.38,0.26,518989000,627771000,9.95,2018-09-30,23.47,429818000,6939000000.0,2161541000,532674000,186350000,479521000,479521000,None,13685000,None,1473117000,None,None,2148399000,None,None,346324000,None,None,None,0.152,,1642552000,518989000,112077000,611499000,None,100754000,None,,,,,2.118,13.68,2.76,,,,,,,,0.0975,,1348914000,2025-10-31,quarterly,10.21,USD,pre-market,None,7751677000,0.19,0.467,0.061,368.64,1642552000,2234801000,86402000,0,1002.16,970.19,2.6131,5932183000,3583344000,1467332000,3832129000,2348839000,2364797000,5526636000,1937703000,28.74,-6828773000,1129.04,887.81
2025-12-28,GWW,35.64,17750000000.0,28.74,None,1.116,74.77,,None,312461000,312461000,,,,,,,,,54830000,56553000,None,3365095000,3365095000,735266000,None,30172000,1462603000,None,None,108782000,,8.62,0.0084,,,,-0.38,0.26,518989000,627771000,9.95,2018-06-30,23.47,535121000,6939000000.0,2161541000,532674000,186350000,533641000,533641000,None,13685000,None,1464181000,None,None,2210358000,None,None,346324000,None,None,None,0.152,,1642552000,518989000,133757000,566404000,None,102241000,None,,,,,2.118,13.68,2.76,,,,,,,,0.0975,,1359908000,2025-10-31,quarterly,10.21,USD,pre-market,None,7724635000,0.19,0.467,0.061,368.64,1642552000,2294752000,84394000,0,1002.16,970.19,2.6131,5904572000,3373002000,1424495000,3854303000,2531570000,2429808000,5526636000,1894121000,28.74,-6797280000,1129.04,887.81
2025-12-28,GWW,35.64,17750000000.0,28.74,-2069843000,1.116,74.77,,None,302015000,302015000,,,,,,,,,54830000,56403000,None,3365095000,3365095000,748372000,None,30279000,1428233000,None,None,108782000,,8.62,0.0084,,,,-0.38,0.26,518989000,627771000,9.95,2018-03-31,23.47,549418000,6939000000.0,2161541000,532674000,186350000,570134000,570134000,None,13685000,None,1434609000,None,None,2244406000,None,None,346324000,None,None,None,0.152,,1642552000,518989000,142305000,535264000,None,106400000,None,,,,,2.118,13.68,2.76,,,,,,,,0.0975,,1370071000,2025-10-31,quarterly,10.21,USD,pre-market,None,7564319000,0.19,0.467,0.061,368.64,1642552000,2412328000,167922000,0,1002.16,970.19,2.6131,5902811000,3307162000,1504332000,3976905000,2595649000,2472573000,5526636000,1770598000,28.74,-6791524000,1129.04,887.81
2025-12-28,GWW,35.64,17750000000.0,28.74,-2052693000,1.116,74.77,,None,326876000,326876000,,,,,,,,,55000000,56954000,None,3365095000,3365095000,731582000,None,38709000,1325186000,None,None,108782000,,8.62,0.0084,,,,-0.38,0.26,518989000,627771000,9.95,2017-12-31,23.47,543903000,6939000000.0,2161541000,532674000,186350000,569115000,569115000,None,13685000,None,1429199000,None,None,2248036000,None,None,346324000,None,None,None,0.152,,1642552000,518989000,125061000,661000000,None,110114000,None,,,,,2.118,13.68,2.76,,,,,,,,0.0975,,1391967000,2025-10-31,quarterly,10.21,USD,pre-market,None,7405000000,0.19,0.467,0.061,368.64,1642552000,2342348000,95000000,0,1002.16,970.19,2.6131,5804254000,3205989000,1506661000,3976521000,2598265000,2469860000,5526636000,1690000000,28.74,-6675709000,1129.04,887.81
2025-12-28,GWW,35.64,17750000000.0,28.74,-2045896000,1.116,74.77,,None,284575000,284575000,,,,,,,,,54830000,57521000,None,3365095000,3365095000,713453000,None,2323185000,1373323000,None,None,108782000,,8.62,0.0084,,,,-0.38,0.26,518989000,627771000,9.95,2017-09-30,23.47,543248000,6939000000.0,2161541000,532674000,186350000,582274000,582274000,None,13685000,None,1391993000,None,None,2270001000,None,None,346324000,None,None,None,0.152,,1642552000,518989000,125169000,591812000,None,126302000,None,,,,,2.118,13.68,2.76,,,,,,,,0.0975,,1395906000,2025-10-31,quarterly,10.21,USD,pre-market,None,7327140000,0.19,0.467,0.061,368.64,1642552000,2323185000,53184000,0,1002.16,970.19,2.6131,5825060000,3175060000,1392523000,3923975000,2650000000,2531452000,5526636000,1767497000,28.74,-6520828000,1129.04,887.81
2025-12-28,GWW,35.64,17750000000.0,28.74,-2018041000,1.116,74.77,,None,275065000,275065000,,,,,,,,,54830000,58287000,None,3365095000,3365095000,692689000,None,2426170000,1369626000,None,None,108782000,,8.62,0.0084,,,,-0.38,0.26,518989000,627771000,9.95,2017-06-30,23.47,536580000,6939000000.0,2161541000,532674000,186350000,592473000,592473000,None,13685000,None,1397804000,None,None,2267872000,None,None,346324000,None,None,None,0.152,,1642552000,518989000,143852000,537204000,None,199965000,None,,,,,2.118,13.68,2.76,,,,,,,,0.0975,,1392196000,2025-10-31,quarterly,10.21,USD,pre-market,None,7239159000,0.19,0.467,0.061,368.64,1642552000,2426170000,158298000,0,1002.16,970.19,2.6131,5861881000,3186347000,1410577000,4013684000,2675534000,2603107000,5526636000,1723328000,28.74,-6402037000,1129.04,887.81
2025-12-28,GWW,35.64,17750000000.0,28.74,-1985930000,1.116,74.77,,None,238801000,238801000,,,,,,,,,54830000,59203000,None,3365095000,3365095000,672471000,None,441624000,1325218000,None,None,108782000,,8.62,0.0084,,,,-0.38,0.26,518989000,627771000,9.95,2017-03-31,23.47,533012000,6939000000.0,2161541000,532674000,186350000,587418000,587418000,None,13685000,None,1388091000,None,None,1847717000,None,None,346324000,None,None,None,0.152,,1642552000,518989000,144073000,485461000,None,195895000,None,,,,,2.118,13.68,2.76,,,,,,,,0.0975,,1410312000,2025-10-31,quarterly,10.21,USD,pre-market,None,7216018000,0.19,0.467,0.061,368.64,1642552000,2289341000,441624000,0,1002.16,970.19,2.6131,5782549000,3096183000,1688430000,3866026000,2686366000,2177596000,5526636000,1794802000,28.74,-6258039000,1129.04,887.81
2025-12-28,GWW,35.64,17750000000.0,28.74,1990611000,1.116,74.77,,None,274146000,274146000,,,,,,,,,54830000,59566000,None,3365095000,3365095000,650092000,None,19966000,1223096000,None,None,108782000,,8.62,0.0084,,,,-0.38,0.26,518989000,627771000,9.95,2016-12-31,23.47,527150000,6939000000.0,2161541000,532674000,186350000,586126000,586126000,None,13685000,None,1406470000,None,None,1840946000,None,None,346324000,None,None,None,0.152,,1642552000,518989000,116517000,557680000,None,192555000,None,,,,,2.118,13.68,2.76,,,,,,,,0.0975,,1420891000,2025-10-31,quarterly,10.21,USD,pre-market,None,7113559000,0.19,0.467,0.061,368.64,1642552000,2247052000,406106000,0,1002.16,970.19,2.6131,5694307000,3020229000,1628937000,3788539000,2674078000,2159602000,5526636000,1797935000,28.74,-6128416000,1129.04,887.81
2025-12-28,GWW,35.64,17750000000.0,28.74,-1984384000,1.116,74.77,,None,285981000,285981000,,,,,,,,,54830000,60416000,None,3365095000,3365095000,623745000,None,404172000,1326359000,None,None,108782000,,8.62,0.0084,,,,-0.38,0.26,518989000,627771000,9.95,2016-09-30,23.47,594511000,6939000000.0,2161541000,532674000,186350000,420087000,420087000,None,13685000,None,1381468000,None,None,1874132000,None,None,346324000,None,None,None,0.152,,1642552000,518989000,135384000,497925000,None,181269000,None,,,,,2.118,13.68,2.76,,,,,,,,0.0975,,1436938000,2025-10-31,quarterly,10.21,USD,pre-market,None,7125727000,0.19,0.467,0.061,368.64,1642552000,2278304000,404172000,0,1002.16,970.19,2.6131,5885509000,3129192000,1536311000,3724473000,2756317000,2188162000,5526636000,2042713000,28.74,-5953187000,1129.04,887.81
2025-12-28,GWW,35.64,17750000000.0,28.74,-1966861000,1.116,74.77,,None,315997000,315997000,,,,,,,,,54830000,61302000,None,3365095000,3365095000,628659000,None,505474000,1310382000,None,None,108782000,,8.62,0.0084,,,,-0.38,0.26,518989000,627771000,9.95,2016-06-30,23.47,590109000,6939000000.0,2161541000,532674000,186350000,437521000,437521000,None,13685000,None,1418678000,None,None,1765809000,None,None,346324000,None,None,None,0.152,,1642552000,518989000,145205000,489924000,None,179127000,None,,,,,2.118,13.68,2.76,,,,,,,,0.0975,,1418705000,2025-10-31,quarterly,10.21,USD,pre-market,None,7013688000,0.19,0.467,0.061,368.64,1642552000,2271283000,505474000,0,1002.16,970.19,2.6131,5964804000,3224784000,1641344000,3722230000,2740020000,2080886000,5526636000,2133903000,28.74,-5758349000,1129.04,887.81
2025-12-28,GWW,35.64,17750000000.0,28.74,-1965579000,1.116,74.77,,None,279906000,279906000,,,,,,,,,54830000,62100000,None,3365095000,3365095000,620410000,None,None,1304560000,None,None,108782000,,8.62,0.0084,,,,-0.38,0.26,518989000,627771000,9.95,2016-03-31,23.47,595487000,6939000000.0,2161541000,532674000,186350000,458230000,458230000,None,13685000,None,1420897000,None,None,1387124000,None,None,346324000,None,None,None,0.152,,1642552000,518989000,133598000,504540000,None,174837000,None,,,,,2.118,13.68,2.76,,,,,,,,0.0975,,1442191000,2025-10-31,quarterly,10.21,USD,pre-market,None,6916043000,0.19,0.467,0.061,368.64,1642552000,2092325000,705201000,0,1002.16,970.19,2.6131,5964839000,3138961000,1880440000,3600639000,2825878000,1720199000,5526636000,2267299000,28.74,-5535497000,1129.04,887.81
2025-12-28,GWW,35.64,17750000000.0,28.74,1939072000,1.116,74.77,,None,240261000,240261000,,,,,,,,,54830000,62550000,None,3365095000,3365095000,583474000,None,247346000,1209641000,None,None,108782000,,8.62,0.0084,,,,-0.38,0.26,518989000,627771000,9.95,2015-12-31,23.47,582336000,6939000000.0,2161541000,532674000,186350000,463294000,463294000,None,13685000,None,1414177000,None,None,1388414000,None,None,346324000,None,None,None,0.152,,1642552000,518989000,134688000,600566000,None,173741000,None,,,,,2.118,13.68,2.76,,,,,,,,0.0975,,1431241000,2025-10-31,quarterly,10.21,USD,pre-market,None,6802130000,0.19,0.467,0.061,368.64,1642552000,1988832000,600418000,0,1002.16,970.19,2.6131,5807880000,2998767000,1788534000,3455166000,2809113000,1666632000,5526636000,2352714000,28.74,-5369711000,1129.04,887.81
2025-12-28,GWW,35.64,17750000000.0,28.74,-1910377000,1.116,74.77,,None,258151000,258151000,,,,,,,,,54830000,65289000,None,3365095000,3365095000,582477000,None,None,1291365000,None,None,108782000,,8.62,0.0084,,,,-0.38,0.26,518989000,627771000,9.95,2015-09-30,23.47,678311000,6939000000.0,2161541000,532674000,186350000,678311000,678311000,None,13685000,None,1367533000,None,None,1450624000,None,None,346324000,None,None,None,0.152,,1642552000,518989000,187637000,589094000,None,233567000,None,,,,,2.118,13.68,2.76,,,,,,,,0.0975,,1372992000,2025-10-31,quarterly,10.21,USD,pre-market,None,6730068000,0.19,0.467,0.061,368.64,1642552000,1812211000,361587000,0,1002.16,970.19,2.6131,5807153000,3104686000,1421379000,3361101000,2702467000,1939722000,5526636000,2361251000,28.74,-5194299000,1129.04,887.81
2025-12-28,GWW,35.64,17750000000.0,28.74,-1825696000,1.116,74.77,,None,819786000,819786000,,,,,,,,,54830000,67317000,None,3365095000,3365095000,498416000,None,None,1197856000,None,None,108782000,,8.62,0.0084,,,,-0.38,0.26,518989000,627771000,9.95,2015-06-30,23.47,486612000,6939000000.0,2161541000,532674000,186350000,486612000,486612000,None,13685000,None,1302977000,None,None,1348642000,None,None,346324000,None,None,None,0.152,,1642552000,518989000,203127000,481088000,None,236263000,None,,,,,2.118,13.68,2.76,,,,,,,,0.0975,,1324551000,2025-10-31,quarterly,10.21,USD,pre-market,None,6615081000,0.19,0.467,0.061,368.64,1642552000,1405412000,56770000,0,1002.16,970.19,2.6131,5826909000,3523746000,1047102000,2727471000,2303163000,1680369000,5526636000,3020515000,28.74,-4461822000,1129.04,887.81
2025-12-28,GWW,35.64,17750000000.0,28.74,-1792022000,1.116,74.77,,None,243427000,243427000,,,,,,,,,54830000,67982000,None,3365095000,3365095000,513551000,None,None,1198153000,None,None,108782000,,8.62,0.0084,,,,-0.38,0.26,518989000,627771000,9.95,2015-03-31,23.47,481536000,6939000000.0,2161541000,532674000,186350000,481536000,481536000,None,13685000,None,1328395000,None,None,371070000,None,None,346324000,None,None,None,0.152,,1642552000,518989000,176666000,452253000,None,239947000,None,,,,,2.118,13.68,2.76,,,,,,,,0.0975,,1306962000,2025-10-31,quarterly,10.21,USD,pre-market,None,6473464000,0.19,0.467,0.061,368.64,1642552000,628019000,256949000,0,1002.16,970.19,2.6131,5210972000,2946641000,1297545000,2000703000,2264331000,703158000,5526636000,3132985000,28.74,-4174864000,1129.04,887.81
2025-12-28,GWW,35.64,17750000000.0,28.74,1790784000,1.116,74.77,,None,226644000,226644000,,,,,,,,,54830000,68705000,None,3365095000,3365095000,554088000,None,23404000,1172924000,None,None,108782000,,8.62,0.0084,,,,-0.38,0.26,518989000,627771000,9.95,2014-12-31,23.47,506905000,6939000000.0,2161541000,532674000,186350000,263930000,263930000,None,13685000,None,1365500000,None,None,404536000,None,None,346324000,None,None,None,0.152,,1642552000,518989000,211585000,615072000,None,238444000,None,,,,,2.118,13.68,2.76,,,,,,,,0.0975,,1324346000,2025-10-31,quarterly,10.21,USD,pre-market,None,6335990000,0.19,0.467,0.061,368.64,1642552000,484836000,80300000,0,1002.16,970.19,2.6131,5300755000,2984753000,1278219000,2016654000,2316002000,738435000,5526636000,3209872000,28.74,-4032615000,1129.04,887.81
2025-12-28,GWW,35.64,17750000000.0,28.74,-1742202000,1.116,74.77,,None,314744000,314744000,,,,,,,,,54830000,69112000,None,3365095000,3365095000,498244000,None,None,1234884000,None,None,108782000,,8.62,0.0084,,,,-0.38,0.26,518989000,627771000,9.95,2014-09-30,23.47,540407000,6939000000.0,2161541000,532674000,186350000,540407000,540407000,None,13685000,None,1306504000,None,None,385191000,None,None,346324000,None,None,None,0.152,,1642552000,518989000,182541000,569762000,None,194200000,None,,,,,2.118,13.68,2.76,,,,,,,,0.0975,,1259264000,2025-10-31,quarterly,10.21,USD,pre-market,None,6261502000,0.19,0.467,0.061,368.64,1642552000,457192000,72001000,0,1002.16,970.19,2.6131,5301007000,3019718000,1149349000,1824601000,2281289000,675252000,5526636000,3396137000,28.74,-3831700000,1129.04,887.81
2025-12-28,GWW,35.64,17750000000.0,28.74,-1708342000,1.116,74.77,,None,331707000,331707000,,,,,,,,,54830000,69342000,None,3365095000,3365095000,513829000,None,None,1177543000,None,None,108782000,,8.62,0.0084,,,,-0.38,0.26,518989000,627771000,9.95,2014-06-30,23.47,554719000,6939000000.0,2161541000,532674000,186350000,554719000,554719000,None,13685000,None,1317467000,None,None,432485000,None,None,346324000,None,None,None,0.152,,1642552000,518989000,203836000,468955000,None,192031000,None,,,,,2.118,13.68,2.76,,,,,,,,0.0975,,1249088000,2025-10-31,quarterly,10.21,USD,pre-market,None,6105729000,0.19,0.467,0.061,368.64,1642552000,567454000,134969000,0,1002.16,970.19,2.6131,5311312000,3040135000,1126453000,1863288000,2271177000,736835000,5526636000,3364291000,28.74,-3758016000,1129.04,887.81
2025-12-28,GWW,35.64,17750000000.0,28.74,-1675231000,1.116,74.77,,None,375564000,375564000,,,,,,,,,54830000,69677000,None,3365095000,3365095000,493915000,None,None,1159556000,None,None,108782000,,8.62,0.0084,,,,-0.38,0.26,518989000,627771000,9.95,2014-03-31,23.47,522063000,6939000000.0,2161541000,532674000,186350000,522063000,522063000,None,13685000,None,1266460000,None,None,438068000,None,None,346324000,None,None,None,0.152,,1642552000,518989000,194084000,436658000,None,None,None,,,,,2.118,13.68,2.76,,,,,,,,0.0975,,1210778000,2025-10-31,quarterly,10.21,USD,pre-market,None,5974519000,0.19,0.467,0.061,368.64,1642552000,574700000,136632000,0,1002.16,970.19,2.6131,5234229000,2995664000,1166137000,1905638000,2238565000,739501000,5526636000,3248107000,28.74,-3689708000,1129.04,887.81
2025-12-28,GWW,35.64,17750000000.0,28.74,1732528000,1.116,74.77,,None,430644000,430644000,,,,,,,,,54830000,70191000,None,3365095000,3365095000,510634000,None,None,1101656000,None,None,108782000,,8.62,0.0084,,,,-0.38,0.26,518989000,627771000,9.95,2013-12-31,23.47,525467000,6939000000.0,2161541000,532674000,186350000,303412000,303412000,None,13685000,None,1305520000,None,None,445513000,None,None,346324000,None,None,None,0.152,,1642552000,518989000,206465000,581540000,None,None,None,,,,,2.118,13.68,2.76,,,,,,,,0.0975,,1208562000,2025-10-31,quarterly,10.21,USD,pre-market,None,5822612000,0.19,0.467,0.061,368.64,1642552000,542799000,97286000,0,1002.16,970.19,2.6131,5269081000,3051435000,1197699000,1942245000,2217646000,744546000,5526636000,3250438000,28.74,-3548973000,1129.04,887.81
2025-12-28,GWW,35.64,17750000000.0,28.74,-1703658000,1.116,74.77,,None,539995000,539995000,,,,,,,,,54830000,70547000,None,3365095000,3365095000,435165000,None,None,1082108000,None,None,108782000,,8.62,0.0084,,,,-0.38,0.26,518989000,627771000,9.95,2013-09-30,23.47,568954000,6939000000.0,2161541000,532674000,186350000,568954000,568954000,None,13685000,None,1256852000,None,None,448127000,None,None,346324000,None,None,None,0.152,,1642552000,518989000,170142000,520765000,None,None,None,,,,,2.118,13.68,2.76,,,,,,,,0.0975,,1136316000,2025-10-31,quarterly,10.21,USD,pre-market,None,5731002000,0.19,0.467,0.061,368.64,1642552000,548651000,100524000,0,1002.16,970.19,2.6131,5251549000,3049097000,1074492000,1882410000,2202452000,807918000,5526636000,3288572000,28.74,-3392438000,1129.04,887.81
2025-12-28,GWW,35.64,17750000000.0,28.74,-1672321000,1.116,74.77,,None,488741000,488741000,,,,,,,,,54830000,70801000,None,3365095000,3365095000,452179000,None,None,1075592000,None,None,108782000,,8.62,0.0084,,,,-0.38,0.26,518989000,627771000,9.95,2013-06-30,23.47,513545000,6939000000.0,2161541000,532674000,186350000,513545000,513545000,None,13685000,None,1221888000,None,None,452449000,None,None,346324000,None,None,None,0.152,,1642552000,518989000,175963000,430093000,None,None,None,,,,,2.118,13.68,2.76,,,,,,,,0.0975,,1118750000,2025-10-31,quarterly,10.21,USD,pre-market,None,5585752000,0.19,0.467,0.061,368.64,1642552000,547958000,95509000,0,1002.16,970.19,2.6131,5030135000,2962184000,986885000,1787940000,2067951000,801055000,5526636000,3164535000,28.74,-3331524000,1129.04,887.81
2025-12-28,GWW,35.64,17750000000.0,28.74,1645200000,1.116,74.77,,None,485516000,485516000,,,,,,,,,54830000,70775000,None,3365095000,3365095000,431848000,None,None,1031920000,None,None,108782000,,8.62,0.0084,,,,-0.38,0.26,518989000,627771000,9.95,2013-03-31,23.47,521579000,6939000000.0,2161541000,532674000,186350000,521579000,521579000,None,13685000,None,1230614000,None,None,454527000,None,None,346324000,None,None,None,0.152,,1642552000,518989000,175378000,397745000,None,None,None,,,,,2.118,13.68,2.76,,,,,,,,0.0975,,1133406000,2025-10-31,quarterly,10.21,USD,pre-market,None,5433869000,0.19,0.467,0.061,368.64,1642552000,549886000,95359000,0,1002.16,970.19,2.6131,5013728000,2923428000,989422000,1795538000,2090300000,806116000,5526636000,3128884000,28.74,-3218846000,1129.04,887.81
2025-12-28,GWW,35.64,17750000000.0,28.74,1615861000,1.116,74.77,,None,452063000,452063000,,,,,,,,,54830000,70809000,None,3365095000,3365095000,428782000,None,None,940020000,None,None,108782000,,8.62,0.0084,,,,-0.38,0.26,518989000,627771000,9.95,2012-12-31,23.47,543670000,6939000000.0,2161541000,532674000,186350000,242735000,242735000,None,13685000,None,1301935000,None,None,467048000,None,None,346324000,None,None,None,0.152,,1642552000,518989000,206622000,540684000,None,None,None,,,,,2.118,13.68,2.76,,,,,,,,0.0975,,1144573000,2025-10-31,quarterly,10.21,USD,pre-market,None,5278577000,0.19,0.467,0.061,368.64,1642552000,564644000,97596000,0,1002.16,970.19,2.6131,5014598000,2900640000,1080003000,1897232000,2113958000,817229000,5526636000,3023912000,28.74,-3175646000,1129.04,887.81
2025-12-28,GWW,35.64,17750000000.0,28.74,1587679000,1.116,74.77,,None,420803000,420803000,,,,,,,,,54830000,70961000,None,3365095000,3365095000,439595000,None,None,1022185000,None,None,108782000,,8.62,0.0084,,,,-0.38,0.26,518989000,627771000,9.95,2012-09-30,23.47,526634000,6939000000.0,2161541000,532674000,186350000,372876000,372876000,None,13685000,None,1269683000,None,None,479699000,None,None,346324000,None,None,None,0.152,,1642552000,518989000,162282000,550925000,None,None,None,,,,,2.118,13.68,2.76,,,,,,,,0.0975,,1093197000,2025-10-31,quarterly,10.21,USD,pre-market,None,5178930000,0.19,0.467,0.061,368.64,1642552000,562089000,82390000,0,1002.16,970.19,2.6131,4983744000,2874953000,1083201000,2015381000,2108791000,932180000,5526636000,2867228000,28.74,-3145068000,1129.04,887.81
2025-12-28,GWW,35.64,17750000000.0,28.74,1555009000,1.116,74.77,,None,249746000,249746000,,,,,,,,,54830000,71308000,None,3365095000,3365095000,473036000,None,None,1015159000,None,None,108782000,,8.62,0.0084,,,,-0.38,0.26,518989000,627771000,9.95,2012-06-30,23.47,523391000,6939000000.0,2161541000,532674000,186350000,352049000,352049000,None,13685000,None,1265830000,None,None,473502000,None,None,346324000,None,None,None,0.152,,1642552000,518989000,167996000,403355000,None,None,None,,,,,2.118,13.68,2.76,,,,,,,,0.0975,,1077518000,2025-10-31,quarterly,10.21,USD,pre-market,None,5080295000,0.19,0.467,0.061,368.64,1642552000,548544000,75042000,0,1002.16,970.19,2.6131,4761308000,2698731000,962912000,1867156000,2062577000,904244000,5526636000,2794687000,28.74,-3074581000,1129.04,887.81
2025-12-28,GWW,35.64,17750000000.0,28.74,1534271000,1.116,74.77,,None,338755000,338755000,,,,,,,,,54830000,71656000,None,3365095000,3365095000,447655000,None,None,977442000,None,None,108782000,,8.62,0.0084,,,,-0.38,0.26,518989000,627771000,9.95,2012-03-31,23.47,514424000,6939000000.0,2161541000,532674000,186350000,350698000,350698000,None,13685000,None,1244419000,None,None,191550000,None,None,346324000,None,None,None,0.152,,1642552000,518989000,145582000,369838000,None,None,None,,,,,2.118,13.68,2.76,,,,,,,,0.0975,,1071782000,2025-10-31,quarterly,10.21,USD,pre-market,None,4946609000,0.19,0.467,0.061,368.64,1642552000,523688000,332138000,0,1002.16,970.19,2.6131,4751210000,2706198000,1230866000,1877661000,2045012000,646795000,5526636000,2781300000,28.74,-2935355000,1129.04,887.81
2025-12-28,GWW,35.64,17750000000.0,28.74,1505027000,1.116,74.77,,None,335491000,335491000,,,,,,,,,54830000,70133000,None,3365095000,3365095000,477648000,None,None,888697000,None,None,108782000,,8.62,0.0084,,,,-0.38,0.26,518989000,627771000,9.95,2011-12-31,23.47,509183000,6939000000.0,2161541000,532674000,186350000,350854000,350854000,None,13685000,None,1268647000,None,None,175055000,None,None,346324000,None,None,None,0.152,,1642552000,518989000,202065000,545612000,None,None,None,,,,,2.118,13.68,2.76,,,,,,,,0.0975,,1060295000,2025-10-31,quarterly,10.21,USD,pre-market,None,4806110000,0.19,0.467,0.061,368.64,1642552000,516564000,341509000,0,1002.16,970.19,2.6131,4716062000,2694900000,1387925000,1991783000,2021162000,603858000,5526636000,2628785000,28.74,-2904243000,1129.04,887.81
2025-12-28,GWW,35.64,17750000000.0,28.74,1481698000,1.116,74.77,,None,360663000,360663000,,,,,,,,,54830000,71280000,None,3365095000,3365095000,447687000,None,None,944984000,None,None,108782000,,8.62,0.0084,,,,-0.38,0.26,518989000,627771000,9.95,2011-09-30,23.47,546701000,6939000000.0,2161541000,532674000,186350000,315725000,315725000,None,13685000,None,1114291000,None,None,163416000,None,None,346324000,None,None,None,0.152,,1642552000,518989000,157756000,467100000,None,None,None,,,,,2.118,13.68,2.76,,,,,,,,0.0975,,1007623000,2025-10-31,quarterly,10.21,USD,pre-market,None,4704619000,0.19,0.467,0.061,368.64,1642552000,607426000,444010000,-348251000,1002.16,970.19,2.6131,4550645000,2577694000,1224608000,1919140000,1972951000,694532000,5526636000,2538965000,28.74,-2890419000,1129.04,887.81
2025-12-28,GWW,35.64,17750000000.0,28.74,1464179000,1.116,74.77,,None,465705000,465705000,,,,,,,,,54830000,71123000,None,3365095000,3365095000,394086000,None,None,870436000,None,None,108782000,,8.62,0.0084,,,,-0.38,0.26,518989000,627771000,9.95,2011-06-30,23.47,394291000,6939000000.0,2161541000,532674000,186350000,229084000,229084000,None,13685000,None,996600000,None,None,200469000,None,None,346324000,None,None,None,0.152,,1642552000,518989000,173517000,385909000,None,None,None,,,,,2.118,13.68,2.76,,,,,,,,0.0975,,981342000,2025-10-31,quarterly,10.21,USD,pre-market,None,4569434000,0.19,0.467,0.061,368.64,1642552000,486227000,285758000,0,1002.16,970.19,2.6131,4200435000,2506258000,1078773000,1625634000,1694177000,546861000,5526636000,2488298000,28.74,-2854693000,1129.04,887.81
2025-12-28,GWW,35.64,17750000000.0,28.74,-1438147000,1.116,74.77,,None,334696000,334696000,,,,,,,,,54830000,70907000,None,3365095000,3365095000,361997000,None,None,809850000,None,None,108782000,,8.62,0.0084,,,,-0.38,0.26,518989000,627771000,9.95,2011-03-31,23.47,390358000,6939000000.0,2161541000,532674000,186350000,228948000,228948000,None,13685000,None,981367000,None,None,413339000,None,None,346324000,None,None,None,0.152,,1642552000,518989000,135789000,289266000,None,None,None,,,,,2.118,13.68,2.76,,,,,,,,0.0975,,965130000,2025-10-31,quarterly,10.21,USD,pre-market,None,4446360000,0.19,0.467,0.061,368.64,1642552000,489900000,76561000,0,1002.16,970.19,2.6131,3933424000,2261702000,781967000,1534190000,1671722000,752223000,5526636000,2316626000,28.74,-2889767000,1129.04,887.81
2025-12-28,GWW,35.64,17750000000.0,28.74,-1414088000,1.116,74.77,,None,313454000,313454000,,,,,,,,,54830000,69403000,None,3365095000,3365095000,344295000,None,None,762895000,None,None,108782000,,8.62,0.0084,,,,-0.38,0.26,518989000,627771000,9.95,2010-12-31,23.47,387232000,6939000000.0,2161541000,532674000,186350000,224697000,224697000,None,13685000,None,991577000,None,None,420446000,None,3461000,346324000,None,None,None,0.152,,1642552000,518989000,170145000,445298000,None,None,None,,,,,2.118,13.68,2.76,,,,,,,,0.0975,,963672000,2025-10-31,quarterly,10.21,USD,pre-market,None,4326761000,0.19,0.467,0.061,368.64,1642552000,494274000,73828000,0,1002.16,970.19,2.6131,3904377000,2238071000,869303000,1616707000,1666306000,747404000,5526636000,2205216000,28.74,-2857012000,1129.04,887.81
2025-12-28,GWW,35.64,17750000000.0,28.74,-1385054000,1.116,74.77,,None,286508000,286508000,,,,,,,,,54830000,71168000,None,3365095000,3365095000,402568000,None,None,784922000,None,None,108782000,,8.62,0.0084,,,,-0.38,0.26,518989000,627771000,9.95,2010-09-30,23.47,374785000,6939000000.0,2161541000,532674000,186350000,231577000,231577000,None,13685000,None,935219000,None,None,427495000,None,3332000,346324000,None,None,None,0.152,,1642552000,518989000,140908000,398928000,None,None,None,,,,,2.118,13.68,2.76,,,,,,,,0.0975,,942354000,2025-10-31,quarterly,10.21,USD,pre-market,None,4232761000,0.19,0.467,0.061,368.64,1642552000,505147000,77652000,0,1002.16,970.19,2.6131,3789237000,2147557000,895260000,1640708000,1641680000,745448000,5526636000,2068672000,28.74,-2877839000,1129.04,887.81
2025-12-28,GWW,35.64,17750000000.0,28.74,-1358066000,1.116,74.77,,None,388057000,388057000,,,,,,,,,54830000,72931000,None,3365095000,3365095000,347505000,None,None,725196000,None,None,108782000,,8.62,0.0084,,,,-0.38,0.26,518989000,627771000,9.95,2010-06-30,23.47,379146000,6939000000.0,2161541000,532674000,186350000,208226000,208226000,None,13685000,None,867303000,None,None,412711000,None,3110000,346324000,None,None,None,0.152,,1642552000,518989000,141892000,353599000,None,None,None,,,,,2.118,13.68,2.76,,,,,,,,0.0975,,934655000,2025-10-31,quarterly,10.21,USD,pre-market,None,4121239000,0.19,0.467,0.061,368.64,1642552000,508351000,95640000,0,1002.16,970.19,2.6131,3731928000,2122448000,798510000,1511712000,1609480000,713202000,5526636000,2144818000,28.74,-2655056000,1129.04,887.81
2025-12-28,GWW,35.64,17750000000.0,28.74,-1336743000,1.116,74.77,,None,548469000,548469000,,,,,,,,,54830000,73855000,None,3365095000,3365095000,314039000,None,None,688628000,None,None,108782000,,8.62,0.0084,,,,-0.38,0.26,518989000,627771000,9.95,2010-03-31,23.47,356159000,6939000000.0,2161541000,532674000,186350000,212168000,212168000,None,13685000,None,852521000,None,None,425000000,None,3533000,346324000,None,None,None,0.152,,1642552000,518989000,138205000,284454000,None,None,None,,,,,2.118,13.68,2.76,,,,,,,,0.0975,,939438000,2025-10-31,quarterly,10.21,USD,pre-market,None,4031606000,0.19,0.467,0.061,368.64,1642552000,517542000,92542000,0,1002.16,970.19,2.6131,3810775000,2227823000,733908000,1452071000,1582952000,718163000,5526636000,2295071000,28.74,-2426532000,1129.04,887.81
2025-12-28,GWW,35.64,17750000000.0,28.74,-1313222000,1.116,74.77,,None,459871000,459871000,,,,,,,,,54830000,72577000,None,3365095000,3365095000,300791000,None,None,624910000,None,None,108782000,,8.62,0.0084,,,,-0.38,0.26,518989000,627771000,9.95,2009-12-31,23.47,351182000,6939000000.0,2161541000,532674000,186350000,207384000,207384000,None,13685000,None,889679000,None,None,437500000,None,3508000,346324000,None,None,None,0.152,,1642552000,518989000,157055000,381368000,None,None,None,,,,,2.118,13.68,2.76,,,,,,,,0.0975,,953271000,2025-10-31,quarterly,10.21,USD,pre-market,None,3966508000,0.19,0.467,0.061,368.64,1642552000,525408000,87908000,0,1002.16,970.19,2.6131,3726332000,2131515000,776799000,1499133000,1594817000,722334000,5526636000,2163720000,28.74,-2466350000,1129.04,887.81
2025-12-28,GWW,35.64,17750000000.0,28.74,-1278383000,1.116,74.77,,None,672035000,672035000,,,,,,,,,54830000,75203000,None,3365095000,3365095000,279660000,None,None,638531000,None,None,108782000,,8.62,0.0084,,,,-0.38,0.26,518989000,627771000,9.95,2009-09-30,23.47,328131000,6939000000.0,2161541000,532674000,186350000,103286000,103286000,None,13685000,None,851478000,None,None,454895000,None,3341000,346324000,None,None,None,0.152,,1642552000,518989000,122750000,315428000,None,None,None,,,,,2.118,13.68,2.76,,,,,,,,0.0975,,938285000,2025-10-31,quarterly,10.21,USD,pre-market,None,3904086000,0.19,0.467,0.061,368.64,1642552000,534802000,79907000,0,1002.16,970.19,2.6131,3741108000,2270682000,669902000,1377883000,1470426000,707981000,5526636000,2301540000,28.74,-2250474000,1129.04,887.81
2025-12-28,GWW,35.64,17750000000.0,28.74,None,1.116,74.77,,None,416291000,416291000,,,,,,,,,54830000,74559000,None,3365095000,3365095000,255373000,None,None,582431000,None,None,108782000,,8.62,0.0084,,,,-0.38,0.26,518989000,627771000,9.95,2009-06-30,23.47,218841000,6939000000.0,2161541000,532674000,186350000,102735000,102735000,None,13685000,None,899843000,None,None,467395000,None,None,346324000,None,None,None,0.152,,1642552000,518989000,126460000,256086000,None,None,None,,,,,2.118,13.68,2.76,,,,,,,,0.0975,,928796000,2025-10-31,quarterly,10.21,USD,pre-market,None,3794397000,0.19,0.467,0.061,368.64,1642552000,534984000,67589000,0,1002.16,970.19,2.6131,3405765000,2025025000,581612000,1295088000,1380740000,713476000,5526636000,2110678000,28.74,-2294414000,1129.04,887.81
2025-12-28,GWW,35.64,17750000000.0,28.74,None,1.116,74.77,,None,257570000,257570000,,,,,,,,,54830000,75142460,None,3365095000,3365095000,254337000,None,None,559315000,None,None,108782000,,8.62,0.0084,,,,-0.38,0.26,518989000,627771000,9.95,2009-03-31,23.47,209188000,6939000000.0,2161541000,532674000,186350000,104497000,104497000,None,13685000,None,956565000,None,None,479895000,None,None,346324000,None,None,None,0.152,,1642552000,518989000,130841000,229206000,None,None,None,,,,,2.118,13.68,2.76,,,,,,,,0.0975,,927674000,2025-10-31,quarterly,10.21,USD,pre-market,None,3736490000,0.19,0.467,0.061,368.64,1642552000,530312000,50417000,None,1002.16,970.19,2.6131,3270505000,1904291000,570783000,1283624000,1366214000,712841000,5526636000,1986881000,28.74,-2319567000,1129.04,887.81
2025-12-28,GWW,35.64,17750000000.0,28.74,None,1.116,74.77,,None,396290000,396290000,,,,,,,,,54830000,74260401,None,3365095000,3365095000,290802000,None,None,589416000,None,None,108782000,,8.62,0.0084,,,,-0.38,0.26,518989000,627771000,9.95,2008-12-31,23.47,213159000,6939000000.0,2161541000,532674000,186350000,109566000,109566000,None,13685000,None,1009932000,None,None,488228000,None,None,346324000,None,None,None,0.152,,1642552000,518989000,148471000,427935000,None,None,None,,,,,2.118,13.68,2.76,,,,,,,,0.0975,,930311000,2025-10-31,quarterly,10.21,USD,pre-market,None,3670726000,0.19,0.467,0.061,368.64,1642552000,529445000,41217000,None,1002.16,970.19,2.6131,3515417000,2144109000,761734000,1481612000,1371308000,719878000,5526636000,2033805000,28.74,-2217954000,1129.04,887.81
2025-12-28,GWW,35.64,17750000000.0,28.74,None,1.116,74.77,,None,364417000,364417000,,,,,,,,,54830000,78279422,None,3365095000,3365095000,314445000,None,None,721387000,None,None,108782000,,8.62,0.0084,,,,-0.38,0.26,518989000,627771000,9.95,2008-09-30,23.47,231945000,6939000000.0,2161541000,532674000,186350000,231945000,231945000,None,13685000,None,961094000,None,None,496562000,None,None,346324000,None,None,None,0.152,,1642552000,518989000,124423000,374476000,None,None,None,,,,,2.118,13.68,2.76,,,,,,,,0.0975,,928496000,2025-10-31,quarterly,10.21,USD,pre-market,None,3593931000,0.19,0.467,0.061,368.64,1642552000,525916000,29354000,None,1002.16,970.19,2.6131,3536441000,2171321000,734864000,1408350000,1365120000,673486000,5526636000,2128091000,28.74,-2122176000,1129.04,887.81
2025-12-28,GWW,35.64,17750000000.0,28.74,None,1.116,74.77,,None,258234000,258234000,,,,,,,,,54830000,79012567,None,3365095000,3365095000,326581000,None,None,677695000,None,None,108782000,,8.62,0.0084,,,,-0.38,0.26,518989000,627771000,9.95,2008-06-30,23.47,229558000,6939000000.0,2161541000,532674000,186350000,233815000,233815000,None,13685000,None,968293000,None,None,504895000,None,None,346324000,None,None,None,0.152,,1642552000,518989000,133725000,320894000,None,None,None,,,,,2.118,13.68,2.76,,,,,,,,0.0975,,929514000,2025-10-31,quarterly,10.21,USD,pre-market,None,3484941000,0.19,0.467,0.061,368.64,1642552000,522343000,17448000,None,1002.16,970.19,2.6131,3390591000,2037947000,666370000,1344379000,1352644000,678009000,5526636000,2046212000,28.74,-2104391000,1129.04,887.81
2025-12-28,GWW,35.64,17750000000.0,28.74,None,1.116,74.77,,None,117429000,117429000,,,,,,,,,54830000,80131555,None,3365095000,3365095000,339544000,None,None,644933000,None,None,108782000,,8.62,0.0084,,,,-0.38,0.26,518989000,627771000,9.95,2008-03-31,23.47,228485000,6939000000.0,2161541000,532674000,186350000,228485000,228485000,None,13685000,None,966326000,None,None,4895000,None,None,346324000,None,None,None,0.152,,1642552000,518989000,125833000,248605000,None,None,None,,,,,2.118,13.68,2.76,,,,,,,,0.0975,,885563000,2025-10-31,quarterly,10.21,USD,pre-market,None,3403049000,0.19,0.467,0.061,368.64,1642552000,339002000,334107000,None,1002.16,970.19,2.6131,3155833000,1854521000,993509000,1165606000,1301312000,172097000,5526636000,1990227000,28.74,-2062905000,1129.04,887.81
2025-12-28,GWW,35.64,17750000000.0,28.74,None,1.116,74.77,,None,113437000,113437000,,,,,,,,,54830000,77933996,None,3365095000,3365095000,297929000,None,None,602650000,None,None,108782000,,8.62,0.0084,,,,-0.38,0.26,518989000,627771000,9.95,2007-12-31,23.47,233028000,6939000000.0,2161541000,532674000,186350000,233028000,233028000,None,13685000,None,946327000,None,None,4895000,None,None,346324000,None,None,None,0.152,,1642552000,518989000,118329000,411365000,None,None,None,,,,,2.118,13.68,2.76,,,,,,,,0.0975,,878345000,2025-10-31,quarterly,10.21,USD,pre-market,None,3316875000,0.19,0.467,0.061,368.64,1642552000,111545000,106650000,20074000,1002.16,970.19,2.6131,3094028000,1800817000,826403000,995920000,1293211000,169517000,5526636000,2098108000,28.74,-1821118000,1129.04,887.81
2025-12-28,GWW,35.64,17750000000.0,28.74,None,1.116,74.77,,None,89366000,89366000,,,,,,,,,54829000,84864258,None,3365095000,3365095000,377315000,None,None,674787000,None,None,108782000,,8.62,0.0084,,,,-0.38,0.26,518989000,627771000,9.95,2007-09-30,23.47,232498000,6939000000.0,2161541000,532674000,186350000,232498000,232498000,None,13685000,None,889166000,None,None,4895000,None,None,346324000,None,None,None,0.152,,1642552000,518989000,105566000,339895000,None,None,None,,,,,2.118,13.68,2.76,,,,,,,,0.0975,,860635000,2025-10-31,quarterly,10.21,USD,pre-market,None,3239438000,0.19,0.467,0.061,368.64,1642552000,153699000,148804000,19833000,1002.16,970.19,2.6131,3059945000,1778718000,877507000,1075709000,1281227000,198202000,5526636000,1984236000,28.74,-1834320000,1129.04,887.81
2025-12-28,GWW,35.64,17750000000.0,28.74,None,1.116,74.77,,None,389390000,389390000,,,,,,,,,54829000,86775154,None,3365095000,3365095000,386897000,None,None,637813000,None,None,108782000,,8.62,0.0084,,,,-0.38,0.26,518989000,627771000,9.95,2007-06-30,23.47,223712000,6939000000.0,2161541000,532674000,186350000,120004000,120004000,None,13685000,None,845227000,None,None,4895000,None,None,346324000,None,None,None,0.152,,1642552000,518989000,129241000,282502000,None,None,None,,,,,2.118,13.68,2.76,,,,,,,,0.0975,,825305000,2025-10-31,quarterly,10.21,USD,pre-market,None,3160989000,0.19,0.467,0.061,368.64,1642552000,15707000,10812000,None,1002.16,970.19,2.6131,3239011000,2001671000,684196000,876388000,1237340000,192192000,5526636000,2362623000,28.74,-1393826000,1129.04,887.81
2025-12-28,GWW,35.64,17750000000.0,28.74,None,1.116,74.77,,None,325472000,325472000,,,,,,,,,54829000,86758949,None,3365095000,3365095000,378432000,None,None,611126000,None,None,108782000,,8.62,0.0084,,,,-0.38,0.26,518989000,627771000,9.95,2007-03-31,23.47,212237000,6939000000.0,2161541000,532674000,186350000,212237000,212237000,None,13685000,None,815891000,None,None,4895000,None,None,346324000,None,None,None,0.152,,1642552000,518989000,116742000,241122000,None,None,None,,,,,2.118,13.68,2.76,,,,,,,,0.0975,,802373000,2025-10-31,quarterly,10.21,USD,pre-market,None,3085744000,0.19,0.467,0.061,368.64,1642552000,9485000,4590000,None,1002.16,970.19,2.6131,3073056000,1869231000,674538000,859601000,1203825000,185063000,5526636000,2213455000,28.74,-1421109000,1129.04,887.81
2025-12-28,GWW,35.64,17750000000.0,28.74,None,1.116,74.77,,None,348471000,348471000,,,,,,,,,54829000,83979114,None,3365095000,3365095000,334820000,None,None,566607000,None,None,108782000,,8.62,0.0084,,,,-0.38,0.26,518989000,627771000,9.95,2006-12-31,23.47,210671000,6939000000.0,2161541000,532674000,186350000,210671000,210671000,None,13685000,None,827254000,None,None,4895000,None,None,346324000,None,None,None,0.152,,1642552000,518989000,106927000,359836000,None,None,None,,,,,2.118,13.68,2.76,,,,,,,,0.0975,,792935000,2025-10-31,quarterly,10.21,USD,pre-market,None,3007606000,0.19,0.467,0.061,368.64,1642552000,9485000,4590000,12827000,1002.16,970.19,2.6131,3046088000,1862086000,706323000,868473000,1184002000,162150000,5526636000,2177615000,28.74,-1366705000,1129.04,887.81
2025-12-28,GWW,35.64,17750000000.0,28.74,None,1.116,74.77,,None,427354000,427354000,,,,,,,,,54829000,89682032,None,3365095000,3365095000,344976000,None,None,610762000,None,None,108782000,,8.62,0.0084,,,,-0.38,0.26,518989000,627771000,9.95,2006-09-30,23.47,197486000,6939000000.0,2161541000,532674000,186350000,197486000,197486000,None,13685000,None,772121000,None,None,4895000,None,None,346324000,None,None,None,0.152,,1642552000,518989000,119681000,335448000,None,None,None,,,,,2.118,13.68,2.76,,,,,,,,0.0975,,794455000,2025-10-31,quarterly,10.21,USD,pre-market,None,2933433000,0.19,0.467,0.061,368.64,1642552000,9485000,4590000,13234000,1002.16,970.19,2.6131,3082920000,1943152000,702270000,806373000,1139768000,104103000,5526636000,2276547000,28.74,-1218568000,1129.04,887.81
2025-12-28,GWW,35.64,17750000000.0,28.74,None,1.116,74.77,,None,453541000,453541000,,,,,,,,,54829000,92104424,None,3365095000,3365095000,319445000,None,None,608353000,None,None,108782000,,8.62,0.0084,,,,-0.38,0.26,518989000,627771000,9.95,2006-06-30,23.47,196893000,6939000000.0,2161541000,532674000,186350000,196893000,196893000,None,13685000,None,781991000,None,None,4895000,None,None,346324000,None,None,None,0.152,,1642552000,518989000,149971000,300887000,None,None,None,,,,,2.118,13.68,2.76,,,,,,,,0.0975,,784589000,2025-10-31,quarterly,10.21,USD,pre-market,None,2854360000,0.19,0.467,0.061,368.64,1642552000,9485000,4590000,None,1002.16,970.19,2.6131,3122827000,1993856000,666650000,766961000,1128971000,100311000,5526636000,2355866000,28.74,-1054124000,1129.04,887.81
2025-12-28,GWW,35.64,17750000000.0,28.74,None,1.116,74.77,,None,493883000,493883000,,,,,,,,,54834000,92484701,None,3365095000,3365095000,357875000,None,None,569600000,None,None,108782000,,8.62,0.0084,,,,-0.38,0.26,518989000,627771000,9.95,2006-03-31,23.47,191804000,6939000000.0,2161541000,532674000,186350000,191804000,191804000,None,13685000,None,805591000,None,None,4895000,None,None,346324000,None,None,None,0.152,,1642552000,518989000,149048000,266314000,None,None,None,,,,,2.118,13.68,2.76,,,,,,,,0.0975,,775820000,2025-10-31,quarterly,10.21,USD,pre-market,None,2786745000,0.19,0.467,0.061,368.64,1642552000,9485000,4590000,None,1002.16,970.19,2.6131,3149332000,2018122000,698970000,796309000,1131210000,97339000,5526636000,2353023000,28.74,-959205000,1129.04,887.81
2025-12-28,GWW,35.64,17750000000.0,28.74,None,1.116,74.77,,None,544894000,544894000,,,,,,,,,54834000,89637735,None,3365095000,3365095000,319254000,None,None,518625000,None,None,108782000,,8.62,0.0084,,,,-0.38,0.26,518989000,627771000,9.95,2005-12-31,23.47,182726000,6939000000.0,2161541000,532674000,186350000,182726000,182726000,None,13685000,None,791212000,None,None,4895000,None,None,346324000,None,None,None,0.152,,1642552000,518989000,130808000,346953000,None,None,None,,,,,2.118,13.68,2.76,,,,,,,,0.0975,,770625000,2025-10-31,quarterly,10.21,USD,pre-market,None,2722103000,0.19,0.467,0.061,368.64,1642552000,9485000,4590000,None,1002.16,970.19,2.6131,3107921000,1997868000,726964000,818945000,1110053000,91981000,5526636000,2288976000,28.74,-949341000,1129.04,887.81
2025-12-28,GWW,35.64,17750000000.0,28.74,None,1.116,74.77,,None,446420000,446420000,,,,,,,,,54834000,91130323,None,3365095000,3365095000,336062000,None,None,547622000,None,None,108782000,,8.62,0.0084,,,,-0.38,0.26,518989000,627771000,9.95,2005-09-30,23.47,182882000,6939000000.0,2161541000,532674000,186350000,182882000,182882000,None,13685000,None,751127000,None,None,None,None,None,346324000,None,None,None,0.152,,1642552000,518989000,135875000,319830000,None,None,None,,,,,2.118,13.68,2.76,,,,,,,,0.0975,,768176000,2025-10-31,quarterly,10.21,USD,pre-market,None,2639768000,0.19,0.467,0.061,368.64,1642552000,9485000,9485000,None,1002.16,970.19,2.6131,2986075000,1881044000,701010000,792044000,1105031000,91034000,5526636000,2194031000,28.74,-956722000,1129.04,887.81
2025-12-28,GWW,35.64,17750000000.0,28.74,None,1.116,74.77,,405000000,1036000000,1036000000,,,,,,,,,55000000,49000000,None,3365095000,3365095000,952000000,None,499000000,2232000000,None,None,108782000,,8.62,0.0084,,,,-0.38,0.26,518989000,627771000,9.95,2024-12-31,23.47,355000000,6939000000.0,2161541000,532674000,186350000,243000000,243000000,None,13685000,None,2306000000,None,None,2279000000,None,None,346324000,None,None,None,0.152,,1642552000,518989000,163000000,731000000,None,114000000,None,,,,,2.118,13.68,2.76,,,,,,,,0.0975,,2298000000,2025-10-31,annual,10.21,USD,pre-market,None,13677000000,0.19,0.467,0.061,368.64,1642552000,3183000000,577000000,None,1002.16,970.19,2.6131,8829000000,5737000000,2305000000,5126000000,3092000000,2821000000,5526636000,3358000000,28.74,None,1129.04,887.81
2025-12-28,GWW,35.64,17750000000.0,28.74,None,1.116,74.77,,452000000,660000000,660000000,,,,,,,,,55000000,50100000,None,3365095000,3365095000,954000000,None,34000000,2192000000,None,None,108782000,,8.62,0.0084,,,,-0.38,0.26,518989000,627771000,9.95,2023-12-31,23.47,370000000,6939000000.0,2161541000,532674000,186350000,234000000,234000000,None,13685000,None,2266000000,None,None,2266000000,None,None,346324000,None,None,None,0.152,,1642552000,518989000,156000000,724000000,None,124000000,None,,,,,2.118,13.68,2.76,,,,,,,,0.0975,,2087000000,2025-10-31,annual,10.21,USD,pre-market,None,12162000000,0.19,0.467,0.061,368.64,1642552000,2752000000,105000000,None,1002.16,970.19,2.6131,8147000000,5274000000,1831000000,4706000000,2873000000,2875000000,5526636000,3115000000,28.74,None,1129.04,887.81
2025-12-28,GWW,35.64,17750000000.0,28.74,None,1.116,74.77,,386000000,325000000,325000000,,,,,,,,,55000000,51100000,None,3365095000,3365095000,1047000000,None,35000000,2133000000,None,None,108782000,,8.62,0.0084,,,,-0.38,0.26,518989000,627771000,9.95,2022-12-31,23.47,371000000,6939000000.0,2161541000,532674000,186350000,232000000,232000000,None,13685000,None,2253000000,None,None,2284000000,None,None,346324000,None,None,None,0.152,,1642552000,518989000,266000000,808000000,None,120000000,None,,,,,2.118,13.68,2.76,,,,,,,,0.0975,,1828000000,2025-10-31,annual,10.21,USD,pre-market,None,10700000000,0.19,0.467,0.061,368.64,1642552000,2705000000,103000000,None,1002.16,970.19,2.6131,7588000000,4977000000,2010000000,4853000000,2611000000,2843000000,5526636000,2440000000,28.74,-9445000000,1129.04,887.81
2025-12-28,GWW,35.64,17750000000.0,28.74,None,1.116,74.77,,400000000,241000000,241000000,,,,,,,,,55000000,52200000,None,3365095000,3365095000,816000000,None,None,1754000000,None,None,108782000,,8.62,0.0084,,,,-0.38,0.26,518989000,627771000,9.95,2021-12-31,23.47,384000000,6939000000.0,2161541000,532674000,186350000,238000000,238000000,None,13685000,None,1870000000,None,None,2362000000,None,None,346324000,None,None,None,0.152,,1642552000,518989000,146000000,609000000,None,87000000,None,,,,,2.118,13.68,2.76,,,,,,,,0.0975,,1817000000,2025-10-31,annual,10.21,USD,pre-market,None,9500000000,0.19,0.467,0.061,368.64,1642552000,2762000000,66000000,None,1002.16,970.19,2.6131,6592000000,4011000000,1528000000,4432000000,2581000000,2904000000,5526636000,1874000000,28.74,-8855000000,1129.04,887.81
2025-12-28,GWW,35.64,17750000000.0,28.74,None,1.116,74.77,,219000000,585000000,585000000,,,,,,,,,55000000,53700000,None,3365095000,3365095000,779000000,None,8000000,1474000000,None,None,108782000,,8.62,0.0084,,,,-0.38,0.26,518989000,627771000,9.95,2020-12-31,23.47,391000000,6939000000.0,2161541000,532674000,186350000,228000000,228000000,None,13685000,None,1733000000,None,None,2389000000,None,None,346324000,None,None,None,0.152,,1642552000,518989000,127000000,555000000,None,262000000,None,,,,,2.118,13.68,2.76,,,,,,,,0.0975,,1395000000,2025-10-31,annual,10.21,USD,pre-market,None,8779000000,0.19,0.467,0.061,368.64,1642552000,2616000000,65000000,None,1002.16,970.19,2.6131,6295000000,3919000000,1441000000,4202000000,2376000000,2761000000,5526636000,1828000000,28.74,-8184000000,1129.04,887.81
2025-12-28,GWW,35.64,17750000000.0,28.74,None,1.116,74.77,,None,360000000,360000000,,,,,,,,,55000000,54900000,None,3365095000,3365095000,719000000,None,301000000,1425000000,None,None,108782000,,8.62,0.0084,,,,-0.38,0.26,518989000,627771000,9.95,2019-12-31,23.47,429000000,6939000000.0,2161541000,532674000,186350000,304000000,304000000,None,13685000,None,1655000000,None,None,1914000000,None,None,346324000,None,None,None,0.152,,1642552000,518989000,115000000,631000000,None,247000000,None,,,,,2.118,13.68,2.76,,,,,,,,0.0975,,1400000000,2025-10-31,annual,10.21,USD,pre-market,None,8405000000,0.19,0.467,0.061,368.64,1642552000,2215000000,301000000,None,1002.16,970.19,2.6131,6005000000,3555000000,1678000000,3945000000,2450000000,2267000000,5526636000,1855000000,28.74,-7633000000,1129.04,887.81
2025-12-28,GWW,35.64,17750000000.0,28.74,None,1.116,74.77,,None,538000000,538000000,,,,,,,,,55000000,56534000,None,3365095000,3365095000,678000000,None,130000000,1385000000,None,None,108782000,,8.62,0.0084,,,,-0.38,0.26,518989000,627771000,9.95,2018-12-31,23.47,424000000,6939000000.0,2161541000,532674000,186350000,460000000,460000000,None,13685000,None,1541000000,None,None,2090000000,None,None,346324000,None,None,None,0.152,,1642552000,518989000,93000000,664000000,None,86000000,None,,,,,2.118,13.68,2.76,,,,,,,,0.0975,,1352000000,2025-10-31,annual,10.21,USD,pre-market,None,7869000000,0.19,0.467,0.061,368.64,1642552000,2220000000,130000000,None,1002.16,970.19,2.6131,5873000000,3557000000,1501000000,3780000000,2316000000,2279000000,5526636000,1921000000,28.74,-6966000000,1129.04,887.81
2025-12-28,GWW,35.64,17750000000.0,28.74,-2052693000,1.116,74.77,,None,326876000,326876000,,,,,,,,,55000000,57983000,None,3365095000,3365095000,731000000,None,94312000,1325000000,None,None,108782000,,8.62,0.0084,,,,-0.38,0.26,518989000,627771000,9.95,2017-12-31,23.47,543903000,6939000000.0,2161541000,532674000,186350000,569115000,569115000,None,13685000,None,1429199000,None,None,2248036000,None,None,346324000,None,None,None,0.152,,1642552000,518989000,125000000,661241000,None,110114000,None,,,,,2.118,13.68,2.76,,,,,,,,0.0975,,1391967000,2025-10-31,annual,10.21,USD,pre-market,None,7405000000,0.19,0.467,0.061,368.64,1642552000,2342348000,95000000,0,1002.16,970.19,2.6131,5804254000,3205989000,1506661000,3976521000,2598265000,2469860000,5526636000,1690000000,28.74,-6675709000,1129.04,887.81
2025-12-28,GWW,35.64,17750000000.0,28.74,1990611000,1.116,74.77,,None,274146000,274146000,,,,,,,,,54830000,60840000,None,3365095000,3365095000,650092000,None,406106000,1223096000,None,None,108782000,,8.62,0.0084,,,,-0.38,0.26,518989000,627771000,9.95,2016-12-31,23.47,527150000,6939000000.0,2161541000,532674000,186350000,586126000,586126000,None,13685000,None,1406470000,None,None,1840946000,None,None,346324000,None,None,None,0.152,,1642552000,518989000,116517000,557680000,None,192555000,None,,,,,2.118,13.68,2.76,,,,,,,,0.0975,,1420891000,2025-10-31,annual,10.21,USD,pre-market,None,7113559000,0.19,0.467,0.061,368.64,1642552000,2247052000,406106000,0,1002.16,970.19,2.6131,5694307000,3020229000,1628937000,3788539000,2674078000,2159602000,5526636000,1797935000,28.74,-6128416000,1129.04,887.81
2025-12-28,GWW,35.64,17750000000.0,28.74,1939072000,1.116,74.77,,None,240261000,240261000,,,,,,,,,54830000,65765000,None,3365095000,3365095000,583474000,None,247346000,1209641000,None,None,108782000,,8.62,0.0084,,,,-0.38,0.26,518989000,627771000,9.95,2015-12-31,23.47,582336000,6939000000.0,2161541000,532674000,186350000,463294000,463294000,None,13685000,None,1414177000,None,None,1388414000,None,None,346324000,None,None,None,0.152,,1642552000,518989000,134688000,604642000,None,173741000,None,,,,,2.118,13.68,2.76,,,,,,,,0.0975,,1431241000,2025-10-31,annual,10.21,USD,pre-market,None,6802130000,0.19,0.467,0.061,368.64,1642552000,1988832000,600418000,0,1002.16,970.19,2.6131,5807880000,2998767000,1788534000,3455166000,2809113000,1666632000,5526636000,2352714000,28.74,-5369711000,1129.04,887.81
2025-12-28,GWW,35.64,17750000000.0,28.74,None,1.116,74.77,,None,226644000,226644000,,,,,,,,,54830000,69206000,None,3365095000,3365095000,554088000,None,23404000,1172924000,None,None,108782000,,8.62,0.0084,,,,-0.38,0.26,518989000,627771000,9.95,2014-12-31,23.47,506905000,6939000000.0,2161541000,532674000,186350000,263930000,263930000,None,13685000,None,1365500000,None,None,404536000,None,None,346324000,None,None,None,0.152,,1642552000,518989000,238585000,615072000,None,None,None,,,,,2.118,13.68,2.76,,,,,,,,0.0975,,1324346000,2025-10-31,annual,10.21,USD,pre-market,None,6335990000,0.19,0.467,0.061,368.64,1642552000,484836000,80300000,0,1002.16,970.19,2.6131,5300755000,2984753000,1278219000,2016654000,2316002000,738435000,5526636000,3209872000,28.74,-4032615000,1129.04,887.81
2025-12-28,GWW,35.64,17750000000.0,28.74,1732528000,1.116,74.77,,None,430644000,430644000,,,,,,,,,54830000,70576000,None,3365095000,3365095000,510634000,None,None,1101656000,None,None,108782000,,8.62,0.0084,,,,-0.38,0.26,518989000,627771000,9.95,2013-12-31,23.47,525467000,6939000000.0,2161541000,532674000,186350000,303412000,303412000,None,13685000,None,1305520000,None,None,445513000,None,None,346324000,None,None,None,0.152,,1642552000,518989000,242465000,581540000,None,None,None,,,,,2.118,13.68,2.76,,,,,,,,0.0975,,1208562000,2025-10-31,annual,10.21,USD,pre-market,None,5822612000,0.19,0.467,0.061,368.64,1642552000,542799000,97286000,0,1002.16,970.19,2.6131,5269081000,3051435000,1197699000,1942245000,2217646000,744546000,5526636000,3250438000,28.74,-3548973000,1129.04,887.81
2025-12-28,GWW,35.64,17750000000.0,28.74,1615861000,1.116,74.77,,None,452063000,452063000,,,,,,,,,54830000,71182000,None,3365095000,3365095000,428782000,None,None,940020000,None,None,108782000,,8.62,0.0084,,,,-0.38,0.26,518989000,627771000,9.95,2012-12-31,23.47,543670000,6939000000.0,2161541000,532674000,186350000,242735000,242735000,None,13685000,None,1301935000,None,None,467048000,None,None,346324000,None,None,None,0.152,,1642552000,518989000,206622000,540684000,None,None,None,,,,,2.118,13.68,2.76,,,,,,,,0.0975,,1144573000,2025-10-31,annual,10.21,USD,pre-market,None,5278577000,0.19,0.467,0.061,368.64,1642552000,564644000,97596000,0,1002.16,970.19,2.6131,5014598000,2900640000,1080003000,1897232000,2113958000,817229000,5526636000,3023912000,28.74,-3175646000,1129.04,887.81
2025-12-28,GWW,35.64,17750000000.0,28.74,1505027000,1.116,74.77,,None,335491000,335491000,,,,,,,,,54830000,71176000,None,3365095000,3365095000,477648000,None,None,888697000,None,None,108782000,,8.62,0.0084,,,,-0.38,0.26,518989000,627771000,9.95,2011-12-31,23.47,509183000,6939000000.0,2161541000,532674000,186350000,350854000,350854000,None,13685000,None,1268647000,None,None,175055000,None,None,346324000,None,None,None,0.152,,1642552000,518989000,251565000,545612000,None,None,None,,,,,2.118,13.68,2.76,,,,,,,,0.0975,,1060295000,2025-10-31,annual,10.21,USD,pre-market,None,4806110000,0.19,0.467,0.061,368.64,1642552000,516564000,341509000,0,1002.16,970.19,2.6131,4716062000,2694900000,1387925000,1991783000,2021162000,603858000,5526636000,2628785000,28.74,-2904243000,1129.04,887.81
2025-12-28,GWW,35.64,17750000000.0,28.74,-1414088000,1.116,74.77,,None,313454000,313454000,,,,,,,,,54830000,72139000,None,3365095000,3365095000,344295000,None,None,762895000,None,None,108782000,,8.62,0.0084,,,,-0.38,0.26,518989000,627771000,9.95,2010-12-31,23.47,387232000,6939000000.0,2161541000,532674000,186350000,224697000,224697000,None,13685000,None,991577000,None,None,420446000,None,3461000,346324000,None,None,None,0.152,,1642552000,518989000,170145000,445298000,None,None,None,,,,,2.118,13.68,2.76,,,,,,,,0.0975,,963672000,2025-10-31,annual,10.21,USD,pre-market,None,4326761000,0.19,0.467,0.061,368.64,1642552000,494274000,73828000,0,1002.16,970.19,2.6131,3904377000,2238071000,869303000,1616707000,1666306000,747404000,5526636000,2205216000,28.74,-2857012000,1129.04,887.81
2025-12-28,GWW,35.64,17750000000.0,28.74,-1313222000,1.116,74.77,,None,459871000,459871000,,,,,,,,,54830000,74892000,None,3365095000,3365095000,300791000,None,None,624910000,None,None,108782000,,8.62,0.0084,,,,-0.38,0.26,518989000,627771000,9.95,2009-12-31,23.47,351182000,6939000000.0,2161541000,532674000,186350000,207384000,207384000,None,13685000,None,889679000,None,None,437500000,None,3508000,346324000,None,None,None,0.152,,1642552000,518989000,157055000,381368000,None,None,None,,,,,2.118,13.68,2.76,,,,,,,,0.0975,,953271000,2025-10-31,annual,10.21,USD,pre-market,None,3966508000,0.19,0.467,0.061,368.64,1642552000,525408000,87908000,0,1002.16,970.19,2.6131,3726332000,2131515000,776799000,1499133000,1594817000,722334000,5526636000,2163720000,28.74,-2466350000,1129.04,887.81
2025-12-28,GWW,35.64,17750000000.0,28.74,None,1.116,74.77,,None,396290000,396290000,,,,,,,,,54830000,78750328,None,3365095000,3365095000,290802000,None,None,589416000,None,None,108782000,,8.62,0.0084,,,,-0.38,0.26,518989000,627771000,9.95,2008-12-31,23.47,213159000,6939000000.0,2161541000,532674000,186350000,109566000,109566000,None,13685000,None,1009932000,None,None,488228000,None,None,346324000,None,None,None,0.152,,1642552000,518989000,148471000,427935000,None,None,None,,,,,2.118,13.68,2.76,,,,,,,,0.0975,,930311000,2025-10-31,annual,10.21,USD,pre-market,None,3670726000,0.19,0.467,0.061,368.64,1642552000,529445000,41217000,None,1002.16,970.19,2.6131,3515417000,2144109000,761734000,1481612000,1371308000,719878000,5526636000,2033805000,28.74,-2217954000,1129.04,887.81
2025-12-28,GWW,35.64,17750000000.0,28.74,None,1.116,74.77,,None,113437000,113437000,,,,,,,,,54830000,85044963,None,3365095000,3365095000,297929000,None,None,602650000,None,None,108782000,,8.62,0.0084,,,,-0.38,0.26,518989000,627771000,9.95,2007-12-31,23.47,233028000,6939000000.0,2161541000,532674000,186350000,233028000,233028000,None,13685000,None,946327000,None,None,4895000,None,None,346324000,None,None,None,0.152,,1642552000,518989000,118329000,411365000,None,None,None,,,,,2.118,13.68,2.76,,,,,,,,0.0975,,878345000,2025-10-31,annual,10.21,USD,pre-market,None,3316875000,0.19,0.467,0.061,368.64,1642552000,111545000,106650000,20074000,1002.16,970.19,2.6131,3094028000,1800817000,826403000,995920000,1293211000,169517000,5526636000,2098108000,28.74,-1821118000,1129.04,887.81
2025-12-28,GWW,35.64,17750000000.0,28.74,None,1.116,74.77,,None,348471000,348471000,,,,,,,,,54829000,90523774,None,3365095000,3365095000,334820000,None,None,566607000,None,None,108782000,,8.62,0.0084,,,,-0.38,0.26,518989000,627771000,9.95,2006-12-31,23.47,210671000,6939000000.0,2161541000,532674000,186350000,210671000,210671000,None,13685000,None,827254000,None,None,4895000,None,None,346324000,None,None,None,0.152,,1642552000,518989000,106927000,359836000,None,None,None,,,,,2.118,13.68,2.76,,,,,,,,0.0975,,792935000,2025-10-31,annual,10.21,USD,pre-market,None,3007606000,0.19,0.467,0.061,368.64,1642552000,9485000,4590000,12827000,1002.16,970.19,2.6131,3046088000,1862086000,706323000,868473000,1184002000,162150000,5526636000,2177615000,28.74,-1366705000,1129.04,887.81
2025-12-28,GWW,35.64,17750000000.0,28.74,None,1.116,74.77,,None,544894000,544894000,,,,,,,,,54834000,91588295,None,3365095000,3365095000,319254000,None,None,518625000,None,None,108782000,,8.62,0.0084,,,,-0.38,0.26,518989000,627771000,9.95,2005-12-31,23.47,182726000,6939000000.0,2161541000,532674000,186350000,182726000,182726000,None,13685000,None,791212000,None,None,4895000,None,None,346324000,None,None,None,0.152,,1642552000,518989000,130808000,346953000,None,None,None,,,,,2.118,13.68,2.76,,,,,,,,0.0975,,770625000,2025-10-31,annual,10.21,USD,pre-market,None,2722103000,0.19,0.467,0.061,368.64,1642552000,9485000,4590000,None,1002.16,970.19,2.6131,3107921000,1997868000,726964000,818945000,1110053000,91981000,5526636000,2288976000,28.74,-949341000,1129.04,887.81
2025-12-28,GWW,35.64,17750000000.0,28.74,None,1.116,74.77,258000000,None,544894000,544894000,-398000000,-260000000,None,None,-8000000,None,None,None,54834000,91588295,None,3365095000,3365095000,319254000,None,None,518625000,None,None,108782000,65000000,8.62,0.0084,133000000,133000000,None,-0.38,0.26,518989000,627771000,9.95,2025-09-30,23.47,182726000,6939000000.0,2161541000,532674000,186350000,182726000,182726000,None,13685000,None,791212000,None,None,4895000,None,None,196000000,None,None,None,0.152,597000000,1642552000,518989000,130808000,346953000,None,None,None,None,None,None,None,2.118,13.68,2.76,None,None,None,None,None,-291000000,None,0.0975,None,770625000,2025-10-31,quarterly,10.21,USD,pre-market,None,2722103000,0.19,0.467,0.061,368.64,1642552000,9485000,4590000,None,1002.16,970.19,2.6131,3107921000,1997868000,726964000,818945000,1110053000,91981000,5526636000,2288976000,28.74,-949341000,1129.04,887.81
2025-12-28,GWW,35.64,17750000000.0,28.74,None,1.116,74.77,175000000,None,544894000,544894000,-303000000,-158000000,None,None,-25000000,None,None,None,54834000,91588295,None,3365095000,3365095000,319254000,None,None,518625000,None,None,108782000,64000000,8.62,0.0084,110000000,110000000,None,-0.38,0.26,518989000,627771000,9.95,2025-06-30,23.47,182726000,6939000000.0,2161541000,532674000,186350000,182726000,182726000,None,13685000,None,791212000,None,None,4895000,None,None,508000000,None,None,None,0.152,377000000,1642552000,518989000,130808000,346953000,None,None,None,None,None,None,None,2.118,13.68,2.76,None,None,None,None,None,-226000000,None,0.0975,None,770625000,2025-10-31,quarterly,10.21,USD,pre-market,None,2722103000,0.19,0.467,0.061,368.64,1642552000,9485000,4590000,None,1002.16,970.19,2.6131,3107921000,1997868000,726964000,818945000,1110053000,91981000,5526636000,2288976000,28.74,-949341000,1129.04,887.81
2025-12-28,GWW,35.64,17750000000.0,28.74,None,1.116,74.77,125000000,None,544894000,544894000,-898000000,-125000000,None,None,6000000,None,None,None,54834000,91588295,None,3365095000,3365095000,319254000,None,None,518625000,None,None,108782000,61000000,8.62,0.0084,115000000,115000000,None,-0.38,0.26,518989000,627771000,9.95,2025-03-31,23.47,182726000,6939000000.0,2161541000,532674000,186350000,182726000,182726000,None,13685000,None,791212000,None,None,4895000,None,None,500000000,None,None,None,0.152,646000000,1642552000,518989000,130808000,346953000,None,None,None,None,None,None,None,2.118,13.68,2.76,None,None,None,None,None,-281000000,None,0.0975,None,770625000,2025-10-31,quarterly,10.21,USD,pre-market,None,2722103000,0.19,0.467,0.061,368.64,1642552000,9485000,4590000,None,1002.16,970.19,2.6131,3107921000,1997868000,726964000,818945000,1110053000,91981000,5526636000,2288976000,28.74,-949341000,1129.04,887.81
2025-12-28,GWW,35.64,17750000000.0,28.74,None,1.116,74.77,258000000,None,544894000,544894000,-565000000,-258000000,None,None,-163000000,None,None,None,54834000,91588295,None,3365095000,3365095000,319254000,None,None,518625000,None,None,108782000,62000000,8.62,0.0084,100000000,100000000,None,-0.38,0.26,518989000,627771000,9.95,2024-12-31,23.47,182726000,6939000000.0,2161541000,532674000,186350000,182726000,182726000,None,13685000,None,791212000,None,None,4895000,None,None,497000000,None,None,None,0.152,428000000,1642552000,518989000,130808000,346953000,None,None,None,None,None,None,None,2.118,13.68,2.76,None,None,None,None,None,-462000000,None,0.0975,None,770625000,2025-10-31,quarterly,10.21,USD,pre-market,None,2722103000,0.19,0.467,0.061,368.64,1642552000,9485000,4590000,None,1002.16,970.19,2.6131,3107921000,1997868000,726964000,818945000,1110053000,91981000,5526636000,2288976000,28.74,-949341000,1129.04,887.81
2025-12-28,GWW,35.64,17750000000.0,28.74,None,1.116,74.77,88000000,None,544894000,544894000,148000000,-85000000,None,None,15000000,None,None,None,54834000,91588295,None,3365095000,3365095000,319254000,None,None,518625000,None,None,108782000,59000000,8.62,0.0084,115000000,115000000,None,-0.38,0.26,518989000,627771000,9.95,2024-09-30,23.47,182726000,6939000000.0,2161541000,532674000,186350000,182726000,182726000,None,13685000,None,791212000,None,None,4895000,None,None,505000000,None,None,None,0.152,611000000,1642552000,518989000,130808000,346953000,None,None,None,None,None,None,None,2.118,13.68,2.76,None,None,None,None,None,-227000000,None,0.0975,None,770625000,2025-10-31,quarterly,10.21,USD,pre-market,None,2722103000,0.19,0.467,0.061,368.64,1642552000,9485000,4590000,None,1002.16,970.19,2.6131,3107921000,1997868000,726964000,818945000,1110053000,91981000,5526636000,2288976000,28.74,-949341000,1129.04,887.81
2025-12-28,GWW,35.64,17750000000.0,28.74,None,1.116,74.77,76000000,None,544894000,544894000,-372000000,-59000000,None,None,-5000000,None,None,None,54834000,91588295,None,3365095000,3365095000,319254000,None,None,518625000,None,None,108782000,60000000,8.62,0.0084,101000000,101000000,None,-0.38,0.26,518989000,627771000,9.95,2024-06-30,23.47,182726000,6939000000.0,2161541000,532674000,186350000,182726000,182726000,None,13685000,None,791212000,None,None,4895000,None,None,490000000,None,None,None,0.152,411000000,1642552000,518989000,130808000,346953000,None,None,None,None,None,None,None,2.118,13.68,2.76,None,None,None,None,None,-244000000,None,0.0975,None,770625000,2025-10-31,quarterly,10.21,USD,pre-market,None,2722103000,0.19,0.467,0.061,368.64,1642552000,9485000,4590000,None,1002.16,970.19,2.6131,3107921000,1997868000,726964000,818945000,1110053000,91981000,5526636000,2288976000,28.74,-949341000,1129.04,887.81
2025-12-28,GWW,35.64,17750000000.0,28.74,None,1.116,74.77,119000000,None,544894000,544894000,-391000000,-118000000,None,None,76000000,None,None,None,54834000,91588295,None,3365095000,3365095000,319254000,None,None,518625000,None,None,108782000,56000000,8.62,0.0084,105000000,105000000,None,-0.38,0.26,518989000,627771000,9.95,2024-03-31,23.47,182726000,6939000000.0,2161541000,532674000,186350000,182726000,182726000,None,13685000,None,791212000,None,None,4895000,None,None,497000000,None,None,None,0.152,661000000,1642552000,518989000,130808000,346953000,None,None,None,None,None,None,None,2.118,13.68,2.76,None,None,None,None,None,-268000000,None,0.0975,None,770625000,2025-10-31,quarterly,10.21,USD,pre-market,None,2722103000,0.19,0.467,0.061,368.64,1642552000,9485000,4590000,None,1002.16,970.19,2.6131,3107921000,1997868000,726964000,818945000,1110053000,91981000,5526636000,2288976000,28.74,-949341000,1129.04,887.81
2025-12-28,GWW,35.64,17750000000.0,28.74,None,1.116,74.77,127000000,None,544894000,544894000,-439000000,-115000000,None,None,-58000000,None,None,None,54834000,91588295,None,3365095000,3365095000,319254000,None,None,518625000,None,None,108782000,52000000,8.62,0.0084,92000000,92000000,None,-0.38,0.26,518989000,627771000,9.95,2023-12-31,23.47,182726000,6939000000.0,2161541000,532674000,186350000,182726000,182726000,None,13685000,None,791212000,None,None,4895000,None,None,412000000,None,None,None,0.152,604000000,1642552000,518989000,130808000,346953000,None,None,None,None,None,None,None,2.118,13.68,2.76,None,None,None,None,None,-344000000,None,0.0975,None,770625000,2025-10-31,quarterly,10.21,USD,pre-market,None,2722103000,0.19,0.467,0.061,368.64,1642552000,9485000,4590000,None,1002.16,970.19,2.6131,3107921000,1997868000,726964000,818945000,1110053000,91981000,5526636000,2288976000,28.74,-949341000,1129.04,887.81
2025-12-28,GWW,35.64,17750000000.0,28.74,None,1.116,74.77,125000000,None,544894000,544894000,-318000000,-307000000,None,None,14000000,None,None,None,54834000,91588295,None,3365095000,3365095000,319254000,None,None,518625000,None,None,108782000,56000000,8.62,0.0084,106000000,106000000,None,-0.38,0.26,518989000,627771000,9.95,2023-09-30,23.47,182726000,6939000000.0,2161541000,532674000,186350000,182726000,182726000,None,13685000,None,791212000,None,None,4895000,None,None,493000000,None,None,None,0.152,523000000,1642552000,518989000,130808000,346953000,None,None,None,None,None,None,None,2.118,13.68,2.76,None,None,None,None,None,-193000000,None,0.0975,None,770625000,2025-10-31,quarterly,10.21,USD,pre-market,None,2722103000,0.19,0.467,0.061,368.64,1642552000,9485000,4590000,None,1002.16,970.19,2.6131,3107921000,1997868000,726964000,818945000,1110053000,91981000,5526636000,2288976000,28.74,-949341000,1129.04,887.81
2025-12-28,GWW,35.64,17750000000.0,28.74,None,1.116,74.77,95000000,None,544894000,544894000,-297000000,-191000000,58000000,None,24000000,None,None,-141000000,54834000,91588295,None,3365095000,3365095000,319254000,None,None,518625000,None,None,108782000,55000000,8.62,0.0084,107000000,107000000,None,-0.38,0.26,518989000,627771000,9.95,2023-06-30,23.47,182726000,6939000000.0,2161541000,532674000,186350000,182726000,182726000,None,13685000,None,791212000,None,None,4895000,None,None,490000000,None,None,None,0.152,450000000,1642552000,518989000,130808000,346953000,None,None,None,None,None,None,None,2.118,13.68,2.76,None,None,None,None,None,-171000000,None,0.0975,None,770625000,2025-10-31,quarterly,10.21,USD,pre-market,None,2722103000,0.19,0.467,0.061,368.64,1642552000,9485000,4590000,None,1002.16,970.19,2.6131,3107921000,1997868000,726964000,818945000,1110053000,91981000,5526636000,2288976000,28.74,-949341000,1129.04,887.81
2025-12-28,GWW,35.64,17750000000.0,28.74,None,1.116,74.77,98000000,None,544894000,544894000,-224000000,-96000000,134000000,None,4000000,None,None,-162000000,54834000,91588295,None,3365095000,3365095000,319254000,None,None,518625000,None,None,108782000,51000000,8.62,0.0084,87000000,87000000,None,-0.38,0.26,518989000,627771000,9.95,2023-03-31,23.47,182726000,6939000000.0,2161541000,532674000,186350000,182726000,182726000,None,13685000,None,791212000,None,None,4895000,None,None,508000000,None,None,None,0.152,454000000,1642552000,518989000,130808000,346953000,None,None,None,None,None,None,None,2.118,13.68,2.76,None,None,None,None,None,-142000000,None,0.0975,None,770625000,2025-10-31,quarterly,10.21,USD,pre-market,None,2722103000,0.19,0.467,0.061,368.64,1642552000,9485000,4590000,None,1002.16,970.19,2.6131,3107921000,1997868000,726964000,818945000,1110053000,91981000,5526636000,2288976000,28.74,-949341000,1129.04,887.81
2025-12-28,GWW,35.64,17750000000.0,28.74,None,1.116,74.77,48000000,None,544894000,544894000,-304000000,-263000000,5000000,None,-159000000,None,None,51000000,54834000,91588295,None,3365095000,3365095000,319254000,None,None,518625000,None,None,108782000,58000000,8.62,0.0084,85000000,85000000,None,-0.38,0.26,518989000,627771000,9.95,2022-12-31,23.47,182726000,6939000000.0,2161541000,532674000,186350000,182726000,182726000,None,13685000,None,791212000,None,None,4895000,None,None,397000000,None,None,None,0.152,360000000,1642552000,518989000,130808000,346953000,None,None,None,None,None,None,None,2.118,13.68,2.76,None,None,None,None,None,-220000000,None,0.0975,None,770625000,2025-10-31,quarterly,10.21,USD,pre-market,None,2722103000,0.19,0.467,0.061,368.64,1642552000,9485000,4590000,None,1002.16,970.19,2.6131,3107921000,1997868000,726964000,818945000,1110053000,91981000,5526636000,2288976000,28.74,-949341000,1129.04,887.81
2025-12-28,GWW,35.64,17750000000.0,28.74,None,1.116,74.77,45000000,None,544894000,544894000,-280000000,-40000000,60000000,None,-104000000,None,None,-89000000,54834000,91588295,None,3365095000,3365095000,319254000,None,None,518625000,None,None,108782000,52000000,8.62,0.0084,102000000,102000000,None,-0.38,0.26,518989000,627771000,9.95,2022-09-30,23.47,182726000,6939000000.0,2161541000,532674000,186350000,182726000,182726000,None,13685000,None,791212000,None,None,4895000,None,None,442000000,None,None,None,0.152,380000000,1642552000,518989000,130808000,346953000,None,None,None,None,None,None,None,2.118,13.68,2.76,None,None,None,None,None,-184000000,None,0.0975,None,770625000,2025-10-31,quarterly,10.21,USD,pre-market,None,2722103000,0.19,0.467,0.061,368.64,1642552000,9485000,4590000,None,1002.16,970.19,2.6131,3107921000,1997868000,726964000,818945000,1110053000,91981000,5526636000,2288976000,28.74,-949341000,1129.04,887.81
2025-12-28,GWW,35.64,17750000000.0,28.74,None,1.116,74.77,106000000,None,544894000,544894000,-229000000,-115000000,-94000000,None,-84000000,None,None,-135000000,54834000,91588295,None,3365095000,3365095000,319254000,None,None,518625000,None,None,108782000,55000000,8.62,0.0084,99000000,99000000,None,-0.38,0.26,518989000,627771000,9.95,2022-06-30,23.47,182726000,6939000000.0,2161541000,532674000,186350000,182726000,182726000,None,13685000,None,791212000,None,None,4895000,None,None,389000000,None,None,None,0.152,250000000,1642552000,518989000,130808000,346953000,None,None,None,None,None,None,None,2.118,13.68,2.76,None,None,None,None,None,-120000000,None,0.0975,None,770625000,2025-10-31,quarterly,10.21,USD,pre-market,None,2722103000,0.19,0.467,0.061,368.64,1642552000,9485000,4590000,None,1002.16,970.19,2.6131,3107921000,1997868000,726964000,818945000,1110053000,91981000,5526636000,2288976000,28.74,-949341000,1129.04,887.81
2025-12-28,GWW,35.64,17750000000.0,28.74,None,1.116,74.77,57000000,None,544894000,544894000,-159000000,-57000000,127000000,None,-65000000,None,None,-263000000,54834000,91588295,None,3365095000,3365095000,319254000,None,None,518625000,None,None,108782000,52000000,8.62,0.0084,84000000,84000000,None,-0.38,0.26,518989000,627771000,9.95,2022-03-31,23.47,182726000,6939000000.0,2161541000,532674000,186350000,182726000,182726000,None,13685000,None,791212000,None,None,4895000,None,None,385000000,None,None,None,0.152,343000000,1642552000,518989000,130808000,346953000,None,None,None,None,None,None,None,2.118,13.68,2.76,None,None,None,None,None,-79000000,None,0.0975,None,770625000,2025-10-31,quarterly,10.21,USD,pre-market,None,2722103000,0.19,0.467,0.061,368.64,1642552000,9485000,4590000,None,1002.16,970.19,2.6131,3107921000,1997868000,726964000,818945000,1110053000,91981000,5526636000,2288976000,28.74,-949341000,1129.04,887.81
2025-12-28,GWW,35.64,17750000000.0,28.74,None,1.116,74.77,58000000,None,544894000,544894000,-249000000,-46000000,-71000000,None,-88000000,None,None,None,54834000,91588295,None,3365095000,3365095000,319254000,None,None,518625000,None,None,108782000,48000000,8.62,0.0084,96000000,96000000,None,-0.38,0.26,518989000,627771000,9.95,2021-12-31,23.47,182726000,6939000000.0,2161541000,532674000,186350000,182726000,182726000,None,13685000,None,791212000,None,None,4895000,None,None,301000000,None,None,None,0.152,213000000,1642552000,518989000,130808000,346953000,None,None,None,None,None,None,None,2.118,13.68,2.76,None,None,None,None,None,-170000000,None,0.0975,None,770625000,2025-10-31,quarterly,10.21,USD,pre-market,None,2722103000,0.19,0.467,0.061,368.64,1642552000,9485000,4590000,None,1002.16,970.19,2.6131,3107921000,1997868000,726964000,818945000,1110053000,91981000,5526636000,2288976000,28.74,-949341000,1129.04,887.81
2025-12-28,GWW,35.64,17750000000.0,28.74,None,1.116,74.77,50000000,None,544894000,544894000,-327000000,-50000000,-219000000,-3000000,-86000000,None,None,-118000000,54834000,91588295,None,3365095000,3365095000,319254000,None,None,518625000,None,None,108782000,45000000,8.62,0.0084,85000000,85000000,None,-0.38,0.26,518989000,627771000,9.95,2021-09-30,23.47,182726000,6939000000.0,2161541000,532674000,186350000,182726000,182726000,None,13685000,None,791212000,None,None,4895000,None,None,315000000,None,None,None,0.152,161000000,1642552000,518989000,130808000,346953000,None,None,None,None,None,None,None,2.118,13.68,2.76,None,None,None,None,None,-242000000,None,0.0975,None,770625000,2025-10-31,quarterly,10.21,USD,pre-market,None,2722103000,0.19,0.467,0.061,368.64,1642552000,9485000,4590000,None,1002.16,970.19,2.6131,3107921000,1997868000,726964000,818945000,1110053000,91981000,5526636000,2288976000,28.74,-949341000,1129.04,887.81
2025-12-28,GWW,35.64,17750000000.0,28.74,None,1.116,74.77,74000000,None,544894000,544894000,-213000000,-72000000,-15000000,1000000,-30000000,None,None,-180000000,54834000,91588295,None,3365095000,3365095000,319254000,None,None,518625000,None,None,108782000,49000000,8.62,0.0084,95000000,95000000,None,-0.38,0.26,518989000,627771000,9.95,2021-06-30,23.47,182726000,6939000000.0,2161541000,532674000,186350000,182726000,182726000,None,13685000,None,791212000,None,None,4895000,None,None,243000000,None,None,None,0.152,269000000,1642552000,518989000,130808000,346953000,None,None,None,None,None,None,None,2.118,13.68,2.76,None,None,None,None,None,-108000000,None,0.0975,None,770625000,2025-10-31,quarterly,10.21,USD,pre-market,None,2722103000,0.19,0.467,0.061,368.64,1642552000,9485000,4590000,None,1002.16,970.19,2.6131,3107921000,1997868000,726964000,818945000,1110053000,91981000,5526636000,2288976000,28.74,-949341000,1129.04,887.81
2025-12-28,GWW,35.64,17750000000.0,28.74,None,1.116,74.77,73000000,None,544894000,544894000,-250000000,-58000000,-23000000,-9000000,52000000,None,None,None,54834000,91588295,None,3365095000,3365095000,319254000,None,None,518625000,None,None,108782000,43000000,8.62,0.0084,81000000,81000000,None,-0.38,0.26,518989000,627771000,9.95,2021-03-31,23.47,182726000,6939000000.0,2161541000,532674000,186350000,182726000,182726000,None,13685000,None,791212000,None,None,4895000,None,None,255000000,None,None,None,0.152,294000000,1642552000,518989000,130808000,346953000,None,None,None,None,None,None,None,2.118,13.68,2.76,None,None,None,None,None,-175000000,None,0.0975,None,770625000,2025-10-31,quarterly,10.21,USD,pre-market,None,2722103000,0.19,0.467,0.061,368.64,1642552000,9485000,4590000,None,1002.16,970.19,2.6131,3107921000,1997868000,726964000,818945000,1110053000,91981000,5526636000,2288976000,28.74,-949341000,1129.04,887.81
2025-12-28,GWW,35.64,17750000000.0,28.74,None,1.116,74.77,45000000,None,544894000,544894000,-579000000,-47000000,-281000000,None,64000000,None,None,24000000,54834000,91588295,None,3365095000,3365095000,319254000,None,None,518625000,None,None,108782000,45000000,8.62,0.0084,92000000,92000000,None,-0.38,0.26,518989000,627771000,9.95,2020-12-31,23.47,182726000,6939000000.0,2161541000,532674000,186350000,182726000,182726000,None,13685000,None,791212000,None,None,4895000,None,None,185000000,None,None,None,0.152,336000000,1642552000,518989000,130808000,346953000,None,None,None,None,None,None,None,2.118,13.68,2.76,None,None,None,None,None,-500000000,None,0.0975,None,770625000,2025-10-31,quarterly,10.21,USD,pre-market,None,2722103000,0.19,0.467,0.061,368.64,1642552000,9485000,4590000,None,1002.16,970.19,2.6131,3107921000,1997868000,726964000,818945000,1110053000,91981000,5526636000,2288976000,28.74,-949341000,1129.04,887.81
2025-12-28,GWW,35.64,17750000000.0,28.74,None,1.116,74.77,59000000,None,544894000,544894000,-1011000000,-50000000,-744000000,6000000,-78000000,None,None,-32000000,54834000,91588295,None,3365095000,3365095000,319254000,None,None,518625000,None,None,108782000,42000000,8.62,0.0084,82000000,82000000,None,-0.38,0.26,518989000,627771000,9.95,2020-09-30,23.47,182726000,6939000000.0,2161541000,532674000,186350000,182726000,182726000,None,13685000,None,791212000,None,None,4895000,None,None,256000000,None,None,None,0.152,311000000,1642552000,518989000,130808000,346953000,None,None,None,None,None,None,None,2.118,13.68,2.76,None,None,None,None,None,-2000000,None,0.0975,None,770625000,2025-10-31,quarterly,10.21,USD,pre-market,None,2722103000,0.19,0.467,0.061,368.64,1642552000,9485000,4590000,None,1002.16,970.19,2.6131,3107921000,1997868000,726964000,818945000,1110053000,91981000,5526636000,2288976000,28.74,-949341000,1129.04,887.81
2025-12-28,GWW,35.64,17750000000.0,28.74,None,1.116,74.77,43000000,None,544894000,544894000,-91000000,-30000000,111000000,None,-163000000,None,None,104000000,54834000,91588295,None,3365095000,3365095000,319254000,None,None,518625000,None,None,108782000,50000000,8.62,0.0084,86000000,86000000,None,-0.38,0.26,518989000,627771000,9.95,2020-06-30,23.47,182726000,6939000000.0,2161541000,532674000,186350000,182726000,182726000,None,13685000,None,791212000,None,None,4895000,None,None,129000000,None,None,None,0.152,232000000,1642552000,518989000,130808000,346953000,None,None,None,None,None,None,None,2.118,13.68,2.76,None,None,None,None,None,-1000000,None,0.0975,None,770625000,2025-10-31,quarterly,10.21,USD,pre-market,None,2722103000,0.19,0.467,0.061,368.64,1642552000,9485000,4590000,None,1002.16,970.19,2.6131,3107921000,1997868000,726964000,818945000,1110053000,91981000,5526636000,2288976000,28.74,-949341000,1129.04,887.81
2025-12-28,GWW,35.64,17750000000.0,28.74,None,1.116,74.77,50000000,None,544894000,544894000,955000000,-52000000,1132000000,-15000000,19000000,None,None,-217000000,54834000,91588295,None,3365095000,3365095000,319254000,None,None,518625000,None,None,108782000,45000000,8.62,0.0084,78000000,78000000,None,-0.38,0.26,518989000,627771000,9.95,2020-03-31,23.47,182726000,6939000000.0,2161541000,532674000,186350000,182726000,182726000,None,13685000,None,791212000,None,None,4895000,None,None,185000000,None,None,None,0.152,244000000,1642552000,518989000,130808000,346953000,None,None,None,None,None,None,None,2.118,13.68,2.76,None,None,None,None,None,-100000000,None,0.0975,None,770625000,2025-10-31,quarterly,10.21,USD,pre-market,None,2722103000,0.19,0.467,0.061,368.64,1642552000,9485000,4590000,None,1002.16,970.19,2.6131,3107921000,1997868000,726964000,818945000,1110053000,91981000,5526636000,2288976000,28.74,-949341000,1129.04,887.81
2025-12-28,GWW,35.64,17750000000.0,28.74,None,1.116,74.77,58000000,None,544894000,544894000,-148000000,-57000000,74000000,7000000,-124000000,None,None,77000000,54834000,91588295,None,3365095000,3365095000,319254000,None,None,518625000,None,None,108782000,58000000,8.62,0.0084,86000000,86000000,None,-0.38,0.26,518989000,627771000,9.95,2019-12-31,23.47,182726000,6939000000.0,2161541000,532674000,186350000,182726000,182726000,None,13685000,None,791212000,None,None,4895000,None,None,117000000,None,None,None,0.152,272000000,1642552000,518989000,130808000,346953000,None,None,None,None,None,None,None,2.118,13.68,2.76,None,None,None,None,None,-100000000,None,0.0975,None,770625000,2025-10-31,quarterly,10.21,USD,pre-market,None,2722103000,0.19,0.467,0.061,368.64,1642552000,9485000,4590000,None,1002.16,970.19,2.6131,3107921000,1997868000,726964000,818945000,1110053000,91981000,5526636000,2288976000,28.74,-949341000,1129.04,887.81
2025-12-28,GWW,35.64,17750000000.0,28.74,None,1.116,74.77,56000000,None,544894000,544894000,-289000000,-54000000,-29000000,-6000000,6000000,None,None,-1000000,54834000,91588295,None,3365095000,3365095000,319254000,None,None,518625000,None,None,108782000,58000000,8.62,0.0084,79000000,79000000,None,-0.38,0.26,518989000,627771000,9.95,2019-09-30,23.47,182726000,6939000000.0,2161541000,532674000,186350000,182726000,182726000,None,13685000,None,791212000,None,None,4895000,None,None,244000000,None,None,None,0.152,320000000,1642552000,518989000,130808000,346953000,None,None,None,None,None,None,None,2.118,13.68,2.76,None,None,None,None,None,-200000000,None,0.0975,None,770625000,2025-10-31,quarterly,10.21,USD,pre-market,None,2722103000,0.19,0.467,0.061,368.64,1642552000,9485000,4590000,None,1002.16,970.19,2.6131,3107921000,1997868000,726964000,818945000,1110053000,91981000,5526636000,2288976000,28.74,-949341000,1129.04,887.81
2025-12-28,GWW,35.64,17750000000.0,28.74,None,1.116,74.77,47000000,None,544894000,544894000,-365000000,-39000000,-77000000,4000000,-8000000,None,None,-16000000,54834000,91588295,None,3365095000,3365095000,319254000,None,None,518625000,None,None,108782000,56000000,8.62,0.0084,87000000,87000000,None,-0.38,0.26,518989000,627771000,9.95,2019-06-30,23.47,182726000,6939000000.0,2161541000,532674000,186350000,182726000,182726000,None,13685000,None,791212000,None,None,4895000,None,None,272000000,None,None,None,0.152,323000000,1642552000,518989000,130808000,346953000,None,None,None,None,None,None,None,2.118,13.68,2.76,None,None,None,None,None,-265000000,None,0.0975,None,770625000,2025-10-31,quarterly,10.21,USD,pre-market,None,2722103000,0.19,0.467,0.061,368.64,1642552000,9485000,4590000,None,1002.16,970.19,2.6131,3107921000,1997868000,726964000,818945000,1110053000,91981000,5526636000,2288976000,28.74,-949341000,1129.04,887.81
2025-12-28,GWW,35.64,17750000000.0,28.74,None,1.116,74.77,60000000,None,544894000,544894000,-221000000,-52000000,-146000000,None,20000000,None,None,-102000000,54834000,91588295,None,3365095000,3365095000,319254000,None,None,518625000,None,None,108782000,57000000,8.62,0.0084,76000000,76000000,None,-0.38,0.26,518989000,627771000,9.95,2019-03-31,23.47,182726000,6939000000.0,2161541000,532674000,186350000,182726000,182726000,None,13685000,None,791212000,None,None,4895000,None,None,262000000,None,None,None,0.152,127000000,1642552000,518989000,130808000,346953000,None,None,None,None,None,None,None,2.118,13.68,2.76,None,None,None,None,None,-135000000,None,0.0975,None,770625000,2025-10-31,quarterly,10.21,USD,pre-market,None,2722103000,0.19,0.467,0.061,368.64,1642552000,9485000,4590000,None,1002.16,970.19,2.6131,3107921000,1997868000,726964000,818945000,1110053000,91981000,5526636000,2288976000,28.74,-949341000,1129.04,887.81
2025-12-28,GWW,35.64,17750000000.0,28.74,None,1.116,74.77,70000000,None,544894000,544894000,-233000000,-61000000,21026000,375000,-76000000,None,None,92829000,54834000,91588295,None,3365095000,3365095000,319254000,None,None,518625000,None,None,108782000,65398000,8.62,0.0084,83711000,83711000,None,-0.38,0.26,518989000,627771000,9.95,2018-12-31,23.47,182726000,6939000000.0,2161541000,532674000,186350000,182726000,182726000,None,13685000,None,791212000,None,None,4895000,None,None,219427000,None,None,None,0.152,314000000,1642552000,518989000,130808000,346953000,None,None,None,None,None,None,None,2.118,13.68,2.76,None,None,None,None,None,-142254000,None,0.0975,None,770625000,2025-10-31,quarterly,10.21,USD,pre-market,None,2722103000,0.19,0.467,0.061,368.64,1642552000,9485000,4590000,None,1002.16,970.19,2.6131,3107921000,1997868000,726964000,818945000,1110053000,91981000,5526636000,2288976000,28.74,-949341000,1129.04,887.81
2025-12-28,GWW,35.64,17750000000.0,28.74,None,1.116,74.77,65813000,None,544894000,544894000,-124997000,-31424000,204389000,-6281000,-8930000,None,None,-23681000,54834000,91588295,None,3365095000,3365095000,319254000,None,None,518625000,None,None,108782000,64000000,8.62,0.0084,77000000,77000000,None,-0.38,0.26,518989000,627771000,9.95,2018-09-30,23.47,182726000,6939000000.0,2161541000,532674000,186350000,182726000,182726000,None,13685000,None,791212000,None,None,4895000,None,None,115000000,None,None,None,0.152,367091000,1642552000,518989000,130808000,346953000,None,None,None,None,None,None,None,2.118,13.68,2.76,None,None,None,None,None,-82000000,None,0.0975,None,770625000,2025-10-31,quarterly,10.21,USD,pre-market,None,2722103000,0.19,0.467,0.061,368.64,1642552000,9485000,4590000,None,1002.16,970.19,2.6131,3107921000,1997868000,726964000,818945000,1110053000,91981000,5526636000,2288976000,28.74,-949341000,1129.04,887.81
2025-12-28,GWW,35.64,17750000000.0,28.74,None,1.116,74.77,53934000,None,544894000,544894000,-185306000,-42512000,10446000,-9690000,-47476000,None,None,-53927000,54834000,91588295,None,3365095000,3365095000,319254000,None,None,518625000,None,None,108782000,64000000,8.62,0.0084,83000000,83000000,None,-0.38,0.26,518989000,627771000,9.95,2018-06-30,23.47,182726000,6939000000.0,2161541000,532674000,186350000,182726000,182726000,None,13685000,None,791212000,None,None,4895000,None,None,248000000,None,None,None,0.152,247954000,1642552000,518989000,130808000,346953000,None,None,None,None,None,None,None,2.118,13.68,2.76,None,None,None,None,None,-28000000,None,0.0975,None,770625000,2025-10-31,quarterly,10.21,USD,pre-market,None,2722103000,0.19,0.467,0.061,368.64,1642552000,9485000,4590000,None,1002.16,970.19,2.6131,3107921000,1997868000,726964000,818945000,1110053000,91981000,5526636000,2288976000,28.74,-949341000,1129.04,887.81
2025-12-28,GWW,35.64,17750000000.0,28.74,None,1.116,74.77,49149000,None,544894000,544894000,-146065000,-31277000,-24861000,5596000,3136000,None,None,-94221000,54834000,91588295,None,3365095000,3365095000,319254000,None,None,518625000,None,None,108782000,64000000,8.62,0.0084,72000000,72000000,None,-0.38,0.26,518989000,627771000,9.95,2018-03-31,23.47,182726000,6939000000.0,2161541000,532674000,186350000,182726000,182726000,None,13685000,None,791212000,None,None,4895000,None,None,241000000,None,None,None,0.152,146885000,1642552000,518989000,130808000,346953000,None,None,None,None,None,None,None,2.118,13.68,2.76,None,None,None,None,None,-173000000,None,0.0975,None,770625000,2025-10-31,quarterly,10.21,USD,pre-market,None,2722103000,0.19,0.467,0.061,368.64,1642552000,9485000,4590000,None,1002.16,970.19,2.6131,3107921000,1997868000,726964000,818945000,1110053000,91981000,5526636000,2288976000,28.74,-949341000,1129.04,887.81
2025-12-28,GWW,35.64,17750000000.0,28.74,None,1.116,74.77,46100000,None,544894000,544894000,-247452000,-46445000,42301000,1123000,-39766000,None,None,42505000,54834000,91588295,None,3365095000,3365095000,319254000,None,None,518625000,None,None,108782000,69726000,8.62,0.0084,78969000,78969000,None,-0.38,0.26,518989000,627771000,9.95,2017-12-31,23.47,182726000,6939000000.0,2161541000,532674000,186350000,182726000,182726000,None,13685000,None,791212000,None,None,4895000,None,None,161815000,None,None,None,0.152,335679000,1642552000,518989000,130808000,346953000,None,None,None,None,None,None,None,2.118,13.68,2.76,None,None,None,None,None,-169448000,None,0.0975,None,770625000,2025-10-31,quarterly,10.21,USD,pre-market,None,2722103000,0.19,0.467,0.061,368.64,1642552000,9485000,4590000,None,1002.16,970.19,2.6131,3107921000,1997868000,726964000,818945000,1110053000,91981000,5526636000,2288976000,28.74,-949341000,1129.04,887.81
2025-12-28,GWW,35.64,17750000000.0,28.74,None,1.116,74.77,60036000,None,544894000,544894000,-314608000,-24803000,9510000,221000,4915000,None,None,-8787000,54834000,91588295,None,3365095000,3365095000,319254000,None,None,518625000,None,None,108782000,66143000,8.62,0.0084,73867000,73867000,None,-0.38,0.26,518989000,627771000,9.95,2017-09-30,23.47,182726000,6939000000.0,2161541000,532674000,186350000,182726000,182726000,None,13685000,None,791212000,None,None,4895000,None,None,170816000,None,None,None,0.152,348700000,1642552000,518989000,130808000,346953000,None,None,None,None,None,None,None,2.118,13.68,2.76,None,None,None,None,None,-122421000,None,0.0975,None,770625000,2025-10-31,quarterly,10.21,USD,pre-market,None,2722103000,0.19,0.467,0.061,368.64,1642552000,9485000,4590000,None,1002.16,970.19,2.6131,3107921000,1997868000,726964000,818945000,1110053000,91981000,5526636000,2288976000,28.74,-949341000,1129.04,887.81
2025-12-28,GWW,35.64,17750000000.0,28.74,None,1.116,74.77,52379000,None,544894000,544894000,-121285000,-37306000,36264000,3622000,2110000,None,None,-41425000,54834000,91588295,None,3365095000,3365095000,319254000,None,None,518625000,None,None,108782000,65946000,8.62,0.0084,79519000,79519000,None,-0.38,0.26,518989000,627771000,9.95,2017-06-30,23.47,182726000,6939000000.0,2161541000,532674000,186350000,182726000,182726000,None,13685000,None,791212000,None,None,4895000,None,None,106959000,None,None,None,0.152,191232000,1642552000,518989000,130808000,346953000,None,None,None,None,None,None,None,2.118,13.68,2.76,None,None,None,None,None,-154416000,None,0.0975,None,770625000,2025-10-31,quarterly,10.21,USD,pre-market,None,2722103000,0.19,0.467,0.061,368.64,1642552000,9485000,4590000,None,1002.16,970.19,2.6131,3107921000,1997868000,726964000,818945000,1110053000,91981000,5526636000,2288976000,28.74,-949341000,1129.04,887.81
2025-12-28,GWW,35.64,17750000000.0,28.74,None,1.116,74.77,78768000,None,544894000,544894000,-183199000,-37529000,-35345000,4438000,27826000,None,None,-95419000,54834000,91588295,None,3365095000,3365095000,319254000,None,None,518625000,None,None,108782000,62249000,8.62,0.0084,72118000,72118000,None,-0.38,0.26,518989000,627771000,9.95,2017-03-31,23.47,182726000,6939000000.0,2161541000,532674000,186350000,182726000,182726000,None,13685000,None,791212000,None,None,4895000,None,None,182853000,None,None,None,0.152,180946000,1642552000,518989000,130808000,346953000,None,None,None,None,None,None,None,2.118,13.68,2.76,None,None,None,None,None,-159146000,None,0.0975,None,770625000,2025-10-31,quarterly,10.21,USD,pre-market,None,2722103000,0.19,0.467,0.061,368.64,1642552000,9485000,4590000,None,1002.16,970.19,2.6131,3107921000,1997868000,726964000,818945000,1110053000,91981000,5526636000,2288976000,28.74,-949341000,1129.04,887.81
2025-12-28,GWW,35.64,17750000000.0,28.74,None,1.116,74.77,70627000,None,544894000,544894000,-254631000,-76868000,-11835000,-12929000,-46341000,None,None,78322000,54834000,91588295,None,3365095000,3365095000,319254000,None,None,518625000,None,None,108782000,71462000,8.62,0.0084,81840000,81840000,None,-0.38,0.26,518989000,627771000,9.95,2016-12-31,23.47,182726000,6939000000.0,2161541000,532674000,186350000,182726000,182726000,None,13685000,None,791212000,None,None,4895000,None,None,68340000,None,None,None,0.152,332593000,1642552000,518989000,130808000,346953000,None,None,None,None,None,None,None,2.118,13.68,2.76,None,None,None,None,None,-176575000,None,0.0975,None,770625000,2025-10-31,quarterly,10.21,USD,pre-market,None,2722103000,0.19,0.467,0.061,368.64,1642552000,9485000,4590000,None,1002.16,970.19,2.6131,3107921000,1997868000,726964000,818945000,1110053000,91981000,5526636000,2288976000,28.74,-949341000,1129.04,887.81
2025-12-28,GWW,35.64,17750000000.0,28.74,None,1.116,74.77,107905000,None,544894000,544894000,-256294000,-111861000,-30016000,-4028000,33205000,None,None,-25528000,54834000,91588295,None,3365095000,3365095000,319254000,None,None,518625000,None,None,108782000,63899000,8.62,0.0084,73651000,73651000,None,-0.38,0.26,518989000,627771000,9.95,2016-09-30,23.47,182726000,6939000000.0,2161541000,532674000,186350000,182726000,182726000,None,13685000,None,791212000,None,None,4895000,None,None,193409000,None,None,None,0.152,343994000,1642552000,518989000,130808000,346953000,None,None,None,None,None,None,None,2.118,13.68,2.76,None,None,None,None,None,-200551000,None,0.0975,None,770625000,2025-10-31,quarterly,10.21,USD,pre-market,None,2722103000,0.19,0.467,0.061,368.64,1642552000,9485000,4590000,None,1002.16,970.19,2.6131,3107921000,1997868000,726964000,818945000,1110053000,91981000,5526636000,2288976000,28.74,-949341000,1129.04,887.81
2025-12-28,GWW,35.64,17750000000.0,28.74,None,1.116,74.77,53920000,None,544894000,544894000,-112265000,-28150000,36091000,2021000,-2098000,None,None,-13959000,54834000,91588295,None,3365095000,3365095000,319254000,None,None,518625000,None,None,108782000,57202000,8.62,0.0084,74848000,74848000,None,-0.38,0.26,518989000,627771000,9.95,2016-06-30,23.47,182726000,6939000000.0,2161541000,532674000,186350000,182726000,182726000,None,13685000,None,791212000,None,None,4895000,None,None,179445000,None,None,None,0.152,172658000,1642552000,518989000,130808000,346953000,None,None,None,None,None,None,None,2.118,13.68,2.76,None,None,None,None,None,-240600000,None,0.0975,None,770625000,2025-10-31,quarterly,10.21,USD,pre-market,None,2722103000,0.19,0.467,0.061,368.64,1642552000,9485000,4590000,None,1002.16,970.19,2.6131,3107921000,1997868000,726964000,818945000,1110053000,91981000,5526636000,2288976000,28.74,-949341000,1129.04,887.81
2025-12-28,GWW,35.64,17750000000.0,28.74,None,1.116,74.77,51797000,None,544894000,544894000,-131342000,-45385000,-10230000,12766000,10831000,None,None,-84435000,54834000,91588295,None,3365095000,3365095000,319254000,None,None,518625000,None,None,108782000,56294000,8.62,0.0084,72632000,72632000,None,-0.38,0.26,518989000,627771000,9.95,2016-03-31,23.47,182726000,6939000000.0,2161541000,532674000,186350000,182726000,182726000,None,13685000,None,791212000,None,None,4895000,None,None,191644000,None,None,None,0.152,153731000,1642552000,518989000,130808000,346953000,None,None,None,None,None,None,None,2.118,13.68,2.76,None,None,None,None,None,-172047000,None,0.0975,None,770625000,2025-10-31,quarterly,10.21,USD,pre-market,None,2722103000,0.19,0.467,0.061,368.64,1642552000,9485000,4590000,None,1002.16,970.19,2.6131,3107921000,1997868000,726964000,818945000,1110053000,91981000,5526636000,2288976000,28.74,-949341000,1129.04,887.81
2025-12-28,GWW,35.64,17750000000.0,28.74,None,1.116,74.77,120671000,None,544894000,544894000,-181401000,-115216000,31985000,479000,-48696000,None,None,66699000,54834000,91588295,None,3365095000,3365095000,319254000,None,None,518625000,None,None,108782000,63767000,8.62,0.0084,75526000,75526000,None,-0.38,0.26,518989000,627771000,9.95,2015-12-31,23.47,182726000,6939000000.0,2161541000,532674000,186350000,182726000,182726000,None,13685000,None,791212000,None,None,4895000,None,None,149171000,None,None,None,0.152,275727000,1642552000,518989000,130808000,346953000,None,None,None,None,None,None,None,2.118,13.68,2.76,None,None,None,None,None,-222830000,None,0.0975,None,770625000,2025-10-31,quarterly,10.21,USD,pre-market,None,2722103000,0.19,0.467,0.061,368.64,1642552000,9485000,4590000,None,1002.16,970.19,2.6131,3107921000,1997868000,726964000,818945000,1110053000,91981000,5526636000,2288976000,28.74,-949341000,1129.04,887.81
2025-12-28,GWW,35.64,17750000000.0,28.74,None,1.116,74.77,82324000,None,544894000,544894000,-365030000,-549644000,-561635000,-13386000,-13448000,None,None,-19198000,54834000,91588295,None,3365095000,3365095000,319254000,None,None,518625000,None,None,108782000,57263000,8.62,0.0084,77042000,77042000,None,-0.38,0.26,518989000,627771000,9.95,2015-09-30,23.47,182726000,6939000000.0,2161541000,532674000,186350000,182726000,182726000,None,13685000,None,791212000,None,None,4895000,None,None,196622000,None,None,None,0.152,366425000,1642552000,518989000,130808000,346953000,None,None,None,None,None,None,None,2.118,13.68,2.76,None,None,None,None,None,-734646000,None,0.0975,None,770625000,2025-10-31,quarterly,10.21,USD,pre-market,None,2722103000,0.19,0.467,0.061,368.64,1642552000,9485000,4590000,None,1002.16,970.19,2.6131,3107921000,1997868000,726964000,818945000,1110053000,91981000,5526636000,2288976000,28.74,-949341000,1129.04,887.81
2025-12-28,GWW,35.64,17750000000.0,28.74,None,1.116,74.77,71384000,None,544894000,544894000,441626000,-78193000,576359000,-370000,28883000,None,None,382000,54834000,91588295,None,3365095000,3365095000,319254000,None,None,518625000,None,None,108782000,54526000,8.62,0.0084,80513000,80513000,None,-0.38,0.26,518989000,627771000,9.95,2015-06-30,23.47,182726000,6939000000.0,2161541000,532674000,186350000,182726000,182726000,None,13685000,None,791212000,None,None,4895000,None,None,225235000,None,None,None,0.152,213296000,1642552000,518989000,130808000,346953000,None,None,None,None,None,None,None,2.118,13.68,2.76,None,None,None,None,None,-292603000,None,0.0975,None,770625000,2025-10-31,quarterly,10.21,USD,pre-market,None,2722103000,0.19,0.467,0.061,368.64,1642552000,9485000,4590000,None,1002.16,970.19,2.6131,3107921000,1997868000,726964000,818945000,1110053000,91981000,5526636000,2288976000,28.74,-949341000,1129.04,887.81
2025-12-28,GWW,35.64,17750000000.0,28.74,None,1.116,74.77,99489000,None,544894000,544894000,-39996000,-92204000,16783000,-7226000,-2808000,None,None,-50968000,54834000,91588295,None,3365095000,3365095000,319254000,None,None,518625000,None,None,108782000,52411000,8.62,0.0084,73393000,73393000,None,-0.38,0.26,518989000,627771000,9.95,2015-03-31,23.47,182726000,6939000000.0,2161541000,532674000,186350000,182726000,182726000,None,13685000,None,791212000,None,None,4895000,None,None,214146000,None,None,None,0.152,156209000,1642552000,518989000,130808000,346953000,None,None,None,None,None,None,None,2.118,13.68,2.76,None,None,None,None,None,-149992000,None,0.0975,None,770625000,2025-10-31,quarterly,10.21,USD,pre-market,None,2722103000,0.19,0.467,0.061,368.64,1642552000,9485000,4590000,None,1002.16,970.19,2.6131,3107921000,1997868000,726964000,818945000,1110053000,91981000,5526636000,2288976000,28.74,-949341000,1129.04,887.81
2025-12-28,GWW,35.64,17750000000.0,28.74,None,1.116,74.77,147194000,None,544894000,544894000,-227441000,-149134000,-93090000,-13496000,-81792000,None,None,40492000,54834000,91588295,None,3365095000,3365095000,319254000,None,None,518625000,None,None,108782000,60575000,8.62,0.0084,76130000,76130000,None,-0.38,0.26,518989000,627771000,9.95,2014-12-31,23.47,182726000,6939000000.0,2161541000,532674000,186350000,182726000,182726000,None,13685000,None,791212000,None,None,4895000,None,None,151114000,None,None,None,0.152,301971000,1642552000,518989000,130808000,346953000,None,None,None,None,None,None,None,2.118,13.68,2.76,None,None,None,None,None,-207700000,None,0.0975,None,770625000,2025-10-31,quarterly,10.21,USD,pre-market,None,2722103000,0.19,0.467,0.061,368.64,1642552000,9485000,4590000,None,1002.16,970.19,2.6131,3107921000,1997868000,726964000,818945000,1110053000,91981000,5526636000,2288976000,28.74,-949341000,1129.04,887.81
2025-12-28,GWW,35.64,17750000000.0,28.74,None,1.116,74.77,83986000,None,544894000,544894000,-233454000,-103329000,-11973000,-9557000,-6258000,None,None,-64498000,54834000,91588295,None,3365095000,3365095000,319254000,None,None,518625000,None,None,108782000,53955000,8.62,0.0084,74380000,74380000,None,-0.38,0.26,518989000,627771000,9.95,2014-09-30,23.47,182726000,6939000000.0,2161541000,532674000,186350000,182726000,182726000,None,13685000,None,791212000,None,None,4895000,None,None,233050000,None,None,None,0.152,329377000,1642552000,518989000,130808000,346953000,None,None,None,None,None,None,None,2.118,13.68,2.76,None,None,None,None,None,-81573000,None,0.0975,None,770625000,2025-10-31,quarterly,10.21,USD,pre-market,None,2722103000,0.19,0.467,0.061,368.64,1642552000,9485000,4590000,None,1002.16,970.19,2.6131,3107921000,1997868000,726964000,818945000,1110053000,91981000,5526636000,2288976000,28.74,-949341000,1129.04,887.81
2025-12-28,GWW,35.64,17750000000.0,28.74,None,1.116,74.77,90546000,None,544894000,544894000,-131671000,-79416000,-43857000,6282000,-44105000,None,None,-19898000,54834000,91588295,None,3365095000,3365095000,319254000,None,None,518625000,None,None,108782000,48020000,8.62,0.0084,76203000,76203000,None,-0.38,0.26,518989000,627771000,9.95,2014-06-30,23.47,182726000,6939000000.0,2161541000,532674000,186350000,182726000,182726000,None,13685000,None,791212000,None,None,4895000,None,None,209077000,None,None,None,0.152,160948000,1642552000,518989000,130808000,346953000,None,None,None,None,None,None,None,2.118,13.68,2.76,None,None,None,None,None,-85294000,None,0.0975,None,770625000,2025-10-31,quarterly,10.21,USD,pre-market,None,2722103000,0.19,0.467,0.061,368.64,1642552000,9485000,4590000,None,1002.16,970.19,2.6131,3107921000,1997868000,726964000,818945000,1110053000,91981000,5526636000,2288976000,28.74,-949341000,1129.04,887.81
2025-12-28,GWW,35.64,17750000000.0,28.74,None,1.116,74.77,65664000,None,544894000,544894000,-165557000,-52179000,-55080000,-4862000,30608000,None,None,-78676000,54834000,91588295,None,3365095000,3365095000,319254000,None,None,518625000,None,None,108782000,45776000,8.62,0.0084,64682000,64682000,None,-0.38,0.26,518989000,627771000,9.95,2014-03-31,23.47,182726000,6939000000.0,2161541000,532674000,186350000,182726000,182726000,None,13685000,None,791212000,None,None,4895000,None,None,219055000,None,None,None,0.152,167518000,1642552000,518989000,130808000,346953000,None,None,None,None,None,None,None,2.118,13.68,2.76,None,None,None,None,None,-150553000,None,0.0975,None,770625000,2025-10-31,quarterly,10.21,USD,pre-market,None,2722103000,0.19,0.467,0.061,368.64,1642552000,9485000,4590000,None,1002.16,970.19,2.6131,3107921000,1997868000,726964000,818945000,1110053000,91981000,5526636000,2288976000,28.74,-949341000,1129.04,887.81
2025-12-28,GWW,35.64,17750000000.0,28.74,None,1.116,74.77,123784000,None,544894000,544894000,-222376000,-126600000,-109351000,-6445000,-68593000,None,None,3603000,54834000,91588295,None,3365095000,3365095000,319254000,None,None,518625000,None,None,108782000,54449000,8.62,0.0084,66778000,66778000,None,-0.38,0.26,518989000,627771000,9.95,2013-12-31,23.47,182726000,6939000000.0,2161541000,532674000,186350000,182726000,182726000,None,13685000,None,791212000,None,None,4895000,None,None,159393000,None,None,None,0.152,246070000,1642552000,518989000,130808000,346953000,None,None,None,None,None,None,None,2.118,13.68,2.76,None,None,None,None,None,-158854000,None,0.0975,None,770625000,2025-10-31,quarterly,10.21,USD,pre-market,None,2722103000,0.19,0.467,0.061,368.64,1642552000,9485000,4590000,None,1002.16,970.19,2.6131,3107921000,1997868000,726964000,818945000,1110053000,91981000,5526636000,2288976000,28.74,-949341000,1129.04,887.81
2025-12-28,GWW,35.64,17750000000.0,28.74,None,1.116,74.77,65186000,None,544894000,544894000,-118507000,-184046000,51254000,202000,-12814000,None,None,25819000,54834000,91588295,None,3365095000,3365095000,319254000,None,None,518625000,None,None,108782000,45351000,8.62,0.0084,65139000,65139000,None,-0.38,0.26,518989000,627771000,9.95,2013-09-30,23.47,182726000,6939000000.0,2161541000,532674000,186350000,182726000,182726000,None,13685000,None,791212000,None,None,4895000,None,None,213076000,None,None,None,0.152,353605000,1642552000,518989000,130808000,346953000,None,None,None,None,None,None,None,2.118,13.68,2.76,None,None,None,None,None,-77219000,None,0.0975,None,770625000,2025-10-31,quarterly,10.21,USD,pre-market,None,2722103000,0.19,0.467,0.061,368.64,1642552000,9485000,4590000,None,1002.16,970.19,2.6131,3107921000,1997868000,726964000,818945000,1110053000,91981000,5526636000,2288976000,28.74,-949341000,1129.04,887.81
2025-12-28,GWW,35.64,17750000000.0,28.74,None,1.116,74.77,40213000,None,544894000,544894000,-152172000,-47303000,3225000,-7706000,-2351000,None,None,-54084000,54834000,91588295,None,3365095000,3365095000,319254000,None,None,518625000,None,None,108782000,41868000,8.62,0.0084,67003000,67003000,None,-0.38,0.26,518989000,627771000,9.95,2013-06-30,23.47,182726000,6939000000.0,2161541000,532674000,186350000,182726000,182726000,None,13685000,None,791212000,None,None,4895000,None,None,220753000,None,None,None,0.152,210406000,1642552000,518989000,130808000,346953000,None,None,None,None,None,None,None,2.118,13.68,2.76,None,None,None,None,None,-132603000,None,0.0975,None,770625000,2025-10-31,quarterly,10.21,USD,pre-market,None,2722103000,0.19,0.467,0.061,368.64,1642552000,9485000,4590000,None,1002.16,970.19,2.6131,3107921000,1997868000,726964000,818945000,1110053000,91981000,5526636000,2288976000,28.74,-949341000,1129.04,887.81
2025-12-28,GWW,35.64,17750000000.0,28.74,None,1.116,74.77,42962000,None,544894000,544894000,-97814000,-41478000,33453000,-3672000,60122000,None,None,-101803000,54834000,91588295,None,3365095000,3365095000,319254000,None,None,518625000,None,None,108782000,38945000,8.62,0.0084,56546000,56546000,None,-0.38,0.26,518989000,627771000,9.95,2013-03-31,23.47,182726000,6939000000.0,2161541000,532674000,186350000,182726000,182726000,None,13685000,None,791212000,None,None,4895000,None,None,214527000,None,None,None,0.152,176417000,1642552000,518989000,130808000,346953000,None,None,None,None,None,None,None,2.118,13.68,2.76,None,None,None,None,None,-69797000,None,0.0975,None,770625000,2025-10-31,quarterly,10.21,USD,pre-market,None,2722103000,0.19,0.467,0.061,368.64,1642552000,9485000,4590000,None,1002.16,970.19,2.6131,3107921000,1997868000,726964000,818945000,1110053000,91981000,5526636000,2288976000,28.74,-949341000,1129.04,887.81
2025-12-28,GWW,35.64,17750000000.0,28.74,None,1.116,74.77,94697000,None,544894000,544894000,-71963000,-131584000,31260000,-5279000,-26988000,None,None,85104000,54834000,91588295,None,3365095000,3365095000,319254000,None,None,518625000,None,None,108782000,45711000,8.62,0.0084,58079000,58079000,None,-0.38,0.26,518989000,627771000,9.95,2012-12-31,23.47,182726000,6939000000.0,2161541000,532674000,186350000,182726000,182726000,None,13685000,None,791212000,None,None,4895000,None,None,158486000,None,None,None,0.152,240086000,1642552000,518989000,130808000,346953000,None,None,None,None,None,None,None,2.118,13.68,2.76,None,None,None,None,None,-44074000,None,0.0975,None,770625000,2025-10-31,quarterly,10.21,USD,pre-market,None,2722103000,0.19,0.467,0.061,368.64,1642552000,9485000,4590000,None,1002.16,970.19,2.6131,3107921000,1997868000,726964000,818945000,1110053000,91981000,5526636000,2288976000,28.74,-949341000,1129.04,887.81
2025-12-28,GWW,35.64,17750000000.0,28.74,None,1.116,74.77,58785000,None,544894000,544894000,-114120000,-57371000,171057000,4659000,7198000,None,None,-2409000,54834000,91588295,None,3365095000,3365095000,319254000,None,None,518625000,None,None,108782000,39896000,8.62,0.0084,56637000,56637000,None,-0.38,0.26,518989000,627771000,9.95,2012-09-30,23.47,182726000,6939000000.0,2161541000,532674000,186350000,182726000,182726000,None,13685000,None,791212000,None,None,4895000,None,None,157804000,None,None,None,0.152,337889000,1642552000,518989000,130808000,346953000,None,None,None,None,None,None,None,2.118,13.68,2.76,None,None,None,None,None,-85477000,None,0.0975,None,770625000,2025-10-31,quarterly,10.21,USD,pre-market,None,2722103000,0.19,0.467,0.061,368.64,1642552000,9485000,4590000,None,1002.16,970.19,2.6131,3107921000,1997868000,726964000,818945000,1110053000,91981000,5526636000,2288976000,28.74,-949341000,1129.04,887.81
2025-12-28,GWW,35.64,17750000000.0,28.74,None,1.116,74.77,55742000,None,544894000,544894000,-152908000,-77333000,-89009000,9250000,-31927000,None,None,-42009000,54834000,91588295,None,3365095000,3365095000,319254000,None,None,518625000,None,None,108782000,36763000,8.62,0.0084,58344000,58344000,None,-0.38,0.26,518989000,627771000,9.95,2012-06-30,23.47,182726000,6939000000.0,2161541000,532674000,186350000,182726000,182726000,None,13685000,None,791212000,None,None,4895000,None,None,193101000,None,None,None,0.152,131982000,1642552000,518989000,130808000,346953000,None,None,None,None,None,None,None,2.118,13.68,2.76,None,None,None,None,None,-149224000,None,0.0975,None,770625000,2025-10-31,quarterly,10.21,USD,pre-market,None,2722103000,0.19,0.467,0.061,368.64,1642552000,9485000,4590000,None,1002.16,970.19,2.6131,3107921000,1997868000,726964000,818945000,1110053000,91981000,5526636000,2288976000,28.74,-949341000,1129.04,887.81
2025-12-28,GWW,35.64,17750000000.0,28.74,None,1.116,74.77,40636000,None,544894000,544894000,-55445000,-39368000,3264000,-8161000,36845000,None,None,-86639000,54834000,91588295,None,3365095000,3365095000,319254000,None,None,518625000,None,None,108782000,36679000,8.62,0.0084,47017000,47017000,None,-0.38,0.26,518989000,627771000,9.95,2012-03-31,23.47,182726000,6939000000.0,2161541000,532674000,186350000,182726000,182726000,None,13685000,None,791212000,None,None,4895000,None,None,189458000,None,None,None,0.152,106238000,1642552000,518989000,130808000,346953000,None,None,None,None,None,None,None,2.118,13.68,2.76,None,None,None,None,None,-61757000,None,0.0975,None,770625000,2025-10-31,quarterly,10.21,USD,pre-market,None,2722103000,0.19,0.467,0.061,368.64,1642552000,9485000,4590000,None,1002.16,970.19,2.6131,3107921000,1997868000,726964000,818945000,1110053000,91981000,5526636000,2288976000,28.74,-949341000,1129.04,887.81
2025-12-28,GWW,35.64,17750000000.0,28.74,None,1.116,74.77,73102000,None,544894000,544894000,-145226000,-62977000,-25172000,-3106000,-164153000,None,None,53643000,54834000,91588295,None,3365095000,3365095000,319254000,None,None,518625000,None,None,108782000,45627000,8.62,0.0084,47808000,47808000,None,-0.38,0.26,518989000,627771000,9.95,2011-12-31,23.47,182726000,6939000000.0,2161541000,532674000,186350000,182726000,182726000,None,13685000,None,791212000,None,None,4895000,None,None,151708000,None,None,None,0.152,186137000,1642552000,518989000,130808000,346953000,None,None,None,None,None,None,None,2.118,13.68,2.76,None,None,None,None,None,-49700000,None,0.0975,None,770625000,2025-10-31,quarterly,10.21,USD,pre-market,None,2722103000,0.19,0.467,0.061,368.64,1642552000,9485000,4590000,None,1002.16,970.19,2.6131,3107921000,1997868000,726964000,818945000,1110053000,91981000,5526636000,2288976000,28.74,-949341000,1129.04,887.81
2025-12-28,GWW,35.64,17750000000.0,28.74,None,1.116,74.77,44040000,None,544894000,544894000,53232000,-392279000,-105042000,-16497000,-58020000,None,None,-31445000,54834000,91588295,None,3365095000,3365095000,319254000,None,None,518625000,None,None,108782000,37529000,8.62,0.0084,46936000,46936000,None,-0.38,0.26,518989000,627771000,9.95,2011-09-30,23.47,182726000,6939000000.0,2161541000,532674000,186350000,182726000,182726000,None,13685000,None,791212000,None,None,4895000,None,None,184047000,None,None,None,0.152,250502000,1642552000,518989000,130808000,346953000,None,None,None,None,None,None,None,2.118,13.68,2.76,None,None,None,None,None,-50613000,None,0.0975,None,770625000,2025-10-31,quarterly,10.21,USD,pre-market,None,2722103000,0.19,0.467,0.061,368.64,1642552000,9485000,4590000,None,1002.16,970.19,2.6131,3107921000,1997868000,726964000,818945000,1110053000,91981000,5526636000,2288976000,28.74,-949341000,1129.04,887.81
2025-12-28,GWW,35.64,17750000000.0,28.74,None,1.116,74.77,51407000,None,544894000,544894000,-12022000,-51861000,131009000,3814000,-9484000,None,None,-61650000,54834000,91588295,None,3365095000,3365095000,319254000,None,None,518625000,None,None,108782000,33473000,8.62,0.0084,47449000,47449000,None,-0.38,0.26,518989000,627771000,9.95,2011-06-30,23.47,182726000,6939000000.0,2161541000,532674000,186350000,182726000,182726000,None,13685000,None,791212000,None,None,4895000,None,None,171569000,None,None,None,0.152,191078000,1642552000,518989000,130808000,346953000,None,None,None,None,None,None,None,2.118,13.68,2.76,None,None,None,None,None,-98000,None,0.0975,None,770625000,2025-10-31,quarterly,10.21,USD,pre-market,None,2722103000,0.19,0.467,0.061,368.64,1642552000,9485000,4590000,None,1002.16,970.19,2.6131,3107921000,1997868000,726964000,818945000,1110053000,91981000,5526636000,2288976000,28.74,-949341000,1129.04,887.81
2025-12-28,GWW,35.64,17750000000.0,28.74,None,1.116,74.77,28393000,None,544894000,544894000,-73430000,-27951000,21242000,4232000,11977000,None,None,-45631000,54834000,91588295,None,3365095000,3365095000,319254000,None,None,518625000,None,None,108782000,32571000,8.62,0.0084,38334000,38334000,None,-0.38,0.26,518989000,627771000,9.95,2011-03-31,23.47,182726000,6939000000.0,2161541000,532674000,186350000,182726000,182726000,None,13685000,None,791212000,None,None,4895000,None,None,159088000,None,None,None,0.152,118391000,1642552000,518989000,130808000,346953000,None,None,None,None,None,None,None,2.118,13.68,2.76,None,None,None,None,None,-50671000,None,0.0975,None,770625000,2025-10-31,quarterly,10.21,USD,pre-market,None,2722103000,0.19,0.467,0.061,368.64,1642552000,9485000,4590000,None,1002.16,970.19,2.6131,3107921000,1997868000,726964000,818945000,1110053000,91981000,5526636000,2288976000,28.74,-949341000,1129.04,887.81
2025-12-28,GWW,35.64,17750000000.0,28.74,None,1.116,74.77,55749000,None,544894000,544894000,-28971000,-52648000,26946000,4091000,-50085000,None,None,26017000,54834000,91588295,None,3365095000,3365095000,319254000,None,None,518625000,None,None,108782000,40455000,8.62,0.0084,38210000,38210000,None,-0.38,0.26,518989000,627771000,9.95,2010-12-31,23.47,182726000,6939000000.0,2161541000,532674000,186350000,182726000,182726000,None,13685000,None,791212000,None,None,4895000,None,None,133201000,None,None,None,0.152,104474000,1642552000,518989000,130808000,346953000,None,None,None,None,None,None,None,2.118,13.68,2.76,None,None,None,None,None,-428000,None,0.0975,None,770625000,2025-10-31,quarterly,10.21,USD,pre-market,None,2722103000,0.19,0.467,0.061,368.64,1642552000,9485000,4590000,None,1002.16,970.19,2.6131,3107921000,1997868000,726964000,818945000,1110053000,91981000,5526636000,2288976000,28.74,-949341000,1129.04,887.81
2025-12-28,GWW,35.64,17750000000.0,28.74,None,1.116,74.77,39668000,None,544894000,544894000,-262376000,-66214000,-101549000,3827000,-57823000,None,None,-54037000,54834000,91588295,None,3365095000,3365095000,319254000,None,None,518625000,None,None,108782000,37322000,8.62,0.0084,39500000,39500000,None,-0.38,0.26,518989000,627771000,9.95,2010-09-30,23.47,182726000,6939000000.0,2161541000,532674000,186350000,182726000,182726000,None,13685000,None,791212000,None,None,4895000,None,None,151297000,None,None,None,0.152,216296000,1642552000,518989000,130808000,346953000,None,None,None,None,None,None,None,2.118,13.68,2.76,None,None,None,None,None,-247872000,None,0.0975,None,770625000,2025-10-31,quarterly,10.21,USD,pre-market,None,2722103000,0.19,0.467,0.061,368.64,1642552000,9485000,4590000,None,1002.16,970.19,2.6131,3107921000,1997868000,726964000,818945000,1110053000,91981000,5526636000,2288976000,28.74,-949341000,1129.04,887.81
2025-12-28,GWW,35.64,17750000000.0,28.74,None,1.116,74.77,13123000,None,544894000,544894000,-279859000,-45839000,-160412000,-8549000,-16124000,None,None,-36794000,54834000,91588295,None,3365095000,3365095000,319254000,None,None,518625000,None,None,108782000,36052000,8.62,0.0084,40553000,40553000,None,-0.38,0.26,518989000,627771000,9.95,2010-06-30,23.47,182726000,6939000000.0,2161541000,532674000,186350000,182726000,182726000,None,13685000,None,791212000,None,None,4895000,None,None,129667000,None,None,None,0.152,173092000,1642552000,518989000,130808000,346953000,None,None,None,None,None,None,None,2.118,13.68,2.76,None,None,None,None,None,-250139000,None,0.0975,None,770625000,2025-10-31,quarterly,10.21,USD,pre-market,None,2722103000,0.19,0.467,0.061,368.64,1642552000,9485000,4590000,None,1002.16,970.19,2.6131,3107921000,1997868000,726964000,818945000,1110053000,91981000,5526636000,2288976000,28.74,-949341000,1129.04,887.81
2025-12-28,GWW,35.64,17750000000.0,28.74,None,1.116,74.77,13819000,None,544894000,544894000,-7217000,-22149000,88598000,5515000,44520000,None,None,-62976000,54834000,91588295,None,3365095000,3365095000,319254000,None,None,518625000,None,None,108782000,35849000,8.62,0.0084,34075000,34075000,None,-0.38,0.26,518989000,627771000,9.95,2010-03-31,23.47,182726000,6939000000.0,2161541000,532674000,186350000,182726000,182726000,None,13685000,None,791212000,None,None,4895000,None,None,99417000,None,None,None,0.152,113192000,1642552000,518989000,130808000,346953000,None,None,None,None,None,None,None,2.118,13.68,2.76,None,None,None,None,None,-6364000,None,0.0975,None,770625000,2025-10-31,quarterly,10.21,USD,pre-market,None,2722103000,0.19,0.467,0.061,368.64,1642552000,9485000,4590000,None,1002.16,970.19,2.6131,3107921000,1997868000,726964000,818945000,1110053000,91981000,5526636000,2288976000,28.74,-949341000,1129.04,887.81
2025-12-28,GWW,35.64,17750000000.0,28.74,None,1.116,74.77,54262000,None,544894000,544894000,-251584000,-185665000,None,None,-19110000,None,None,None,54834000,91588295,None,3365095000,3365095000,319254000,None,None,518625000,None,None,108782000,43438000,8.62,0.0084,34635000,34635000,None,-0.38,0.26,518989000,627771000,9.95,2009-12-31,23.47,182726000,6939000000.0,2161541000,532674000,186350000,182726000,182726000,None,13685000,None,791212000,None,None,4895000,None,None,97364000,None,None,None,0.152,222657000,1642552000,518989000,130808000,346953000,None,None,None,None,None,None,None,2.118,13.68,2.76,None,None,None,None,None,-245031000,None,0.0975,None,770625000,2025-10-31,quarterly,10.21,USD,pre-market,None,2722103000,0.19,0.467,0.061,368.64,1642552000,9485000,4590000,None,1002.16,970.19,2.6131,3107921000,1997868000,726964000,818945000,1110053000,91981000,5526636000,2288976000,28.74,-949341000,1129.04,887.81
2025-12-28,GWW,35.64,17750000000.0,28.74,None,1.116,74.77,36248000,None,544894000,544894000,1874000,-25416000,None,None,73868000,None,None,None,54834000,91588295,None,3365095000,3365095000,319254000,None,None,518625000,None,None,108782000,35588000,8.62,0.0084,34875000,34875000,None,-0.38,0.26,518989000,627771000,9.95,2009-09-30,23.47,182726000,6939000000.0,2161541000,532674000,186350000,182726000,182726000,None,13685000,None,791212000,None,None,4895000,None,None,144564000,None,None,None,0.152,275258000,1642552000,518989000,130808000,346953000,None,None,None,None,None,None,None,2.118,13.68,2.76,None,None,None,None,None,0,None,0.0975,None,770625000,2025-10-31,quarterly,10.21,USD,pre-market,None,2722103000,0.19,0.467,0.061,368.64,1642552000,9485000,4590000,None,1002.16,970.19,2.6131,3107921000,1997868000,726964000,818945000,1110053000,91981000,5526636000,2288976000,28.74,-949341000,1129.04,887.81
2025-12-28,GWW,35.64,17750000000.0,28.74,None,1.116,74.77,23497000,None,544894000,544894000,-12815000,-21228000,None,None,73285000,None,None,None,54834000,91588295,None,3365095000,3365095000,319254000,None,None,518625000,None,None,108782000,34872000,8.62,0.0084,34559000,34559000,None,-0.38,0.26,518989000,627771000,9.95,2009-06-30,23.47,182726000,6939000000.0,2161541000,532674000,186350000,182726000,182726000,None,13685000,None,791212000,None,None,4895000,None,None,92466000,None,None,None,0.152,190094000,1642552000,518989000,130808000,346953000,None,None,None,None,None,None,None,2.118,13.68,2.76,None,None,None,None,None,0,None,0.0975,None,770625000,2025-10-31,quarterly,10.21,USD,pre-market,None,2722103000,0.19,0.467,0.061,368.64,1642552000,9485000,4590000,None,1002.16,970.19,2.6131,3107921000,1997868000,726964000,818945000,1110053000,91981000,5526636000,2288976000,28.74,-949341000,1129.04,887.81
2025-12-28,GWW,35.64,17750000000.0,28.74,None,1.116,74.77,28407000,None,544894000,544894000,-150987000,-28383000,None,None,47243000,None,None,None,54834000,91588295,None,3365095000,3365095000,319254000,None,None,518625000,None,None,108782000,33633000,8.62,0.0084,30615000,30615000,None,-0.38,0.26,518989000,627771000,9.95,2009-03-31,23.47,182726000,6939000000.0,2161541000,532674000,186350000,182726000,182726000,None,13685000,None,791212000,None,None,4895000,None,None,96378000,None,None,None,0.152,42516000,1642552000,518989000,130808000,346953000,None,None,None,None,None,None,None,2.118,13.68,2.76,None,None,None,None,None,-127696000,None,0.0975,None,770625000,2025-10-31,quarterly,10.21,USD,pre-market,None,2722103000,0.19,0.467,0.061,368.64,1642552000,9485000,4590000,None,1002.16,970.19,2.6131,3107921000,1997868000,726964000,818945000,1110053000,91981000,5526636000,2288976000,28.74,-949341000,1129.04,887.81
2025-12-28,GWW,35.64,17750000000.0,28.74,None,1.116,74.77,63384000,None,544894000,544894000,-106691000,-49775000,None,None,-75158000,None,None,None,54834000,91588295,None,3365095000,3365095000,319254000,None,None,518625000,None,None,108782000,38805000,8.62,0.0084,31120000,31120000,None,-0.38,0.26,518989000,627771000,9.95,2008-12-31,23.47,182726000,6939000000.0,2161541000,532674000,186350000,182726000,182726000,None,13685000,None,791212000,None,None,4895000,None,None,107915000,None,None,None,0.152,194749000,1642552000,518989000,130808000,346953000,None,None,None,None,None,None,None,2.118,13.68,2.76,None,None,None,None,None,-86695000,None,0.0975,None,770625000,2025-10-31,quarterly,10.21,USD,pre-market,None,2722103000,0.19,0.467,0.061,368.64,1642552000,9485000,4590000,None,1002.16,970.19,2.6131,3107921000,1997868000,726964000,818945000,1110053000,91981000,5526636000,2288976000,28.74,-949341000,1129.04,887.81
2025-12-28,GWW,35.64,17750000000.0,28.74,None,1.116,74.77,29812000,None,544894000,544894000,-52462000,-63642000,None,None,4747000,None,None,None,54834000,91588295,None,3365095000,3365095000,319254000,None,None,518625000,None,None,108782000,35870000,8.62,0.0084,31033000,31033000,None,-0.38,0.26,518989000,627771000,9.95,2008-09-30,23.47,182726000,6939000000.0,2161541000,532674000,186350000,182726000,182726000,None,13685000,None,791212000,None,None,4895000,None,None,140023000,None,None,None,0.152,216595000,1642552000,518989000,130808000,346953000,None,None,None,None,None,None,None,2.118,13.68,2.76,None,None,None,None,None,-36602000,None,0.0975,None,770625000,2025-10-31,quarterly,10.21,USD,pre-market,None,2722103000,0.19,0.467,0.061,368.64,1642552000,9485000,4590000,None,1002.16,970.19,2.6131,3107921000,1997868000,726964000,818945000,1110053000,91981000,5526636000,2288976000,28.74,-949341000,1129.04,887.81
2025-12-28,GWW,35.64,17750000000.0,28.74,None,1.116,74.77,68404000,None,544894000,544894000,114598000,-75714000,None,None,1512000,None,None,None,54834000,91588295,None,3365095000,3365095000,319254000,None,None,518625000,None,None,108782000,33339000,8.62,0.0084,31287000,31287000,None,-0.38,0.26,518989000,627771000,9.95,2008-06-30,23.47,182726000,6939000000.0,2161541000,532674000,186350000,182726000,182726000,None,13685000,None,791212000,None,None,4895000,None,None,113179000,None,None,None,0.152,105414000,1642552000,518989000,130808000,346953000,None,None,None,None,None,None,None,2.118,13.68,2.76,None,None,None,None,None,-74513000,None,0.0975,None,770625000,2025-10-31,quarterly,10.21,USD,pre-market,None,2722103000,0.19,0.467,0.061,368.64,1642552000,9485000,4590000,None,1002.16,970.19,2.6131,3107921000,1997868000,726964000,818945000,1110053000,91981000,5526636000,2288976000,28.74,-949341000,1129.04,887.81
2025-12-28,GWW,35.64,17750000000.0,28.74,None,1.116,74.77,33375000,None,544894000,544894000,7745000,-13504000,None,None,-23619000,None,None,None,54834000,91588295,None,3365095000,3365095000,319254000,None,None,518625000,None,None,108782000,31556000,8.62,0.0084,28064000,28064000,None,-0.38,0.26,518989000,627771000,9.95,2008-03-31,23.47,182726000,6939000000.0,2161541000,532674000,186350000,182726000,182726000,None,13685000,None,791212000,None,None,4895000,None,None,114238000,None,None,None,0.152,13308000,1642552000,518989000,130808000,346953000,None,None,None,None,None,None,None,2.118,13.68,2.76,None,None,None,None,None,-196437000,None,0.0975,None,770625000,2025-10-31,quarterly,10.21,USD,pre-market,None,2722103000,0.19,0.467,0.061,368.64,1642552000,9485000,4590000,None,1002.16,970.19,2.6131,3107921000,1997868000,726964000,818945000,1110053000,91981000,5526636000,2288976000,28.74,-949341000,1129.04,887.81
2025-12-28,GWW,35.64,17750000000.0,28.74,None,1.116,74.77,62953000,None,544894000,544894000,-56771000,-53084000,None,None,-57702000,None,None,None,54834000,91588295,None,3365095000,3365095000,319254000,None,None,518625000,None,None,108782000,38400000,8.62,0.0084,28327000,28327000,None,-0.38,0.26,518989000,627771000,9.95,2007-12-31,23.47,182726000,6939000000.0,2161541000,532674000,186350000,182726000,182726000,None,13685000,None,791212000,None,None,4895000,None,None,104392000,None,None,None,0.152,131123000,1642552000,518989000,130808000,346953000,None,None,None,None,None,None,None,2.118,13.68,2.76,None,None,None,None,None,647293000,None,0.0975,None,770625000,2025-10-31,quarterly,10.21,USD,pre-market,None,2722103000,0.19,0.467,0.061,368.64,1642552000,9485000,4590000,None,1002.16,970.19,2.6131,3107921000,1997868000,726964000,818945000,1110053000,91981000,5526636000,2288976000,28.74,-949341000,1129.04,887.81
2025-12-28,GWW,35.64,17750000000.0,28.74,None,1.116,74.77,58762000,None,544894000,544894000,-381502000,-75767000,None,None,-34489000,None,None,None,54834000,91588295,None,3365095000,3365095000,319254000,None,None,518625000,None,None,108782000,32872000,8.62,0.0084,30701000,30701000,None,-0.38,0.26,518989000,627771000,9.95,2007-09-30,23.47,182726000,6939000000.0,2161541000,532674000,186350000,182726000,182726000,None,13685000,None,791212000,None,None,4895000,None,None,109150000,None,None,None,0.152,157418000,1642552000,518989000,130808000,346953000,None,None,None,None,None,None,None,2.118,13.68,2.76,None,None,None,None,None,-499999000,None,0.0975,None,770625000,2025-10-31,quarterly,10.21,USD,pre-market,None,2722103000,0.19,0.467,0.061,368.64,1642552000,9485000,4590000,None,1002.16,970.19,2.6131,3107921000,1997868000,726964000,818945000,1110053000,91981000,5526636000,2288976000,28.74,-949341000,1129.04,887.81
2025-12-28,GWW,35.64,17750000000.0,28.74,None,1.116,74.77,42735000,None,544894000,544894000,9542000,-47522000,None,None,-17385000,None,None,None,54834000,91588295,None,3365095000,3365095000,319254000,None,None,518625000,None,None,108782000,30804000,8.62,0.0084,29546000,29546000,None,-0.38,0.26,518989000,627771000,9.95,2007-06-30,23.47,182726000,6939000000.0,2161541000,532674000,186350000,182726000,182726000,None,13685000,None,791212000,None,None,4895000,None,None,104791000,None,None,None,0.152,97921000,1642552000,518989000,130808000,346953000,None,None,None,None,None,None,None,2.118,13.68,2.76,None,None,None,None,None,-48596000,None,0.0975,None,770625000,2025-10-31,quarterly,10.21,USD,pre-market,None,2722103000,0.19,0.467,0.061,368.64,1642552000,9485000,4590000,None,1002.16,970.19,2.6131,3107921000,1997868000,726964000,818945000,1110053000,91981000,5526636000,2288976000,28.74,-949341000,1129.04,887.81
2025-12-28,GWW,35.64,17750000000.0,28.74,None,1.116,74.77,32973000,None,544894000,544894000,-85156000,-20584000,None,None,12342000,None,None,None,54834000,91588295,None,3365095000,3365095000,319254000,None,None,518625000,None,None,108782000,29923000,8.62,0.0084,24519000,24519000,None,-0.38,0.26,518989000,627771000,9.95,2007-03-31,23.47,182726000,6939000000.0,2161541000,532674000,186350000,182726000,182726000,None,13685000,None,791212000,None,None,4895000,None,None,101787000,None,None,None,0.152,82413000,1642552000,518989000,130808000,346953000,None,None,None,None,None,None,None,2.118,13.68,2.76,None,None,None,None,None,-98698000,None,0.0975,None,770625000,2025-10-31,quarterly,10.21,USD,pre-market,None,2722103000,0.19,0.467,0.061,368.64,1642552000,9485000,4590000,None,1002.16,970.19,2.6131,3107921000,1997868000,726964000,818945000,1110053000,91981000,5526636000,2288976000,28.74,-949341000,1129.04,887.81
2025-12-28,GWW,35.64,17750000000.0,28.74,None,1.116,74.77,46036000,None,544894000,544894000,-153779000,-47796000,None,None,-58196000,None,None,None,54834000,91588295,None,3365095000,3365095000,319254000,None,None,518625000,None,None,108782000,34196000,8.62,0.0084,24760000,24760000,None,-0.38,0.26,518989000,627771000,9.95,2006-12-31,23.47,182726000,6939000000.0,2161541000,532674000,186350000,182726000,182726000,None,13685000,None,791212000,None,None,4895000,None,None,98933000,None,None,None,0.152,123771000,1642552000,518989000,130808000,346953000,None,None,None,None,None,None,None,2.118,13.68,2.76,None,None,None,None,None,-153624000,None,0.0975,None,770625000,2025-10-31,quarterly,10.21,USD,pre-market,None,2722103000,0.19,0.467,0.061,368.64,1642552000,9485000,4590000,None,1002.16,970.19,2.6131,3107921000,1997868000,726964000,818945000,1110053000,91981000,5526636000,2288976000,28.74,-949341000,1129.04,887.81
2025-12-28,GWW,35.64,17750000000.0,28.74,None,1.116,74.77,34866000,None,544894000,544894000,-190458000,-47924000,None,None,10071000,None,None,None,54834000,91588295,None,3365095000,3365095000,319254000,None,None,518625000,None,None,108782000,29548000,8.62,0.0084,25421000,25421000,None,-0.38,0.26,518989000,627771000,9.95,2006-09-30,23.47,182726000,6939000000.0,2161541000,532674000,186350000,182726000,182726000,None,13685000,None,791212000,None,None,4895000,None,None,104494000,None,None,None,0.152,212459000,1642552000,518989000,130808000,346953000,None,None,None,None,None,None,None,2.118,13.68,2.76,None,None,None,None,None,-169047000,None,0.0975,None,770625000,2025-10-31,quarterly,10.21,USD,pre-market,None,2722103000,0.19,0.467,0.061,368.64,1642552000,9485000,4590000,None,1002.16,970.19,2.6131,3107921000,1997868000,726964000,818945000,1110053000,91981000,5526636000,2288976000,28.74,-949341000,1129.04,887.81
2025-12-28,GWW,35.64,17750000000.0,28.74,None,1.116,74.77,25694000,None,544894000,544894000,-119261000,4527000,None,None,28542000,None,None,None,54834000,91588295,None,3365095000,3365095000,319254000,None,None,518625000,None,None,108782000,27707000,8.62,0.0084,26124000,26124000,None,-0.38,0.26,518989000,627771000,9.95,2006-06-30,23.47,182726000,6939000000.0,2161541000,532674000,186350000,182726000,182726000,None,13685000,None,791212000,None,None,4895000,None,None,93739000,None,None,None,0.152,73647000,1642552000,518989000,130808000,346953000,None,None,None,None,None,None,None,2.118,13.68,2.76,None,None,None,None,None,-114265000,None,0.0975,None,770625000,2025-10-31,quarterly,10.21,USD,pre-market,None,2722103000,0.19,0.467,0.061,368.64,1642552000,9485000,4590000,None,1002.16,970.19,2.6131,3107921000,1997868000,726964000,818945000,1110053000,91981000,5526636000,2288976000,28.74,-949341000,1129.04,887.81
2025-12-28,GWW,35.64,17750000000.0,28.74,None,1.116,74.77,30168000,None,544894000,544894000,-29375000,-48553000,None,None,-14256000,None,None,None,54834000,91588295,None,3365095000,3365095000,319254000,None,None,518625000,None,None,108782000,27117000,8.62,0.0084,21591000,21591000,None,-0.38,0.26,518989000,627771000,9.95,2006-03-31,23.47,182726000,6939000000.0,2161541000,532674000,186350000,182726000,182726000,None,13685000,None,791212000,None,None,4895000,None,None,86233000,None,None,None,0.152,26876000,1642552000,518989000,130808000,346953000,None,None,None,None,None,None,None,2.118,13.68,2.76,None,None,None,None,None,-35851000,None,0.0975,None,770625000,2025-10-31,quarterly,10.21,USD,pre-market,None,2722103000,0.19,0.467,0.061,368.64,1642552000,9485000,4590000,None,1002.16,970.19,2.6131,3107921000,1997868000,726964000,818945000,1110053000,91981000,5526636000,2288976000,28.74,-949341000,1129.04,887.81
2025-12-28,GWW,35.64,17750000000.0,28.74,None,1.116,74.77,40292000,None,544894000,544894000,-14335000,-35412000,None,None,-39953000,None,None,None,54834000,91588295,None,3365095000,3365095000,319254000,None,None,518625000,None,None,108782000,29433000,8.62,0.0084,21499000,21499000,None,-0.38,0.26,518989000,627771000,9.95,2005-12-31,23.47,182726000,6939000000.0,2161541000,532674000,186350000,182726000,182726000,None,13685000,None,791212000,None,None,4895000,None,None,103834000,None,None,None,0.152,148967000,1642552000,518989000,130808000,346953000,None,None,None,None,None,None,None,2.118,13.68,2.76,None,None,None,None,None,-19275000,None,0.0975,None,770625000,2025-10-31,quarterly,10.21,USD,pre-market,None,2722103000,0.19,0.467,0.061,368.64,1642552000,9485000,4590000,None,1002.16,970.19,2.6131,3107921000,1997868000,726964000,818945000,1110053000,91981000,5526636000,2288976000,28.74,-949341000,1129.04,887.81
2025-12-28,GWW,35.64,17750000000.0,28.74,None,1.116,74.77,26374000,None,544894000,544894000,-11952000,-37729000,None,None,-16708000,None,None,None,54834000,91588295,None,3365095000,3365095000,319254000,None,None,518625000,None,None,108782000,26553000,8.62,0.0084,21441000,21441000,None,-0.38,0.26,518989000,627771000,9.95,2005-09-30,23.47,182726000,6939000000.0,2161541000,532674000,186350000,182726000,182726000,None,13685000,None,791212000,None,None,4895000,None,None,88109000,None,None,None,0.152,169002000,1642552000,518989000,130808000,346953000,None,None,None,None,None,None,None,2.118,13.68,2.76,None,None,None,None,None,-15442000,None,0.0975,None,770625000,2025-10-31,quarterly,10.21,USD,pre-market,None,2722103000,0.19,0.467,0.061,368.64,1642552000,9485000,4590000,None,1002.16,970.19,2.6131,3107921000,1997868000,726964000,818945000,1110053000,91981000,5526636000,2288976000,28.74,-949341000,1129.04,887.81
2025-12-28,GWW,35.64,17750000000.0,28.74,None,1.116,74.77,541000000,None,544894000,544894000,-1180000000,-520000000,None,None,-77000000,None,None,None,54834000,91588295,None,3365095000,3365095000,319254000,None,None,518625000,None,None,108782000,237000000,8.62,0.0084,421000000,421000000,None,-0.38,0.26,518989000,627771000,9.95,2024-12-31,23.47,182726000,6939000000.0,2161541000,532674000,186350000,182726000,182726000,None,13685000,None,791212000,None,None,4895000,None,None,1989000000,None,None,None,0.152,2111000000,1642552000,518989000,130808000,346953000,None,None,None,None,None,None,None,2.118,13.68,2.76,None,None,None,None,None,-1201000000,None,0.0975,None,770625000,2025-10-31,annual,10.21,USD,pre-market,None,2722103000,0.19,0.467,0.061,368.64,1642552000,9485000,4590000,None,1002.16,970.19,2.6131,3107921000,1997868000,726964000,818945000,1110053000,91981000,5526636000,2288976000,28.74,-949341000,1129.04,887.81
2025-12-28,GWW,35.64,17750000000.0,28.74,None,1.116,74.77,445000000,None,544894000,544894000,-1278000000,-422000000,None,None,-16000000,None,None,None,54834000,91588295,None,3365095000,3365095000,319254000,None,None,518625000,None,None,108782000,214000000,8.62,0.0084,392000000,392000000,None,-0.38,0.26,518989000,627771000,9.95,2023-12-31,23.47,182726000,6939000000.0,2161541000,532674000,186350000,182726000,182726000,None,13685000,None,791212000,None,None,4895000,None,None,1903000000,None,None,None,0.152,2031000000,1642552000,518989000,130808000,346953000,None,None,None,None,None,None,None,2.118,13.68,2.76,None,None,None,None,None,-850000000,None,0.0975,None,770625000,2025-10-31,annual,10.21,USD,pre-market,None,2722103000,0.19,0.467,0.061,368.64,1642552000,9485000,4590000,None,1002.16,970.19,2.6131,3107921000,1997868000,726964000,818945000,1110053000,91981000,5526636000,2288976000,28.74,-949341000,1129.04,887.81
2025-12-28,GWW,35.64,17750000000.0,28.74,None,1.116,74.77,256000000,None,544894000,544894000,-972000000,-263000000,98000000,None,-412000000,None,None,-436000000,54834000,91588295,None,3365095000,3365095000,319254000,None,None,518625000,None,None,108782000,217000000,8.62,0.0084,370000000,370000000,None,-0.38,0.26,518989000,627771000,9.95,2022-12-31,23.47,182726000,6939000000.0,2161541000,532674000,186350000,182726000,182726000,None,13685000,None,791212000,None,None,4895000,None,None,1613000000,None,None,None,0.152,1333000000,1642552000,518989000,130808000,346953000,None,None,None,None,None,None,None,2.118,13.68,2.76,None,None,None,None,None,-603000000,None,0.0975,None,770625000,2025-10-31,annual,10.21,USD,pre-market,None,2722103000,0.19,0.467,0.061,368.64,1642552000,9485000,4590000,None,1002.16,970.19,2.6131,3107921000,1997868000,726964000,818945000,1110053000,91981000,5526636000,2288976000,28.74,-949341000,1129.04,887.81
2025-12-28,GWW,35.64,17750000000.0,28.74,None,1.116,74.77,255000000,None,544894000,544894000,-1039000000,-226000000,-328000000,None,-152000000,None,None,None,54834000,91588295,None,3365095000,3365095000,319254000,None,None,518625000,None,None,108782000,185000000,8.62,0.0084,357000000,357000000,None,-0.38,0.26,518989000,627771000,9.95,2021-12-31,23.47,182726000,6939000000.0,2161541000,532674000,186350000,182726000,182726000,None,13685000,None,791212000,None,None,4895000,None,None,1114000000,None,None,None,0.152,937000000,1642552000,518989000,130808000,346953000,None,None,None,None,None,None,None,2.118,13.68,2.76,None,None,None,None,None,-695000000,None,0.0975,None,770625000,2025-10-31,annual,10.21,USD,pre-market,None,2722103000,0.19,0.467,0.061,368.64,1642552000,9485000,4590000,None,1002.16,970.19,2.6131,3107921000,1997868000,726964000,818945000,1110053000,91981000,5526636000,2288976000,28.74,-949341000,1129.04,887.81
2025-12-28,GWW,35.64,17750000000.0,28.74,None,1.116,74.77,197000000,None,544894000,544894000,-726000000,-179000000,218000000,None,-158000000,None,None,-121000000,54834000,91588295,None,3365095000,3365095000,319254000,None,None,518625000,None,None,108782000,182000000,8.62,0.0084,338000000,338000000,None,-0.38,0.26,518989000,627771000,9.95,2020-12-31,23.47,182726000,6939000000.0,2161541000,532674000,186350000,182726000,182726000,None,13685000,None,791212000,None,None,4895000,None,None,755000000,None,None,None,0.152,1123000000,1642552000,518989000,130808000,346953000,None,None,None,None,None,None,None,2.118,13.68,2.76,None,None,None,None,None,-601000000,None,0.0975,None,770625000,2025-10-31,annual,10.21,USD,pre-market,None,2722103000,0.19,0.467,0.061,368.64,1642552000,9485000,4590000,None,1002.16,970.19,2.6131,3107921000,1997868000,726964000,818945000,1110053000,91981000,5526636000,2288976000,28.74,-949341000,1129.04,887.81
2025-12-28,GWW,35.64,17750000000.0,28.74,None,1.116,74.77,221000000,None,544894000,544894000,-1023000000,-202000000,-178000000,5000000,-106000000,None,None,-42000000,54834000,91588295,None,3365095000,3365095000,319254000,None,None,518625000,None,None,108782000,229000000,8.62,0.0084,328000000,328000000,None,-0.38,0.26,518989000,627771000,9.95,2019-12-31,23.47,182726000,6939000000.0,2161541000,532674000,186350000,182726000,182726000,None,13685000,None,791212000,None,None,4895000,None,None,895000000,None,None,None,0.152,1042000000,1642552000,518989000,130808000,346953000,None,None,None,None,None,None,None,2.118,13.68,2.76,None,None,None,None,None,-700000000,None,0.0975,None,770625000,2025-10-31,annual,10.21,USD,pre-market,None,2722103000,0.19,0.467,0.061,368.64,1642552000,9485000,4590000,None,1002.16,970.19,2.6131,3107921000,1997868000,726964000,818945000,1110053000,91981000,5526636000,2288976000,28.74,-949341000,1129.04,887.81
2025-12-28,GWW,35.64,17750000000.0,28.74,None,1.116,74.77,239000000,None,544894000,544894000,-670000000,-166000000,211000000,-10000000,-129000000,None,None,-79000000,54834000,91588295,None,3365095000,3365095000,319254000,None,None,518625000,None,None,108782000,257000000,8.62,0.0084,316000000,316000000,None,-0.38,0.26,518989000,627771000,9.95,2018-12-31,23.47,182726000,6939000000.0,2161541000,532674000,186350000,182726000,182726000,None,13685000,None,791212000,None,None,4895000,None,None,823000000,None,None,None,0.152,1057000000,1642552000,518989000,130808000,346953000,None,None,None,None,None,None,None,2.118,13.68,2.76,None,None,None,None,None,-425000000,None,0.0975,None,770625000,2025-10-31,annual,10.21,USD,pre-market,None,2722103000,0.19,0.467,0.061,368.64,1642552000,9485000,4590000,None,1002.16,970.19,2.6131,3107921000,1997868000,726964000,818945000,1110053000,91981000,5526636000,2288976000,28.74,-949341000,1129.04,887.81
2025-12-28,GWW,35.64,17750000000.0,28.74,None,1.116,74.77,237283000,None,544894000,544894000,-866544000,-146083000,52730000,9404000,-4915000,None,None,-103126000,54834000,91588295,None,3365095000,3365095000,319254000,None,None,518625000,None,None,108782000,264000000,8.62,0.0084,304000000,304000000,None,-0.38,0.26,518989000,627771000,9.95,2017-12-31,23.47,182726000,6939000000.0,2161541000,532674000,186350000,182726000,182726000,None,13685000,None,791212000,None,None,4895000,None,None,623000000,None,None,None,0.152,1056557000,1642552000,518989000,130808000,346953000,None,None,None,None,None,None,None,2.118,13.68,2.76,None,None,None,None,None,-605000000,None,0.0975,None,770625000,2025-10-31,annual,10.21,USD,pre-market,None,2722103000,0.19,0.467,0.061,368.64,1642552000,9485000,4590000,None,1002.16,970.19,2.6131,3107921000,1997868000,726964000,818945000,1110053000,91981000,5526636000,2288976000,28.74,-949341000,1129.04,887.81
2025-12-28,GWW,35.64,17750000000.0,28.74,None,1.116,74.77,284249000,None,544894000,544894000,-754532000,-262264000,-15990000,-2170000,-4403000,None,None,-45600000,54834000,91588295,None,3365095000,3365095000,319254000,None,None,518625000,None,None,108782000,249000000,8.62,0.0084,303000000,303000000,None,-0.38,0.26,518989000,627771000,9.95,2016-12-31,23.47,182726000,6939000000.0,2161541000,532674000,186350000,182726000,182726000,None,13685000,None,791212000,None,None,4895000,None,None,633000000,None,None,None,0.152,1002976000,1642552000,518989000,130808000,346953000,None,None,None,None,None,None,None,2.118,13.68,2.76,None,None,None,None,None,-790000000,None,0.0975,None,770625000,2025-10-31,annual,10.21,USD,pre-market,None,2722103000,0.19,0.467,0.061,368.64,1642552000,9485000,4590000,None,1002.16,970.19,2.6131,3107921000,1997868000,726964000,818945000,1110053000,91981000,5526636000,2288976000,28.74,-949341000,1129.04,887.81
2025-12-28,GWW,35.64,17750000000.0,28.74,None,1.116,74.77,373868000,None,544894000,544894000,-144801000,-835257000,63492000,-20503000,-36069000,None,None,-3085000,54834000,91588295,None,3365095000,3365095000,319254000,None,None,518625000,None,None,108782000,227967000,8.62,0.0084,306474000,306474000,None,-0.38,0.26,518989000,627771000,9.95,2015-12-31,23.47,182726000,6939000000.0,2161541000,532674000,186350000,182726000,182726000,None,13685000,None,791212000,None,None,4895000,None,None,785174000,None,None,None,0.152,1011657000,1642552000,518989000,130808000,346953000,None,None,None,None,None,None,None,2.118,13.68,2.76,None,None,None,None,None,-1400071000,None,0.0975,None,770625000,2025-10-31,annual,10.21,USD,pre-market,None,2722103000,0.19,0.467,0.061,368.64,1642552000,9485000,4590000,None,1002.16,970.19,2.6131,3107921000,1997868000,726964000,818945000,1110053000,91981000,5526636000,2288976000,28.74,-949341000,1129.04,887.81
2025-12-28,GWW,35.64,17750000000.0,28.74,None,1.116,74.77,387390000,None,544894000,544894000,-758123000,-384058000,-204000000,-21633000,-101547000,None,None,-122580000,54834000,91588295,None,3365095000,3365095000,319254000,None,None,518625000,None,None,108782000,208326000,8.62,0.0084,291395000,291395000,None,-0.38,0.26,518989000,627771000,9.95,2014-12-31,23.47,182726000,6939000000.0,2161541000,532674000,186350000,182726000,182726000,None,13685000,None,791212000,None,None,4895000,None,None,812296000,None,None,None,0.152,959814000,1642552000,518989000,130808000,346953000,None,None,None,None,None,None,None,2.118,13.68,2.76,None,None,None,None,None,-525120000,None,0.0975,None,770625000,2025-10-31,annual,10.21,USD,pre-market,None,2722103000,0.19,0.467,0.061,368.64,1642552000,9485000,4590000,None,1002.16,970.19,2.6131,3107921000,1997868000,726964000,818945000,1110053000,91981000,5526636000,2288976000,28.74,-949341000,1129.04,887.81
2025-12-28,GWW,35.64,17750000000.0,28.74,None,1.116,74.77,272145000,None,544894000,544894000,-590869000,-399427000,-21419000,-17621000,-23636000,None,None,-126465000,54834000,91588295,None,3365095000,3365095000,319254000,None,None,518625000,None,None,108782000,180613000,8.62,0.0084,255466000,255466000,None,-0.38,0.26,518989000,627771000,9.95,2013-12-31,23.47,182726000,6939000000.0,2161541000,532674000,186350000,182726000,182726000,None,13685000,None,791212000,None,None,4895000,None,None,807749000,None,None,None,0.152,986498000,1642552000,518989000,130808000,346953000,None,None,None,None,None,None,None,2.118,13.68,2.76,None,None,None,None,None,-438473000,None,0.0975,None,770625000,2025-10-31,annual,10.21,USD,pre-market,None,2722103000,0.19,0.467,0.061,368.64,1642552000,9485000,4590000,None,1002.16,970.19,2.6131,3107921000,1997868000,726964000,818945000,1110053000,91981000,5526636000,2288976000,28.74,-949341000,1129.04,887.81
2025-12-28,GWW,35.64,17750000000.0,28.74,None,1.116,74.77,249860000,None,544894000,544894000,-394436000,-305656000,116572000,469000,-14872000,None,None,-45953000,54834000,91588295,None,3365095000,3365095000,319254000,None,None,518625000,None,None,108782000,159049000,8.62,0.0084,220077000,220077000,None,-0.38,0.26,518989000,627771000,9.95,2012-12-31,23.47,182726000,6939000000.0,2161541000,532674000,186350000,182726000,182726000,None,13685000,None,791212000,None,None,4895000,None,None,698849000,None,None,None,0.152,816195000,1642552000,518989000,130808000,346953000,None,None,None,None,None,None,None,2.118,13.68,2.76,None,None,None,None,None,-340532000,None,0.0975,None,770625000,2025-10-31,annual,10.21,USD,pre-market,None,2722103000,0.19,0.467,0.061,368.64,1642552000,9485000,4590000,None,1002.16,970.19,2.6131,3107921000,1997868000,726964000,818945000,1110053000,91981000,5526636000,2288976000,28.74,-949341000,1129.04,887.81
2025-12-28,GWW,35.64,17750000000.0,28.74,None,1.116,74.77,189664000,None,544894000,544894000,-177446000,-535070000,22037000,-11557000,-219680000,None,None,-85083000,54834000,91588295,None,3365095000,3365095000,319254000,None,None,518625000,None,None,108782000,149200000,8.62,0.0084,180527000,180527000,None,-0.38,0.26,518989000,627771000,9.95,2011-12-31,23.47,182726000,6939000000.0,2161541000,532674000,186350000,182726000,182726000,None,13685000,None,791212000,None,None,4895000,None,None,666412000,None,None,None,0.152,723687000,1642552000,518989000,130808000,346953000,None,None,None,None,None,None,None,2.118,13.68,2.76,None,None,None,None,None,-151082000,None,0.0975,None,770625000,2025-10-31,annual,10.21,USD,pre-market,None,2722103000,0.19,0.467,0.061,368.64,1642552000,9485000,4590000,None,1002.16,970.19,2.6131,3107921000,1997868000,726964000,818945000,1110053000,91981000,5526636000,2288976000,28.74,-949341000,1129.04,887.81
2025-12-28,GWW,35.64,17750000000.0,28.74,None,1.116,74.77,120616000,None,544894000,544894000,-578587000,-169159000,-146417000,4884000,-80545000,None,None,-127790000,54834000,91588295,None,3365095000,3365095000,319254000,None,None,518625000,None,None,108782000,149678000,8.62,0.0084,152338000,152338000,None,-0.38,0.26,518989000,627771000,9.95,2010-12-31,23.47,182726000,6939000000.0,2161541000,532674000,186350000,182726000,182726000,None,13685000,None,791212000,None,None,4895000,None,None,513582000,None,None,None,0.152,596445000,1642552000,518989000,130808000,346953000,None,None,None,None,None,None,None,2.118,13.68,2.76,None,None,None,None,None,-504803000,None,0.0975,None,770625000,2025-10-31,annual,10.21,USD,pre-market,None,2722103000,0.19,0.467,0.061,368.64,1642552000,9485000,4590000,None,1002.16,970.19,2.6131,3107921000,1997868000,726964000,818945000,1110053000,91981000,5526636000,2288976000,28.74,-949341000,1129.04,887.81
2025-12-28,GWW,35.64,17750000000.0,28.74,None,1.116,74.77,140730000,None,544894000,544894000,-413530000,-262563000,63581000,7278000,175286000,None,None,2794000,54834000,91588295,None,3365095000,3365095000,319254000,None,None,518625000,None,None,108782000,147531000,8.62,0.0084,134684000,134684000,None,-0.38,0.26,518989000,627771000,9.95,2009-12-31,23.47,182726000,6939000000.0,2161541000,532674000,186350000,182726000,182726000,None,13685000,None,791212000,None,None,4895000,None,None,430772000,None,None,None,0.152,732396000,1642552000,518989000,130808000,346953000,None,None,None,None,None,None,None,2.118,13.68,2.76,None,None,None,None,None,-372727000,None,0.0975,None,770625000,2025-10-31,annual,10.21,USD,pre-market,None,2722103000,0.19,0.467,0.061,368.64,1642552000,9485000,4590000,None,1002.16,970.19,2.6131,3107921000,1997868000,726964000,818945000,1110053000,91981000,5526636000,2288976000,28.74,-949341000,1129.04,887.81
2025-12-28,GWW,35.64,17750000000.0,28.74,None,1.116,74.77,181356000,None,544894000,544894000,-37221000,-202635000,None,None,-92518000,None,None,None,54834000,91588295,None,3365095000,3365095000,319254000,None,None,518625000,None,None,108782000,139570000,8.62,0.0084,121504000,121504000,None,-0.38,0.26,518989000,627771000,9.95,2008-12-31,23.47,182726000,6939000000.0,2161541000,532674000,186350000,182726000,182726000,None,13685000,None,791212000,None,None,4895000,None,None,475355000,None,None,None,0.152,530477000,1642552000,518989000,130808000,346953000,None,None,None,None,None,None,None,2.118,13.68,2.76,None,None,None,None,None,-394247000,None,0.0975,None,770625000,2025-10-31,annual,10.21,USD,pre-market,None,2722103000,0.19,0.467,0.061,368.64,1642552000,9485000,4590000,None,1002.16,970.19,2.6131,3107921000,1997868000,726964000,818945000,1110053000,91981000,5526636000,2288976000,28.74,-949341000,1129.04,887.81
2025-12-28,GWW,35.64,17750000000.0,28.74,None,1.116,74.77,197423000,None,544894000,544894000,-513887000,-196957000,None,None,-97234000,None,None,None,54834000,91588295,None,3365095000,3365095000,319254000,None,None,518625000,None,None,108782000,131999000,8.62,0.0084,113093000,113093000,None,-0.38,0.26,518989000,627771000,9.95,2007-12-31,23.47,182726000,6939000000.0,2161541000,532674000,186350000,182726000,182726000,None,13685000,None,791212000,None,None,4895000,None,None,420120000,None,None,None,0.152,468875000,1642552000,518989000,130808000,346953000,None,None,None,None,None,None,None,2.118,13.68,2.76,None,None,None,None,None,-647293000,None,0.0975,None,770625000,2025-10-31,annual,10.21,USD,pre-market,None,2722103000,0.19,0.467,0.061,368.64,1642552000,9485000,4590000,None,1002.16,970.19,2.6131,3107921000,1997868000,726964000,818945000,1110053000,91981000,5526636000,2288976000,28.74,-949341000,1129.04,887.81
2025-12-28,GWW,35.64,17750000000.0,28.74,None,1.116,74.77,136764000,None,544894000,544894000,-492873000,-139746000,None,None,-33839000,None,None,None,54834000,91588295,None,3365095000,3365095000,319254000,None,None,518625000,None,None,108782000,118568000,8.62,0.0084,97896000,97896000,None,-0.38,0.26,518989000,627771000,9.95,2006-12-31,23.47,182726000,6939000000.0,2161541000,532674000,186350000,182726000,182726000,None,13685000,None,791212000,None,None,4895000,None,None,383399000,None,None,None,0.152,436753000,1642552000,518989000,130808000,346953000,None,None,None,None,None,None,None,2.118,13.68,2.76,None,None,None,None,None,-472787000,None,0.0975,None,770625000,2025-10-31,annual,10.21,USD,pre-market,None,2722103000,0.19,0.467,0.061,368.64,1642552000,9485000,4590000,None,1002.16,970.19,2.6131,3107921000,1997868000,726964000,818945000,1110053000,91981000,5526636000,2288976000,28.74,-949341000,1129.04,887.81
2025-12-28,GWW,35.64,17750000000.0,28.74,None,1.116,74.77,112297000,None,544894000,544894000,-154139000,-162985000,None,None,-84031000,None,None,None,54834000,91588295,None,3365095000,3365095000,319254000,None,None,518625000,None,None,108782000,108782000,8.62,0.0084,82663000,82663000,None,-0.38,0.26,518989000,627771000,9.95,2005-12-31,23.47,182726000,6939000000.0,2161541000,532674000,186350000,182726000,182726000,None,13685000,None,791212000,None,None,4895000,None,None,346324000,None,None,None,0.152,432543000,1642552000,518989000,130808000,346953000,None,None,None,None,None,None,None,2.118,13.68,2.76,None,None,None,None,None,-137473000,None,0.0975,None,770625000,2025-10-31,annual,10.21,USD,pre-market,None,2722103000,0.19,0.467,0.061,368.64,1642552000,9485000,4590000,None,1002.16,970.19,2.6131,3107921000,1997868000,726964000,818945000,1110053000,91981000,5526636000,2288976000,28.74,-949341000,1129.04,887.81
