date,symbol,eps,revenue_ttm,pe_ratio,accumulateddepreciationamortizationppe,beta,book_value,capitalexpenditures,capitalleaseobligations,cashandcashequivalentsatcarryingvalue,cashandshortterminvestments,cashflowfromfinancing,cashflowfrominvestment,changeincashandcashequivalents,changeinexchangerate,changeininventory,changeinoperatingassets,changeinoperatingliabilities,changeinreceivables,commonstock,commonstocksharesoutstanding,comprehensiveincomenetoftax,costofgoodsandservicessold,costofrevenue,currentaccountspayable,currentdebt,currentlongtermdebt,currentnetreceivables,deferredrevenue,depreciation,depreciationandamortization,depreciationdepletionandamortization,dividend_per_share,dividend_yield,dividendpayout,dividendpayoutcommonstock,dividendpayoutpreferredstock,earnings_growth_yoy,earnings_surprise,ebit,ebitda,estimated_eps,fiscaldateending,forward_pe,goodwill,gross_profit_ttm,grossprofit,incomebeforetax,incometaxexpense,intangibleassets,intangibleassetsexcludinggoodwill,interestanddebtexpense,interestexpense,interestincome,inventory,investmentincomenet,investments,longtermdebt,longtermdebtnoncurrent,longterminvestments,netincome,netincomefromcontinuingoperations,netinterestincome,noninterestincome,operating_margin_ttm,operatingcashflow,operatingexpenses,operatingincome,othercurrentassets,othercurrentliabilities,othernoncurrentassets,othernoncurrentliabilities,othernonoperatingincome,paymentsforoperatingactivities,paymentsforrepurchaseofcommonstock,paymentsforrepurchaseofequity,paymentsforrepurchaseofpreferredstock,peg_ratio,price_to_book,price_to_sales_ttm,proceedsfromissuanceofcommonstock,proceedsfromissuanceoflongtermdebtandcapitalsecuritiesnet,proceedsfromissuanceofpreferredstock,proceedsfromoperatingactivities,proceedsfromrepaymentsofshorttermdebt,proceedsfromrepurchaseofequity,proceedsfromsaleoftreasurystock,profit_margin,profitloss,propertyplantequipment,report_date,report_type,reported_eps,reportedcurrency,reporttime,researchanddevelopment,retainedearnings,return_on_assets_ttm,return_on_equity_ttm,revenue_growth_yoy,revenue_per_share_ttm,sellinggeneralandadministrative,shortlongtermdebttotal,shorttermdebt,shortterminvestments,sma_200,sma_50,surprise_pct,totalassets,totalcurrentassets,totalcurrentliabilities,totalliabilities,totalnoncurrentassets,totalnoncurrentliabilities,totalrevenue,totalshareholderequity,trailing_pe,treasurystock,week_52_high,week_52_low
1996-03-31,HIG,,,,,,,,,,,,,,,,,,,,,,,,,,,,,,,,,,,,,,0.03,,,0.33,,,,,,,,,,,,,,,,,,,,,,,,,,,,,,,,,,,,,,,,,,,,,,,,,1996-04-29,,0.36,,pre-market,,,,,,,,,,,,,9.0909,,,,,,,,,,,,
1996-06-30,HIG,,,,,,,,,,,,,,,,,,,,,,,,,,,,,,,,,,,,,,0.01,,,0.53,,,,,,,,,,,,,,,,,,,,,,,,,,,,,,,,,,,,,,,,,,,,,,,,,1996-08-05,,0.54,,pre-market,,,,,,,,,,,,,1.8868,,,,,,,,,,,,
1996-09-30,HIG,,,,,,,,,,,,,,,,,,,,,,,,,,,,,,,,,,,,,,0.07,,,0.57,,,,,,,,,,,,,,,,,,,,,,,,,,,,,,,,,,,,,,,,,,,,,,,,,1996-10-18,,0.64,,pre-market,,,,,,,,,,,,,12.2807,,,,,,,,,,,,
1996-12-31,HIG,,,,,,,,,,,,,,,,,,,,,,,,,,,,,,,,,,,,,,0.07,,,0.76,,,,,,,,,,,,,,,,,,,,,,,,,,,,,,,,,,,,,,,,,,,,,,,,,1997-02-03,,0.83,,pre-market,,,,,,,,,,,,,9.2105,,,,,,,,,,,,
1997-03-31,HIG,,,,,,,,,,,,,,,,,,,,,,,,,,,,,,,,,,,,,,0.03,,,0.73,,,,,,,,,,,,,,,,,,,,,,,,,,,,,,,,,,,,,,,,,,,,,,,,,1997-04-24,,0.76,,pre-market,,,,,,,,,,,,,4.1096,,,,,,,,,,,,
1997-06-30,HIG,,,,,,,,,,,,,,,,,,,,,,,,,,,,,,,,,,,,,,0.01,,,0.76,,,,,,,,,,,,,,,,,,,,,,,,,,,,,,,,,,,,,,,,,,,,,,,,,1997-08-04,,0.77,,pre-market,,,,,,,,,,,,,1.3158,,,,,,,,,,,,
1997-09-30,HIG,,,,,,,,,,,,,,,,,,,,,,,,,,,,,,,,,,,,,,0.01,,,0.77,,,,,,,,,,,,,,,,,,,,,,,,,,,,,,,,,,,,,,,,,,,,,,,,,1997-10-28,,0.78,,pre-market,,,,,,,,,,,,,1.2987,,,,,,,,,,,,
1997-12-31,HIG,,,,,,,,,,,,,,,,,,,,,,,,,,,,,,,,,,,,,,0.01,,,0.85,,,,,,,,,,,,,,,,,,,,,,,,,,,,,,,,,,,,,,,,,,,,,,,,,1998-01-27,,0.86,,pre-market,,,,,,,,,,,,,1.1765,,,,,,,,,,,,
1998-03-31,HIG,,,,,,,,,,,,,,,,,,,,,,,,,,,,,,,,,,,,,,0.0,,,0.84,,,,,,,,,,,,,,,,,,,,,,,,,,,,,,,,,,,,,,,,,,,,,,,,,1998-04-27,,0.84,,pre-market,,,,,,,,,,,,,0.0,,,,,,,,,,,,
1998-06-30,HIG,,,,,,,,,,,,,,,,,,,,,,,,,,,,,,,,,,,,,,0.01,,,0.77,,,,,,,,,,,,,,,,,,,,,,,,,,,,,,,,,,,,,,,,,,,,,,,,,1998-07-27,,0.78,,pre-market,,,,,,,,,,,,,1.2987,,,,,,,,,,,,
1998-09-30,HIG,,,,,,,,,,,,,,,,,,,,,,,,,,,,,,,,,,,,,,0.05,,,0.86,,,,,,,,,,,,,,,,,,,,,,,,,,,,,,,,,,,,,,,,,,,,,,,,,1998-10-26,,0.91,,pre-market,,,,,,,,,,,,,5.814,,,,,,,,,,,,
1998-12-31,HIG,,,,,,,,,,,,,,,,,,,,,,,,,,,,,,,,,,,,,,0.03,,,0.94,,,,,,,,,,,,,,,,,,,,,,,,,,,,,,,,,,,,,,,,,,,,,,,,,1999-01-25,,0.97,,pre-market,,,,,,,,,,,,,3.1915,,,,,,,,,,,,
1999-03-31,HIG,,,,,,,,,,,,,,,,,,,,,,,,,,,,,,,,,,,,,,0.04,,,0.92,,,,,,,,,,,,,,,,,,,,,,,,,,,,,,,,,,,,,,,,,,,,,,,,,1999-04-26,,0.96,,pre-market,,,,,,,,,,,,,4.3478,,,,,,,,,,,,
1999-06-30,HIG,,,,,,,,,,,,,,,,,,,,,,,,,,,,,,,,,,,,,,-0.01,,,0.93,,,,,,,,,,,,,,,,,,,,,,,,,,,,,,,,,,,,,,,,,,,,,,,,,1999-07-26,,0.92,,pre-market,,,,,,,,,,,,,-1.0753,,,,,,,,,,,,
1999-09-30,HIG,,,,,,,,,,,,,,,,,,,,,,,,,,,,,,,,,,,,,,0.02,,,0.8,,,,,,,,,,,,,,,,,,,,,,,,,,,,,,,,,,,,,,,,,,,,,,,,,1999-10-25,,0.82,,pre-market,,,,,,,,,,,,,2.5,,,,,,,,,,,,
1999-12-31,HIG,,,,,,,,,,,,,,,,,,,,,,,,,,,,,,,,,,,,,,-0.01,,,1.0,,,,,,,,,,,,,,,,,,,,,,,,,,,,,,,,,,,,,,,,,,,,,,,,,2000-01-31,,0.99,,pre-market,,,,,,,,,,,,,-1.0,,,,,,,,,,,,
2000-03-31,HIG,,,,,,,,,,,,,,,,,,,,,,,,,,,,,,,,,,,,,,0.13,,,0.97,,,,,,,,,,,,,,,,,,,,,,,,,,,,,,,,,,,,,,,,,,,,,,,,,2000-04-24,,1.1,,pre-market,,,,,,,,,,,,,13.4021,,,,,,,,,,,,
2000-06-30,HIG,,,,,,,,,,,,,,,,,,,,,,,,,,,,,,,,,,,,,,-0.05,,,1.02,,,,,,,,,,,,,,,,,,,,,,,,,,,,,,,,,,,,,,,,,,,,,,,,,2000-07-24,,0.97,,pre-market,,,,,,,,,,,,,-4.902,,,,,,,,,,,,
2000-09-30,HIG,,,,,,,,,,,,,,,,,,,,,,,,,,,,,,,,,,,,,,0.02,,,1.05,,,,,,,,,,,,,,,,,,,,,,,,,,,,,,,,,,,,,,,,,,,,,,,,,2000-10-30,,1.07,,pre-market,,,,,,,,,,,,,1.9048,,,,,,,,,,,,
2000-12-31,HIG,,,,,,,,,,,,,,,,,,,,,,,,,,,,,,,,,,,,,,0.01,,,1.08,,,,,,,,,,,,,,,,,,,,,,,,,,,,,,,,,,,,,,,,,,,,,,,,,2001-01-25,,1.09,,pre-market,,,,,,,,,,,,,0.9259,,,,,,,,,,,,
2001-03-31,HIG,,,,,,,,,,,,,,,,,,,,,,,,,,,,,,,,,,,,,,0.01,,,1.06,,,,,,,,,,,,,,,,,,,,,,,,,,,,,,,,,,,,,,,,,,,,,,,,,2001-04-26,,1.07,,pre-market,,,,,,,,,,,,,0.9434,,,,,,,,,,,,
2001-06-30,HIG,,,,,,,,,,,,,,,,,,,,,,,,,,,,,,,,,,,,,,0.01,,,1.08,,,,,,,,,,,,,,,,,,,,,,,,,,,,,,,,,,,,,,,,,,,,,,,,,2001-07-30,,1.09,,pre-market,,,,,,,,,,,,,0.9259,,,,,,,,,,,,
2001-09-30,HIG,,,,,,,,,,,,,,,,,,,,,,,,,,,,,,,,,,,,,,0.0,,,-0.22,,,,,,,,,,,,,,,,,,,,,,,,,,,,,,,,,,,,,,,,,,,,,,,,,2001-10-29,,-0.22,,pre-market,,,,,,,,,,,,,0.0,,,,,,,,,,,,
2001-12-31,HIG,,,,,,,,,,,,,,,,,,,,,,,,,,,,,,,,,,,,,,0.03,,,1.03,,,,,,,,,,,,,,,,,,,,,,,,,,,,,,,,,,,,,,,,,,,,,,,,,2002-01-28,,1.06,,pre-market,,,,,,,,,,,,,2.9126,,,,,,,,,,,,
2002-03-31,HIG,,,,,,,,,,,,,,,,,,,,,,,,,,,,,,,,,,,,,,0.06,,,1.11,,,,,,,,,,,,,,,,,,,,,,,,,,,,,,,,,,,,,,,,,,,,,,,,,2002-04-22,,1.17,,pre-market,,,,,,,,,,,,,5.4054,,,,,,,,,,,,
2002-06-30,HIG,,,,,,,,,,,,,,,,,,,,,,,,,,,,,,,,,,,,,,0.01,,,1.15,,,,,,,,,,,,,,,,,,,,,,,,,,,,,,,,,,,,,,,,,,,,,,,,,2002-07-29,,1.16,,pre-market,,,,,,,,,,,,,0.8696,,,,,,,,,,,,
2002-09-30,HIG,,,,,,,,,,,,,,,,,,,,,,,,,,,,,,,,,,,,,,0.04,,,1.11,,,,,,,,,,,,,,,,,,,,,,,,,,,,,,,,,,,,,,,,,,,,,,,,,2002-10-28,,1.15,,pre-market,,,,,,,,,,,,,3.6036,,,,,,,,,,,,
2002-12-31,HIG,,,,,,,,,,,,,,,,,,,,,,,,,,,,,,,,,,,,,,0.07,,,1.1,,,,,,,,,,,,,,,,,,,,,,,,,,,,,,,,,,,,,,,,,,,,,,,,,2003-01-27,,1.17,,pre-market,,,,,,,,,,,,,6.3636,,,,,,,,,,,,
2003-03-31,HIG,,,,,,,,,,,,,,,,,,,,,,,,,,,,,,,,,,,,,,-3.22,,,-2.11,,,,,,,,,,,,,,,,,,,,,,,,,,,,,,,,,,,,,,,,,,,,,,,,,2003-05-13,,-5.33,,pre-market,,,,,,,,,,,,,-152.6066,,,,,,,,,,,,
2003-06-30,HIG,,,,,,,,,,,,,,,,,,,,,,,,,,,,,,,,,,,,,,0.08,,,1.18,,,,,,,,,,,,,,,,,,,,,,,,,,,,,,,,,,,,,,,,,,,,,,,,,2003-08-06,,1.26,,pre-market,,,,,,,,,,,,,6.7797,,,,,,,,,,,,
2003-09-30,HIG,,,,,,,,,,,,,,,,,,,,,,,,,,,,,,,,,,,,,,0.01,,,1.17,,,,,,,,,,,,,,,,,,,,,,,,,,,,,,,,,,,,,,,,,,,,,,,,,2003-11-05,,1.18,,pre-market,,,,,,,,,,,,,0.8547,,,,,,,,,,,,
2003-12-31,HIG,,,,,,,,,,,,,,,,,,,,,,,,,,,,,,,,,,,,,,0.05,,,1.47,,,,,,,,,,,,,,,,,,,,,,,,,,,,,,,,,,,,,,,,,,,,,,,,,2004-01-28,,1.52,,pre-market,,,,,,,,,,,,,3.4014,,,,,,,,,,,,
2004-03-31,HIG,,,,,,,,,,,,,,,,,,,,,,,,,,,,,,,,,,,,,,0.23,,,1.47,,,,,,,,,,,,,,,,,,,,,,,,,,,,,,,,,,,,,,,,,,,,,,,,,2004-05-04,,1.7,,pre-market,,,,,,,,,,,,,15.6463,,,,,,,,,,,,
2004-06-30,HIG,,,,,,,,,,,,,,,,,,,,,,,,,,,,,,,,,,,,,,-0.22,,,1.57,,,,,,,,,,,,,,,,,,,,,,,,,,,,,,,,,,,,,,,,,,,,,,,,,2004-08-04,,1.35,,pre-market,,,,,,,,,,,,,-14.0127,,,,,,,,,,,,
2004-09-30,HIG,,,,,,,,,,,,,,,,,,,,,,,,,,,,,,,,,,,,,,0.88,,,0.69,,,,,,,,,,,,,,,,,,,,,,,,,,,,,,,,,,,,,,,,,,,,,,,,,2004-11-04,,1.57,,pre-market,,,,,,,,,,,,,127.5362,,,,,,,,,,,,
2004-12-31,HIG,,,,,,,,,,,,,,,,,,,,,,,,,,,,,,,,,,,,,,0.22,,,1.78,,,,,,,,,,,,,,,,,,,,,,,,,,,,,,,,,,,,,,,,,,,,,,,,,2005-01-26,,2.0,,pre-market,,,,,,,,,,,,,12.3596,,,,,,,,,,,,
2005-03-31,HIG,,,,,,,,,,,,,,,,,,,,,,,,,,,,,,,,,,,,,,0.12,,,1.81,,,,,,,,,,,,,,,,,,,,,,,,,,,,,,,,,,,,,,,,,,,,,,,,,2005-04-28,,1.93,,pre-market,,,,,,,,,,,,,6.6298,,,,,,,,,,,,
2005-06-30,HIG,,,,,,,,,,,,,,,,,,,,,,,,,,,,,,,,,,,,,,0.13,,,1.89,,,,,,,,,,,,,,,,,,,,,,,,,,,,,,,,,,,,,,,,,,,,,,,,,2005-08-04,,2.02,,pre-market,,,,,,,,,,,,,6.8783,,,,,,,,,,,,
2005-09-30,HIG,,,,,,,,,,,,,,,,,,,,,,,,,,,,,,,,,,,,,,0.3,,,1.52,,,,,,,,,,,,,,,,,,,,,,,,,,,,,,,,,,,,,,,,,,,,,,,,,2005-11-03,,1.82,,pre-market,,,,,,,,,,,,,19.7368,,,,,,,,,,,,
2005-12-31,HIG,,,,,,,,,,,,,,,,,,,,,,,,,,,,,,,,,,,,,,-0.18,,,1.81,,,,,,,,,,,,,,,,,,,,,,,,,,,,,,,,,,,,,,,,,,,,,,,,,2006-01-26,,1.63,,pre-market,,,,,,,,,,,,,-9.9448,,,,,,,,,,,,
2006-03-31,HIG,,,,,,,,,,,,,,,,,,,,,,,,,,,,,,,,,,,,,,0.45,,,2.11,,,,,,,,,,,,,,,,,,,,,,,,,,,,,,,,,,,,,,,,,,,,,,,,,2006-04-27,,2.56,,pre-market,,,,,,,,,,,,,21.327,,,,,,,,,,,,
2006-06-30,HIG,,,,,,,,,,,,,,,,,,,,,,,,,,,,,,,,,,,,,,0.13,,,1.7,,,,,,,,,,,,,,,,,,,,,,,,,,,,,,,,,,,,,,,,,,,,,,,,,2006-07-27,,1.83,,pre-market,,,,,,,,,,,,,7.6471,,,,,,,,,,,,
2006-09-30,HIG,,,,,,,,,,,,,,,,,,,,,,,,,,,,,,,,,,,,,,0.05,,,2.25,,,,,,,,,,,,,,,,,,,,,,,,,,,,,,,,,,,,,,,,,,,,,,,,,2006-10-26,,2.3,,pre-market,,,,,,,,,,,,,2.2222,,,,,,,,,,,,
2006-12-31,HIG,,,,,,,,,,,,,,,,,,,,,,,,,,,,,,,,,,,,,,0.11,,,2.26,,,,,,,,,,,,,,,,,,,,,,,,,,,,,,,,,,,,,,,,,,,,,,,,,2007-01-25,,2.37,,pre-market,,,,,,,,,,,,,4.8673,,,,,,,,,,,,
2007-03-31,HIG,,,,,,,,,,,,,,,,,,,,,,,,,,,,,,,,,,,,,,0.24,,,2.37,,,,,,,,,,,,,,,,,,,,,,,,,,,,,,,,,,,,,,,,,,,,,,,,,2007-04-26,,2.61,,pre-market,,,,,,,,,,,,,10.1266,,,,,,,,,,,,
2007-06-30,HIG,,,,,,,,,,,,,,,,,,,,,,,,,,,,,,,,,,,,,,0.12,,,2.27,,,,,,,,,,,,,,,,,,,,,,,,,,,,,,,,,,,,,,,,,,,,,,,,,2007-07-26,,2.39,,pre-market,,,,,,,,,,,,,5.2863,,,,,,,,,,,,
2007-09-30,HIG,,,,,,,,,,,,,,,,,,,,,,,,,,,,,,,,,,,,,,0.86,,,2.47,,,,,,,,,,,,,,,,,,,,,,,,,,,,,,,,,,,,,,,,,,,,,,,,,2007-10-25,,3.33,,pre-market,,,,,,,,,,,,,34.8178,,,,,,,,,,,,
2007-12-31,HIG,,,,,,,,,,,,,,,,,,,,,,,,,,,,,,,,,,,,,,0.16,,,2.5,,,,,,,,,,,,,,,,,,,,,,,,,,,,,,,,,,,,,,,,,,,,,,,,,2008-01-24,,2.66,,pre-market,,,,,,,,,,,,,6.4,,,,,,,,,,,,
2008-03-31,HIG,,,,,,,,,,,,,,,,,,,,,,,,,,,,,,,,,,,,,,0.05,,,2.46,,,,,,,,,,,,,,,,,,,,,,,,,,,,,,,,,,,,,,,,,,,,,,,,,2008-04-28,,2.51,,pre-market,,,,,,,,,,,,,2.0325,,,,,,,,,,,,
2008-06-30,HIG,,,,,,,,,,,,,,,,,,,,,,,,,,,,,,,,,,,,,,0.13,,,2.09,,,,,,,,,,,,,,,,,,,,,,,,,,,,,,,,,,,,,,,,,,,,,,,,,2008-07-28,,2.22,,pre-market,,,,,,,,,,,,,6.2201,,,,,,,,,,,,
2008-09-30,HIG,,,,,,,,,,,,,,,,,,,,,,,,,,,,,,,,,,,,,,-0.06,,,-1.34,,,,,,,,,,,,,,,,,,,,,,,,,,,,,,,,,,,,,,,,,,,,,,,,,2008-10-29,,-1.4,,pre-market,,,,,,,,,,,,,-4.4776,,,,,,,,,,,,
2008-12-31,HIG,,,,,,,,,,,,,,,,,,,,,,,,,,,,,,,,,,,,,,-2.02,,,1.3,,,,,,,,,,,,,,,,,,,,,,,,,,,,,,,,,,,,,,,,,,,,,,,,,2009-02-05,,-0.72,,pre-market,,,,,,,,,,,,,-155.3846,,,,,,,,,,,,
2009-03-31,HIG,,,,,,,,,,,,,,,,,,,,,,,,,,,,,,,,,,,,,,-0.61,,,-3.05,,,,,,,,,,,,,,,,,,,,,,,,,,,,,,,,,,,,,,,,,,,,,,,,,2009-04-30,,-3.66,,pre-market,,,,,,,,,,,,,-20.0,,,,,,,,,,,,
2009-06-30,HIG,,,,,,,,,,,,,,,,,,,,,,,,,,,,,,,,,,,,,,0.74,,,1.16,,,,,,,,,,,,,,,,,,,,,,,,,,,,,,,,,,,,,,,,,,,,,,,,,2009-07-29,,1.9,,pre-market,,,,,,,,,,,,,63.7931,,,,,,,,,,,,
2009-09-30,HIG,,,,,,,,,,,,,,,,,,,,,,,,,,,,,,,,,,,,,,0.45,,,1.11,,,,,,,,,,,,,,,,,,,,,,,,,,,,,,,,,,,,,,,,,,,,,,,,,2009-11-03,,1.56,,pre-market,,,,,,,,,,,,,40.5405,,,,,,,,,,,,
2009-12-31,HIG,,,,,,,,,,,,,,,,,,,,,,,,,,,,,,,,,,,,,,0.11,,,1.4,,,,,,,,,,,,,,,,,,,,,,,,,,,,,,,,,,,,,,,,,,,,,,,,,2010-02-08,,1.51,,pre-market,,,,,,,,,,,,,7.8571,,,,,,,,,,,,
2010-03-31,HIG,,,,,,,,,,,,,,,,,,,,,,,,,,,,,,,,,,,,,,0.03,,,0.11,,,,,,,,,,,,,,,,,,,,,,,,,,,,,,,,,,,,,,,,,,,,,,,,,2010-04-29,,0.14,,pre-market,,,,,,,,,,,,,27.2727,,,,,,,,,,,,
2010-06-30,HIG,,,,,,,,,,,,,,,,,,,,,,,,,,,,,,,,,,,,,,0.21,,,0.71,,,,,,,,,,,,,,,,,,,,,,,,,,,,,,,,,,,,,,,,,,,,,,,,,2010-08-04,,0.92,,pre-market,,,,,,,,,,,,,29.5775,,,,,,,,,,,,
2010-09-30,HIG,,,,,,,,,,,,,,,,,,,,,,,,,,,,,,,,,,,,,,0.46,,,0.97,,,,,,,,,,,,,,,,,,,,,,,,,,,,,,,,,,,,,,,,,,,,,,,,,2010-11-02,,1.43,,pre-market,,,,,,,,,,,,,47.4227,,,,,,,,,,,,
2010-12-31,HIG,,,,,,,,,,,,,,,,,,,,,,,,,,,,,,,,,,,,,,0.1,,,0.96,,,,,,,,,,,,,,,,,,,,,,,,,,,,,,,,,,,,,,,,,,,,,,,,,2011-02-02,,1.06,,pre-market,,,,,,,,,,,,,10.4167,,,,,,,,,,,,
2011-03-31,HIG,,,,,,,,,,,,,,,,,,,,,,,,,,,,,,,,,,,,,,0.21,,,0.95,,,,,,,,,,,,,,,,,,,,,,,,,,,,,,,,,,,,,,,,,,,,,,,,,2011-05-02,,1.16,,pre-market,,,,,,,,,,,,,22.1053,,,,,,,,,,,,
2011-06-30,HIG,,,,,,,,,,,,,,,,,,,,,,,,,,,,,,,,,,,,,,0.0169,,,0.01,,,,,,,,,,,,,,,,,,,,,,,,,,,,,,,,,,,,,,,,,,,,,,,,,2011-08-03,,0.0269,,pre-market,,,,,,,,,,,,,169.0,,,,,,,,,,,,
2011-09-30,HIG,,,,,,,,,,,,,,,,,,,,,,,,,,,,,,,,,,,,,,-0.18,,,0.23,,,,,,,,,,,,,,,,,,,,,,,,,,,,,,,,,,,,,,,,,,,,,,,,,2011-11-02,,0.05,,pre-market,,,,,,,,,,,,,-78.2609,,,,,,,,,,,,
2011-12-31,HIG,,,,,,,,,,,,,,,,,,,,,,,,,,,,,,,,,,,,,,0.16,,,0.53,,,,,,,,,,,,,,,,,,,,,,,,,,,,,,,,,,,,,,,,,,,,,,,,,2012-02-07,,0.69,,pre-market,,,,,,,,,,,,,30.1887,,,,,,,,,,,,
2012-03-31,HIG,,,,,,,,,,,,,,,,,,,,,,,,,,,,,,,,,,,,,,0.34,,,0.91,,,,,,,,,,,,,,,,,,,,,,,,,,,,,,,,,,,,,,,,,,,,,,,,,2012-05-02,,1.25,,pre-market,,,,,,,,,,,,,37.3626,,,,,,,,,,,,
2012-06-30,HIG,,,,,,,,,,,,,,,,,,,,,,,,,,,,,,,,,,,,,,-0.22,,,0.45,,,,,,,,,,,,,,,,,,,,,,,,,,,,,,,,,,,,,,,,,,,,,,,,,2012-08-01,,0.23,,pre-market,,,,,,,,,,,,,-48.8889,,,,,,,,,,,,
2012-09-30,HIG,,,,,,,,,,,,,,,,,,,,,,,,,,,,,,,,,,,,,,-0.02,,,0.8,,,,,,,,,,,,,,,,,,,,,,,,,,,,,,,,,,,,,,,,,,,,,,,,,2012-11-01,,0.78,,pre-market,,,,,,,,,,,,,-2.5,,,,,,,,,,,,
2012-12-31,HIG,,,,,,,,,,,,,,,,,,,,,,,,,,,,,,,,,,,,,,0.22,,,0.32,,,,,,,,,,,,,,,,,,,,,,,,,,,,,,,,,,,,,,,,,,,,,,,,,2013-02-04,,0.54,,pre-market,,,,,,,,,,,,,68.75,,,,,,,,,,,,
2013-03-31,HIG,,,,,,,,,,,,,,,,,,,,,,,,,,,,,,,,,,,,,,0.1,,,0.82,,,,,,,,,,,,,,,,,,,,,,,,,,,,,,,,,,,,,,,,,,,,,,,,,2013-04-29,,0.92,,pre-market,,,,,,,,,,,,,12.1951,,,,,,,,,,,,
2013-06-30,HIG,,,,,,,,,,,,,,,,,,,,,,,,,,,,,,,,,,,,,,-0.05,,,0.71,,,,,,,,,,,,,,,,,,,,,,,,,,,,,,,,,,,,,,,,,,,,,,,,,2013-07-29,,0.66,,pre-market,,,,,,,,,,,,,-7.0423,,,,,,,,,,,,
2013-09-30,HIG,,,,,,,,,,,,,,,,,,,,,,,,,,,,,,,,,,,,,,0.2,,,0.83,,,,,,,,,,,,,,,,,,,,,,,,,,,,,,,,,,,,,,,,,,,,,,,,,2013-10-28,,1.03,,pre-market,,,,,,,,,,,,,24.0964,,,,,,,,,,,,
2013-12-31,HIG,,,,,,,,,,,,,,,,,,,,,,,,,,,,,,,,,,,,,,0.04,,,0.9,,,,,,,,,,,,,,,,,,,,,,,,,,,,,,,,,,,,,,,,,,,,,,,,,2014-02-03,,0.94,,pre-market,,,,,,,,,,,,,4.4444,,,,,,,,,,,,
2014-03-31,HIG,,,,,,,,,,,,,,,,,,,,,,,,,,,,,,,,,,,,,,0.25,,,0.93,,,,,,,,,,,,,,,,,,,,,,,,,,,,,,,,,,,,,,,,,,,,,,,,,2014-04-28,,1.18,,pre-market,,,,,,,,,,,,,26.8817,,,,,,,,,,,,
2014-06-30,HIG,,,,,,,,,,,,,,,,,,,,,,,,,,,,,,,,,,,,,,-0.37,,,0.68,,,,,,,,,,,,,,,,,,,,,,,,,,,,,,,,,,,,,,,,,,,,,,,,,2014-07-30,,0.31,,pre-market,,,,,,,,,,,,,-54.4118,,,,,,,,,,,,
2014-09-30,HIG,,,,,,,,,,,,,,,,,,,,,,,,,,,,,,,,,,,,,,0.23,,,0.83,,,,,,,,,,,,,,,,,,,,,,,,,,,,,,,,,,,,,,,,,,,,,,,,,2014-10-27,,1.06,,post-market,,,,,,,,,,,,,27.7108,,,,,,,,,,,,
2014-12-31,HIG,,,,,,,,,,,,,,,,,,,,,,,,,,,,,,,,,,,,,,0.03,,,0.93,,,,,,,,,,,,,,,,,,,,,,,,,,,,,,,,,,,,,,,,,,,,,,,,,2015-02-02,,0.96,,post-market,,,,,,,,,,,,,3.2258,,,,,,,,,,,,
2015-03-31,HIG,,,,,,,,,,,,,,,,,,,,,,,,,,,,,,,,,,,,,,0.07,,,0.97,,,,,,,,,,,,,,,,,,,,,,,,,,,,,,,,,,,,,,,,,,,,,,,,,2015-04-27,,1.04,,post-market,,,,,,,,,,,,,7.2165,,,,,,,,,,,,
2015-06-30,HIG,,,,,,,,,,,,,,,,,,,,,,,,,,,,,,,,,,,,,,0.15,,,0.76,,,,,,,,,,,,,,,,,,,,,,,,,,,,,,,,,,,,,,,,,,,,,,,,,2015-07-27,,0.91,,post-market,,,,,,,,,,,,,19.7368,,,,,,,,,,,,
2015-09-30,HIG,,,,,,,,,,,,,,,,,,,,,,,,,,,,,,,,,,,,,,-0.13,,,0.99,,,,,,,,,,,,,,,,,,,,,,,,,,,,,,,,,,,,,,,,,,,,,,,,,2015-10-26,,0.86,,post-market,,,,,,,,,,,,,-13.1313,,,,,,,,,,,,
2015-12-31,HIG,,,,,,,,,,,,,,,,,,,,,,,,,,,,,,,,,,,,,,0.09,,,0.98,,,,,,,,,,,,,,,,,,,,,,,,,,,,,,,,,,,,,,,,,,,,,,,,,2016-02-04,,1.07,,post-market,,,,,,,,,,,,,9.1837,,,,,,,,,,,,
2016-03-31,HIG,,,,,,,,,,,,,,,,,,,,,,,,,,,,,,,,,,,,,,-0.06,,,1.01,,,,,,,,,,,,,,,,,,,,,,,,,,,,,,,,,,,,,,,,,,,,,,,,,2016-04-28,,0.95,,post-market,,,,,,,,,,,,,-5.9406,,,,,,,,,,,,
2016-06-30,HIG,,,,,,,,,,,,,,,,,,,,,,,,,,,,,,,,,,,,,,-0.49,,,0.8,,,,,,,,,,,,,,,,,,,,,,,,,,,,,,,,,,,,,,,,,,,,,,,,,2016-07-28,,0.31,,post-market,,,,,,,,,,,,,-61.25,,,,,,,,,,,,
2016-09-30,HIG,,,,,,,,,,,,,,,,,,,,,,,,,,,,,,,,,,,,,,0.11,,,0.95,,,,,,,,,,,,,,,,,,,,,,,,,,,,,,,,,,,,,,,,,,,,,,,,,2016-10-27,,1.06,,post-market,,,,,,,,,,,,,11.5789,,,,,,,,,,,,
2016-12-31,HIG,,,,,,,,,,,,,,,,,,,,,,,,,,,,,,,,,,,,,,0.14,,,0.94,,,,,,,,,,,,,,,,,,,,,,,,,,,,,,,,,,,,,,,,,,,,,,,,,2017-02-02,,1.08,,post-market,,,,,,,,,,,,,14.8936,,,,,,,,,,,,
2017-03-31,HIG,,,,,,,,,,,,,,,,,,,,,,,,,,,,,,,,,,,,,,0.01,,,0.99,,,,,,,,,,,,,,,,,,,,,,,,,,,,,,,,,,,,,,,,,,,,,,,,,2017-04-27,,1.0,,post-market,,,,,,,,,,,,,1.0101,,,,,,,,,,,,
2017-06-30,HIG,,,,,,,,,,,,,,,,,,,,,,,,,,,,,,,,,,,,,,0.1,,,0.94,,,,,,,,,,,,,,,,,,,,,,,,,,,,,,,,,,,,,,,,,,,,,,,,,2017-07-27,,1.04,,post-market,,,,,,,,,,,,,10.6383,,,,,,,,,,,,
2017-09-30,HIG,,,,,,,,,,,,,,,,,,,,,,,,,,,,,,,,,,,,,,0.03,,,0.57,,,,,,,,,,,,,,,,,,,,,,,,,,,,,,,,,,,,,,,,,,,,,,,,,2017-10-23,,0.6,,pre-market,,,,,,,,,,,,,5.2632,,,,,,,,,,,,
2017-12-31,HIG,,,,,,,,,,,,,,,,,,,,,,,,,,,,,,,,,,,,,,0.05,,,0.76,,,,,,,,,,,,,,,,,,,,,,,,,,,,,,,,,,,,,,,,,,,,,,,,,2018-02-08,,0.81,,post-market,,,,,,,,,,,,,6.5789,,,,,,,,,,,,
2018-03-31,HIG,,,,,,,,,,,,,,,,,,,,,,,,,,,,,,,,,,,,,,0.19,,,1.08,,,,,,,,,,,,,,,,,,,,,,,,,,,,,,,,,,,,,,,,,,,,,,,,,2018-04-26,,1.27,,post-market,,,,,,,,,,,,,17.5926,,,,,,,,,,,,
2018-06-30,HIG,,,,,,,,,,,,,,,,,,,,,,,,,,,,,,,,,,,,,,0.1,,,1.03,,,,,,,,,,,,,,,,,,,,,,,,,,,,,,,,,,,,,,,,,,,,,,,,,2018-07-26,,1.13,,post-market,,,,,,,,,,,,,9.7087,,,,,,,,,,,,
2018-09-30,HIG,,,,,,,,,,,,,,,,,,,,,,,,,,,,,,,,,,,,,,0.09,,,1.06,,,,,,,,,,,,,,,,,,,,,,,,,,,,,,,,,,,,,,,,,,,,,,,,,2018-10-25,,1.15,,post-market,,,,,,,,,,,,,8.4906,,,,,,,,,,,,
2018-12-31,HIG,,,,,,,,,,,,,,,,,,,,,,,,,,,,,,,,,,,,,,0.21,,,0.57,,,,,,,,,,,,,,,,,,,,,,,,,,,,,,,,,,,,,,,,,,,,,,,,,2019-02-04,,0.78,,post-market,,,,,,,,,,,,,36.8421,,,,,,,,,,,,
2019-03-31,HIG,,,,,,,,,,,,,,,,,,,,,,,,,,,,,,,,,,,,,,0.15,,,1.24,,,,,,,,,,,,,,,,,,,,,,,,,,,,,,,,,,,,,,,,,,,,,,,,,2019-05-01,,1.39,,post-market,,,,,,,,,,,,,12.0968,,,,,,,,,,,,
2019-06-30,HIG,,,,,,,,,,,,,,,,,,,,,,,,,,,,,,,,,,,,,,0.19,,,1.14,,,,,,,,,,,,,,,,,,,,,,,,,,,,,,,,,,,,,,,,,,,,,,,,,2019-08-01,,1.33,,post-market,,,,,,,,,,,,,16.6667,,,,,,,,,,,,
2019-09-30,HIG,,,,,,,,,,,,,,,,,,,,,,,,,,,,,,,,,,,,,,0.26,,,1.24,,,,,,,,,,,,,,,,,,,,,,,,,,,,,,,,,,,,,,,,,,,,,,,,,2019-11-04,,1.5,,post-market,,,,,,,,,,,,,20.9677,,,,,,,,,,,,
2019-12-31,HIG,,,,,,,,,,,,,,,,,,,,,,,,,,,,,,,,,,,,,,0.11,,,1.32,,,,,,,,,,,,,,,,,,,,,,,,,,,,,,,,,,,,,,,,,,,,,,,,,2020-02-03,,1.43,,post-market,,,,,,,,,,,,,8.3333,,,,,,,,,,,,
2020-03-31,HIG,,,,,,,,,,,,,,,,,,,,,,,,,,,,,,,,,,,,,,-0.01,,,1.35,,,,,,,,,,,,,,,,,,,,,,,,,,,,,,,,,,,,,,,,,,,,,,,,,2020-04-29,,1.34,,post-market,,,,,,,,,,,,,-0.7407,,,,,,,,,,,,
2020-06-30,HIG,,,,,,,,,,,,,,,,,,,,,,,,,,,,,,,,,,,,,,0.0,,,1.22,,,,,,,,,,,,,,,,,,,,,,,,,,,,,,,,,,,,,,,,,,,,,,,,,2020-07-30,,1.22,,post-market,,,,,,,,,,,,,0.0,,,,,,,,,,,,
2020-09-30,HIG,,,,,,,,,,,,,,,,,,,,,,,,,,,,,,,,,,,,,,0.56,,,0.9,,,,,,,,,,,,,,,,,,,,,,,,,,,,,,,,,,,,,,,,,,,,,,,,,2020-10-29,,1.46,,post-market,,,,,,,,,,,,,62.2222,,,,,,,,,,,,
2020-12-31,HIG,,,,,,,,,,,,,,,,,,,,,,,,,,,,,,,,,,,,,,0.43,,,1.33,,,,,,,,,,,,,,,,,,,,,,,,,,,,,,,,,,,,,,,,,,,,,,,,,2021-02-04,,1.76,,post-market,,,,,,,,,,,,,32.3308,,,,,,,,,,,,
2021-03-31,HIG,,,,,,,,,,,,,,,,,,,,,,,,,,,,,,,,,,,,,,-0.06,,,0.62,,,,,,,,,,,,,,,,,,,,,,,,,,,,,,,,,,,,,,,,,,,,,,,,,2021-04-22,,0.56,,pre-market,,,,,,,,,,,,,-9.6774,,,,,,,,,,,,
2021-06-30,HIG,,,,,,,,,,,,,,,,,,,,,,,,,,,,,,,,,,,,,,0.99,,,1.34,,,,,,,,,,,,,,,,,,,,,,,,,,,,,,,,,,,,,,,,,,,,,,,,,2021-07-28,,2.33,,post-market,,,,,,,,,,,,,73.8806,,,,,,,,,,,,
2021-09-30,HIG,,,,,,,,,,,,,,,,,,,,,,,,,,,,,,,,,,,,,,0.4,,,0.86,,,,,,,,,,,,,,,,,,,,,,,,,,,,,,,,,,,,,,,,,,,,,,,,,2021-10-28,,1.26,,post-market,,,,,,,,,,,,,46.5116,,,,,,,,,,,,
2021-12-31,HIG,,,,,,,,,,,,,,,,,,,,,,,,,,,,,,,,,,,,,,0.5,,,1.52,,,,,,,,,,,,,,,,,,,,,,,,,,,,,,,,,,,,,,,,,,,,,,,,,2022-02-03,,2.02,,post-market,,,,,,,,,,,,,32.8947,,,,,,,,,,,,
2022-03-31,HIG,,,,,,,,,,,,,,,,,,,,,,,,,,,,,,,,,,,,,,0.12,,,1.54,,,,,,,,,,,,,,,,,,,,,,,,,,,,,,,,,,,,,,,,,,,,,,,,,2022-04-28,,1.66,,post-market,,,,,,,,,,,,,7.7922,,,,,,,,,,,,
2022-06-30,HIG,,,,,,,,,,,,,,,,,,,,,,,,,,,,,,,,,,,,,,0.63,,,1.52,,,,,,,,,,,,,,,,,,,,,,,,,,,,,,,,,,,,,,,,,,,,,,,,,2022-07-28,,2.15,,post-market,,,,,,,,,,,,,41.4474,,,,,,,,,,,,
2022-09-30,HIG,,,,,,,,,,,,,,,,,,,,,,,,,,,,,,,,,,,,,,0.2,,,1.24,,,,,,,,,,,,,,,,,,,,,,,,,,,,,,,,,,,,,,,,,,,,,,,,,2022-10-27,,1.44,,post-market,,,,,,,,,,,,,16.129,,,,,,,,,,,,
2022-12-31,HIG,,,,,,,,,,,,,,,,,,,,,,,,,,,,,,,,,,,,,,0.44,,,1.87,,,,,,,,,,,,,,,,,,,,,,,,,,,,,,,,,,,,,,,,,,,,,,,,,2023-02-02,,2.31,,post-market,,,,,,,,,,,,,23.5294,,,,,,,,,,,,
2023-03-31,HIG,,,,,,,,,,,,,,,,,,,,,,,,,,,,,,,,,,,,,,-0.04,,,1.72,,,,,,,,,,,,,,,,,,,,,,,,,,,,,,,,,,,,,,,,,,,,,,,,,2023-04-27,,1.68,,post-market,,,,,,,,,,,,,-2.3256,,,,,,,,,,,,
2023-06-30,HIG,,,,,,,,,,,,,,,,,,,,,,,,,,,,,,,,,,,,,,0.03,,,1.85,,,,,,,,,,,,,,,,,,,,,,,,,,,,,,,,,,,,,,,,,,,,,,,,,2023-07-27,,1.88,,post-market,,,,,,,,,,,,,1.6216,,,,,,,,,,,,
2023-09-30,HIG,,,,,,,,,,,,,,,,,,,,,,,,,,,,,,,,,,,,,,0.31,,,1.98,,,,,,,,,,,,,,,,,,,,,,,,,,,,,,,,,,,,,,,,,,,,,,,,,2023-10-26,,2.29,,post-market,,,,,,,,,,,,,15.6566,,,,,,,,,,,,
2023-12-31,HIG,,,,,,,,,,,,,,,,,,,,,,,,,,,,,,,,,,,,,,0.62,,,2.44,,,,,,,,,,,,,,,,,,,,,,,,,,,,,,,,,,,,,,,,,,,,,,,,,2024-02-01,,3.06,,post-market,,,,,,,,,,,,,25.4098,,,,,,,,,,,,
2024-03-31,HIG,,,,,,,,,,,,,,,,,,,,,,,,,,,,,,,,,,,,,,-0.11,,,2.45,,,,,,,,,,,,,,,,,,,,,,,,,,,,,,,,,,,,,,,,,,,,,,,,,2024-04-25,,2.34,,post-market,,,,,,,,,,,,,-4.4898,,,,,,,,,,,,
2024-06-30,HIG,,,,,,,,,,,,,,,,,,,,,,,,,,,,,,,,,,,,,,0.26,,,2.24,,,,,,,,,,,,,,,,,,,,,,,,,,,,,,,,,,,,,,,,,,,,,,,,,2024-07-25,,2.5,,post-market,,,,,,,,,,,,,11.6071,,,,,,,,,,,,
2024-09-30,HIG,,,,,,,,,,,,,,,,,,,,,,,,,,,,,,,,,,,,,,0.0,,,2.53,,,,,,,,,,,,,,,,,,,,,,,,,,,,,,,,,,,,,,,,,,,,,,,,,2024-10-24,,2.53,,post-market,,,,,,,,,,,,,0.0,,,,,,,,,,,,
2024-12-31,HIG,,,,,,,,,,,,,,,,,,,,,,,,,,,,,,,,,,,,,,0.3,,,2.64,,,,,,,,,,,,,,,,,,,,,,,,,,,,,,,,,,,,,,,,,,,,,,,,,2025-01-30,,2.94,,post-market,,,,,,,,,,,,,11.3636,,,,,,,,,,,,
2025-03-31,HIG,,,,,,,,,,,,,,,,,,,,,,,,,,,,,,,,,,,,,,0.05,,,2.15,,,,,,,,,,,,,,,,,,,,,,,,,,,,,,,,,,,,,,,,,,,,,,,,,2025-04-24,,2.2,,post-market,,,,,,,,,,,,,2.3256,,,,,,,,,,,,
2025-06-30,HIG,,,,,,,,,,,,,,,,,,,,,,,,,,,,,,,,,,,,,,0.58,,,2.83,,,,,,,,,,,,,,,,,,,,,,,,,,,,,,,,,,,,,,,,,,,,,,,,,2025-07-28,,3.41,,post-market,,,,,,,,,,,,,20.4947,,,,,,,,,,,,
2025-09-30,HIG,,,,,,,,,,,,,,,,,,,,,,,,,,,,,,,,,,,,,,0.74,,,3.04,,,,,,,,,,,,,,,,,,,,,,,,,,,,,,,,,,,,,,,,,,,,,,,,,2025-10-23,,3.78,,post-market,,,,,,,,,,,,,24.3421,,,,,,,,,,,,
2025-12-28,HIG,12.22,27917001000.0,11.35,,0.629,64.78,,,,,,,,,,,,,,,,,,,,,,,,,,2.08,0.0149,,,,0.473,0.74,,,3.04,,10.25,,10171000000.0,,,,,,,,,,,,,,,,,,,0.189,,,,,,,,,,,,,1.41,2.151,1.385,,,,,,,,0.128,,,2025-10-23,,3.78,,post-market,,,0.0348,0.201,0.07,97.91,,,,,127.44,131.46,24.3421,,,,,,,,,11.35,,140.5,103.19
2025-12-28,HIG,12.22,27917001000.0,11.35,,0.629,64.78,,,,,,,,,,,,,,,None,5846000000,5846000000,,,,,,None,75000000,,2.08,0.0149,,,,0.473,0.74,1368000000,1443000000,3.04,2025-09-30,10.25,,10171000000.0,1301000000,1318000000,238000000,,,None,50000000,30000000,,None,,,,,1080000000,1080000000,-50000000,None,0.189,,-17000000,1318000000,,,,,None,,,,,1.41,2.151,1.385,,,,,,,,0.128,,,2025-10-23,quarterly,3.78,USD,post-market,None,,0.0348,0.201,0.07,97.91,None,,,,127.44,131.46,24.3421,,,,,,,7147000000,,11.35,,140.5,103.19
2025-12-28,HIG,12.22,27917001000.0,11.35,,0.629,64.78,,,,,,,,,,,,,,,None,5691000000,5691000000,,,,,,None,94000000,,2.08,0.0149,,,,0.473,0.74,1246000000,1340000000,3.04,2025-06-30,10.25,,10171000000.0,1296000000,1246000000,251000000,,,None,50000000,19000000,,None,,,,,995000000,995000000,-50000000,None,0.189,,50000000,1246000000,,,,,None,,,,,1.41,2.151,1.385,,,,,,,,0.128,,,2025-10-23,quarterly,3.78,USD,post-market,None,,0.0348,0.201,0.07,97.91,None,,,,127.44,131.46,24.3421,,,,,,,6987000000,,11.35,,140.5,103.19
2025-12-28,HIG,12.22,27917001000.0,11.35,,0.629,64.78,,,,,,,,,,,,,,,None,5959000000,5959000000,,,,,,None,92000000,,2.08,0.0149,,,,0.473,0.74,783000000,875000000,3.04,2025-03-31,10.25,,10171000000.0,812000000,783000000,153000000,,,None,50000000,61000000,,None,,,,,630000000,630000000,-50000000,None,0.189,,29000000,783000000,,,,,None,,,,,1.41,2.151,1.385,,,,,,,,0.128,,,2025-10-23,quarterly,3.78,USD,post-market,None,,0.0348,0.201,0.07,97.91,None,,,,127.44,131.46,24.3421,,,,,,,6771000000,,11.35,,140.5,103.19
2025-12-28,HIG,12.22,27917001000.0,11.35,,0.629,64.78,,,,,,,,,,,,,,,None,5737000000,5737000000,,,,,,None,84000000,,2.08,0.0149,,,,0.473,0.74,1074000000,1158000000,3.04,2024-12-31,10.25,,10171000000.0,1063000000,1074000000,221000000,,,None,50000000,56000000,,None,,,,,853000000,853000000,-50000000,None,0.189,,-11000000,1074000000,,,,,None,,,,,1.41,2.151,1.385,,,,,,,,0.128,,,2025-10-23,quarterly,3.78,USD,post-market,None,,0.0348,0.201,0.07,97.91,None,,,,127.44,131.46,24.3421,,,,,,,6800000000,,11.35,,140.5,103.19
2025-12-28,HIG,12.22,27917001000.0,11.35,,0.629,64.78,,,,,,,,,,,,,,,None,5731000000,5731000000,,,,,,None,85000000,,2.08,0.0149,,,,0.473,0.74,952000000,1037000000,3.04,2024-09-30,10.25,,10171000000.0,983000000,952000000,185000000,,,None,49000000,23000000,,None,,,,,767000000,767000000,-49000000,None,0.189,,31000000,952000000,,,,,None,,,,,1.41,2.151,1.385,,,,,,,,0.128,,,2025-10-23,quarterly,3.78,USD,post-market,None,,0.0348,0.201,0.07,97.91,None,,,,127.44,131.46,24.3421,,,,,,,6714000000,,11.35,,140.5,103.19
2025-12-28,HIG,12.22,27917001000.0,11.35,,0.629,64.78,,,,,,,,,,,,,,,None,5507000000,5507000000,,,,,,None,60000000,,2.08,0.0149,,,,0.473,0.74,912000000,972000000,3.04,2024-06-30,10.25,,10171000000.0,963000000,912000000,174000000,,,None,50000000,None,,None,,,,,738000000,738000000,-50000000,None,0.189,,51000000,912000000,,,,,None,,,,,1.41,2.151,1.385,,,,,,,,0.128,,,2025-10-23,quarterly,3.78,USD,post-market,None,,0.0348,0.201,0.07,97.91,None,,,,127.44,131.46,24.3421,,,,,,,6470000000,,11.35,,140.5,103.19
2025-12-28,HIG,12.22,27917001000.0,11.35,,0.629,64.78,,,,,,,,,,,,,,,None,5439000000,5439000000,,,,,,None,127000000,,2.08,0.0149,,,,0.473,0.74,911000000,1038000000,3.04,2024-03-31,10.25,,10171000000.0,961000000,911000000,158000000,,,None,50000000,None,,None,,,,,753000000,753000000,-50000000,None,0.189,,50000000,911000000,,,,,None,,,,,1.41,2.151,1.385,,,,,,,,0.128,,,2025-10-23,quarterly,3.78,USD,post-market,None,,0.0348,0.201,0.07,97.91,None,,,,127.44,131.46,24.3421,,,,,,,6400000000,,11.35,,140.5,103.19
2025-12-28,HIG,12.22,27917001000.0,11.35,,0.629,64.78,,,,,,,,,,,,,,,None,5381000000,5381000000,,,,,,None,124000000,,2.08,0.0149,,,,0.473,0.74,950000000,1074000000,3.04,2023-12-31,10.25,,10171000000.0,942000000,950000000,179000000,,,None,49000000,None,,None,,,,,771000000,771000000,-49000000,None,0.189,,-8000000,950000000,,,,,None,,,,,1.41,2.151,1.385,,,,,,,,0.128,,,2025-10-23,quarterly,3.78,USD,post-market,None,,0.0348,0.201,0.07,97.91,None,,,,127.44,131.46,24.3421,,,,,,,6323000000,,11.35,,140.5,103.19
2025-12-28,HIG,12.22,27917001000.0,11.35,,0.629,64.78,,,,,,,,,,,,,,,None,5286000000,5286000000,,,,,,None,128000000,,2.08,0.0149,,,,0.473,0.74,813000000,941000000,3.04,2023-09-30,10.25,,10171000000.0,815000000,813000000,162000000,,,None,50000000,50000000,,None,,,,,651000000,651000000,-50000000,None,0.189,,2000000,813000000,,,,,None,,,,,1.41,2.151,1.385,,,,,,,,0.128,,,2025-10-23,quarterly,3.78,USD,post-market,None,,0.0348,0.201,0.07,97.91,None,,,,127.44,131.46,24.3421,,,,,,,6101000000,,11.35,,140.5,103.19
2025-12-28,HIG,12.22,27917001000.0,11.35,,0.629,64.78,,,,,,,,,,,,,,,None,5307000000,5307000000,,,,,,None,129000000,,2.08,0.0149,,,,0.473,0.74,672000000,801000000,3.04,2023-06-30,10.25,,10171000000.0,715000000,672000000,125000000,,,None,50000000,50000000,,None,,,,,547000000,547000000,-50000000,None,0.189,,43000000,672000000,,,,,None,,,,,1.41,2.151,1.385,,,,,,,,0.128,,,2025-10-23,quarterly,3.78,USD,post-market,None,,0.0348,0.201,0.07,97.91,None,,,,127.44,131.46,24.3421,,,,,,,6022000000,,11.35,,140.5,103.19
2025-12-28,HIG,12.22,27917001000.0,11.35,,0.629,64.78,,,,,,,,,,,,,,,None,5189000000,5189000000,,,,,,None,129000000,,2.08,0.0149,,,,0.473,0.74,653000000,782000000,3.04,2023-03-31,10.25,,10171000000.0,695000000,653000000,118000000,,,None,50000000,50000000,,None,,,,,535000000,535000000,-50000000,None,0.189,,42000000,653000000,,,,,None,,,,,1.41,2.151,1.385,,,,,,,,0.128,,,2025-10-23,quarterly,3.78,USD,post-market,None,,0.0348,0.201,0.07,97.91,None,,,,127.44,131.46,24.3421,,,,,,,5884000000,,11.35,,140.5,103.19
2025-12-28,HIG,12.22,27917001000.0,11.35,,0.629,64.78,,,,,,,,,,,,,,,None,3468000000,3468000000,,,,,,None,493000000,,2.08,0.0149,,,,0.473,0.74,782000000,800000000,3.04,2022-12-31,10.25,,10171000000.0,2548000000,732000000,143000000,,,None,50000000,50000000,,None,,,,,589000000,589000000,-50000000,None,0.189,,5284000000,782000000,,,,,None,,,,,1.41,2.151,1.385,,,,,,,,0.128,,,2025-10-23,quarterly,3.78,USD,post-market,None,,0.0348,0.201,0.07,97.91,1198000000,,,,127.44,131.46,24.3421,,,,,,,6016000000,,11.35,,140.5,103.19
2025-12-28,HIG,12.22,27917001000.0,11.35,,0.629,64.78,,,,,,,,,,,,,,,None,3480000000,3480000000,,,,,,None,485000000,,2.08,0.0149,,,,0.473,0.74,475000000,960000000,3.04,2022-09-30,10.25,,10171000000.0,2100000000,431000000,92000000,,,None,50000000,50000000,,None,,,,,339000000,339000000,-50000000,None,0.189,,5149000000,431000000,,,,,None,,,,,1.41,2.151,1.385,,,,,,,,0.128,,,2025-10-23,quarterly,3.78,USD,post-market,None,,0.0348,0.201,0.07,97.91,1203000000,,,,127.44,131.46,24.3421,,,,,,,5580000000,,11.35,,140.5,103.19
2025-12-28,HIG,12.22,27917001000.0,11.35,,0.629,64.78,,,,,,,,,,,,,,,None,3076000000,3076000000,,,,,,None,470000000,,2.08,0.0149,,,,0.473,0.74,598000000,930000000,3.04,2022-06-30,10.25,,10171000000.0,2297000000,552000000,110000000,,,None,51000000,51000000,,None,,,,,442000000,442000000,-51000000,None,0.189,,4821000000,552000000,,,,,None,,,,,1.41,2.151,1.385,,,,,,,,0.128,,,2025-10-23,quarterly,3.78,USD,post-market,None,,0.0348,0.201,0.07,97.91,1222000000,,,,127.44,131.46,24.3421,,,,,,,5373000000,,11.35,,140.5,103.19
2025-12-28,HIG,12.22,27917001000.0,11.35,,0.629,64.78,,,,,,,,,,,,,,,None,3118000000,3118000000,,,,,,None,458000000,,2.08,0.0149,,,,0.473,0.74,600000000,1040000000,3.04,2022-03-31,10.25,,10171000000.0,2275000000,543000000,98000000,,,None,62000000,62000000,,None,,,,,445000000,445000000,-62000000,None,0.189,,4850000000,543000000,,,,,None,,,,,1.41,2.151,1.385,,,,,,,,0.128,,,2025-10-23,quarterly,3.78,USD,post-market,None,,0.0348,0.201,0.07,97.91,1207000000,,,,127.44,131.46,24.3421,,,,,,,5393000000,,11.35,,140.5,103.19
2025-12-28,HIG,12.22,27917001000.0,11.35,,0.629,64.78,,,,,,,,,,,,,,,None,3173000000,3173000000,,,,,,None,446000000,,2.08,0.0149,,,,0.473,0.74,962000000,1127000000,3.04,2021-12-31,10.25,,10171000000.0,2643000000,900000000,171000000,,,None,62000000,62000000,,None,,,,,729000000,729000000,-62000000,None,0.189,,4916000000,900000000,,,,,None,,,,,1.41,2.151,1.385,,,,,,,,0.128,,,2025-10-23,quarterly,3.78,USD,post-market,None,,0.0348,0.201,0.07,97.91,1233000000,,,,127.44,131.46,24.3421,,,,,,,5816000000,,11.35,,140.5,103.19
2025-12-28,HIG,12.22,27917001000.0,11.35,,0.629,64.78,,,,,,,,,,,,,,,None,3420000000,3420000000,,,,,,None,437000000,,2.08,0.0149,,,,0.473,0.74,641000000,809000000,3.04,2021-09-30,10.25,,10171000000.0,2266000000,583000000,101000000,,,None,58000000,58000000,,None,,,,,482000000,482000000,-58000000,None,0.189,,5103000000,583000000,,,,,None,,,,,1.41,2.151,1.385,,,,,,,,0.128,,,2025-10-23,quarterly,3.78,USD,post-market,None,,0.0348,0.201,0.07,97.91,1200000000,,,,127.44,131.46,24.3421,,,,,,,5686000000,,11.35,,140.5,103.19
2025-12-28,HIG,12.22,27917001000.0,11.35,,0.629,64.78,,,,,,,,,,,,,,,None,2786000000,2786000000,,,,,,None,434000000,,2.08,0.0149,,,,0.473,0.74,1167000000,1340000000,3.04,2021-06-30,10.25,,10171000000.0,2803000000,1110000000,205000000,,,None,57000000,57000000,,None,,,,,905000000,905000000,-57000000,None,0.189,,4479000000,1110000000,,,,,None,,,,,1.41,2.151,1.385,,,,,,,,0.128,,,2025-10-23,quarterly,3.78,USD,post-market,None,,0.0348,0.201,0.07,97.91,1202000000,,,,127.44,131.46,24.3421,,,,,,,5589000000,,11.35,,140.5,103.19
2025-12-28,HIG,12.22,27917001000.0,11.35,,0.629,64.78,,,,,,,,,,,,,,,None,3350000000,3350000000,,,,,,None,434000000,,2.08,0.0149,,,,0.473,0.74,360000000,534000000,3.04,2021-03-31,10.25,,10171000000.0,1949000000,303000000,54000000,,,None,57000000,57000000,,None,,,,,249000000,249000000,-57000000,None,0.189,,4996000000,303000000,,,,,None,,,,,1.41,2.151,1.385,,,,,,,,0.128,,,2025-10-23,quarterly,3.78,USD,post-market,None,,0.0348,0.201,0.07,97.91,1144000000,,,,127.44,131.46,24.3421,,,,,,,5299000000,,11.35,,140.5,103.19
2025-12-28,HIG,12.22,27917001000.0,11.35,,0.629,64.78,,,,,,,,,,,,,,,None,4585000000,4585000000,,,,,,None,151000000,,2.08,0.0149,,,,0.473,0.74,652000000,803000000,3.04,2020-12-31,10.25,,10171000000.0,540000000,652000000,115000000,,,None,57000000,57000000,,None,,,,,537000000,1000000,-57000000,None,0.189,,-112000000,652000000,,,,,None,,,,,1.41,2.151,1.385,,,,,,,,0.128,,,2025-10-23,quarterly,3.78,USD,post-market,None,,0.0348,0.201,0.07,97.91,None,,,,127.44,131.46,24.3421,,,,,,,5125000000,,11.35,,140.5,103.19
2025-12-28,HIG,12.22,27917001000.0,11.35,,0.629,64.78,,,,,,,,,,,,,,,None,4476000000,4476000000,,,,,,None,142000000,,2.08,0.0149,,,,0.473,0.74,532000000,674000000,3.04,2020-09-30,10.25,,10171000000.0,695000000,532000000,73000000,,,None,58000000,58000000,,None,,,,,459000000,605000000,-58000000,None,0.189,,163000000,532000000,,,,,None,,,,,1.41,2.151,1.385,,,,,,,,0.128,,,2025-10-23,quarterly,3.78,USD,post-market,None,,0.0348,0.201,0.07,97.91,None,,,,127.44,131.46,24.3421,,,,,,,5171000000,,11.35,,140.5,103.19
2025-12-28,HIG,12.22,27917001000.0,11.35,,0.629,64.78,,,,,,,,,,,,,,,None,4401000000,4401000000,,,,,,None,135000000,,2.08,0.0149,,,,0.473,0.74,592000000,727000000,3.04,2020-06-30,10.25,,10171000000.0,760000000,592000000,124000000,,,None,57000000,57000000,,None,,,,,468000000,716000000,-57000000,None,0.189,,168000000,592000000,,,,,None,,,,,1.41,2.151,1.385,,,,,,,,0.128,,,2025-10-23,quarterly,3.78,USD,post-market,None,,0.0348,0.201,0.07,97.91,None,,,,127.44,131.46,24.3421,,,,,,,5161000000,,11.35,,140.5,103.19
2025-12-28,HIG,12.22,27917001000.0,11.35,,0.629,64.78,,,,,,,,,,,,,,,None,4529000000,4529000000,,,,,,None,134000000,,2.08,0.0149,,,,0.473,0.74,344000000,478000000,3.04,2020-03-31,10.25,,10171000000.0,427000000,344000000,71000000,,,None,64000000,64000000,,None,,,,,273000000,415000000,-64000000,None,0.189,,83000000,344000000,,,,,None,,,,,1.41,2.151,1.385,,,,,,,,0.128,,,2025-10-23,quarterly,3.78,USD,post-market,None,,0.0348,0.201,0.07,97.91,None,,,,127.44,131.46,24.3421,,,,,,,4956000000,,11.35,,140.5,103.19
2025-12-28,HIG,12.22,27917001000.0,11.35,,0.629,64.78,,,,,,,,,,,,,,,None,4601000000,4601000000,,,,,,None,118000000,,2.08,0.0149,,,,0.473,0.74,741000000,859000000,3.04,2019-12-31,10.25,,10171000000.0,760000000,676000000,128000000,,,None,65000000,65000000,,None,,,,,548000000,548000000,-65000000,None,0.189,,84000000,676000000,,,,,None,,,,,1.41,2.151,1.385,,,,,,,,0.128,,,2025-10-23,quarterly,3.78,USD,post-market,None,,0.0348,0.201,0.07,97.91,1132000000,,,,127.44,131.46,24.3421,,,,,,,5361000000,,11.35,,140.5,103.19
2025-12-28,HIG,12.22,27917001000.0,11.35,,0.629,64.78,,,,,,,,,,,,,,,None,4518000000,4518000000,,,,,,None,112000000,,2.08,0.0149,,,,0.473,0.74,720000000,832000000,3.04,2019-09-30,10.25,,10171000000.0,829000000,653000000,118000000,,,None,67000000,67000000,,None,,,,,535000000,535000000,-67000000,None,0.189,,176000000,653000000,,,,,None,,,,,1.41,2.151,1.385,,,,,,,,0.128,,,2025-10-23,quarterly,3.78,USD,post-market,None,,0.0348,0.201,0.07,97.91,1167000000,,,,127.44,131.46,24.3421,,,,,,,5347000000,,11.35,,140.5,103.19
2025-12-28,HIG,12.22,27917001000.0,11.35,,0.629,64.78,,,,,,,,,,,,,,,None,4558000000,4558000000,,,,,,None,113000000,,2.08,0.0149,,,,0.473,0.74,519000000,632000000,3.04,2019-06-30,10.25,,10171000000.0,534000000,456000000,84000000,,,None,63000000,63000000,,None,,,,,372000000,372000000,-63000000,None,0.189,,78000000,456000000,,,,,None,,,,,1.41,2.151,1.385,,,,,,,,0.128,,,2025-10-23,quarterly,3.78,USD,post-market,None,,0.0348,0.201,0.07,97.91,1141000000,,,,127.44,131.46,24.3421,,,,,,,5092000000,,11.35,,140.5,103.19
2025-12-28,HIG,12.22,27917001000.0,11.35,,0.629,64.78,,,,,,,,,,,,,,,None,4088000000,4088000000,,,,,,None,108000000,,2.08,0.0149,,,,0.473,0.74,839000000,947000000,3.04,2019-03-31,10.25,,10171000000.0,852000000,775000000,145000000,,,None,64000000,64000000,,None,,,,,630000000,630000000,-64000000,None,0.189,,77000000,775000000,,,,,None,,,,,1.41,2.151,1.385,,,,,,,,0.128,,,2025-10-23,quarterly,3.78,USD,post-market,None,,0.0348,0.201,0.07,97.91,1038000000,,,,127.44,131.46,24.3421,,,,,,,4940000000,,11.35,,140.5,103.19
2025-12-28,HIG,12.22,27917001000.0,11.35,,0.629,64.78,,,,,,,,,,,,,,,None,4382000000,4382000000,,,,,,None,108000000,,2.08,0.0149,,,,0.473,0.74,237000000,345000000,3.04,2018-12-31,10.25,,10171000000.0,251000000,167000000,-29000000,,,None,70000000,None,,None,,,,,196000000,196000000,None,None,0.189,,84000000,167000000,,,,,None,,,,,1.41,2.151,1.385,,,,,,,,0.128,,,2025-10-23,quarterly,3.78,USD,post-market,0,,0.0348,0.201,0.07,97.91,1074000000,,,,127.44,131.46,24.3421,,,,,,,4633000000,,11.35,,140.5,103.19
2025-12-28,HIG,12.22,27917001000.0,11.35,,0.629,64.78,,,,,,,,,,,,,,,None,4225000000,4225000000,,,,,,None,122000000,,2.08,0.0149,,,,0.473,0.74,599000000,721000000,3.04,2018-09-30,10.25,,10171000000.0,617000000,530000000,103000000,,,None,69000000,None,,None,,,,,432000000,427000000,None,None,0.189,,87000000,530000000,,,,,None,,,,,1.41,2.151,1.385,,,,,,,,0.128,,,2025-10-23,quarterly,3.78,USD,post-market,0,,0.0348,0.201,0.07,97.91,1079000000,,,,127.44,131.46,24.3421,,,,,,,4842000000,,11.35,,140.5,103.19
2025-12-28,HIG,12.22,27917001000.0,11.35,,0.629,64.78,,,,,,,,,,,,,,,None,4149000000,4149000000,,,,,,None,121000000,,2.08,0.0149,,,,0.473,0.74,616000000,737000000,3.04,2018-06-30,10.25,,10171000000.0,640000000,537000000,103000000,,,None,79000000,None,,None,,,,,582000000,434000000,None,None,0.189,,103000000,537000000,,,,,None,,,,,1.41,2.151,1.385,,,,,,,,0.128,,,2025-10-23,quarterly,3.78,USD,post-market,0,,0.0348,0.201,0.07,97.91,1056000000,,,,127.44,131.46,24.3421,,,,,,,4789000000,,11.35,,140.5,103.19
2025-12-28,HIG,12.22,27917001000.0,11.35,,0.629,64.78,,,,,,,,,,,,,,,None,4074000000,4074000000,,,,,,None,116000000,,2.08,0.0149,,,,0.473,0.74,599000000,715000000,3.04,2018-03-31,10.25,,10171000000.0,617000000,519000000,91000000,,,None,80000000,None,,None,,,,,597000000,428000000,None,None,0.189,,98000000,519000000,,,,,None,,,,,1.41,2.151,1.385,,,,,,,,0.128,,,2025-10-23,quarterly,3.78,USD,post-market,0,,0.0348,0.201,0.07,97.91,1025000000,,,,127.44,131.46,24.3421,,,,,,,4691000000,,11.35,,140.5,103.19
2025-12-28,HIG,12.22,27917001000.0,11.35,,0.629,64.78,,,,,,,,,,,,,,,None,2663000000,2663000000,,,,,,None,99000000,,2.08,0.0149,,,,0.473,0.74,189000000,288000000,3.04,2017-12-31,10.25,,10171000000.0,203000000,119000000,953000000,,,None,70000000,None,,None,,,,,-3703000000,-878000000,None,None,0.189,,84000000,119000000,,,,,None,,,,,1.41,2.151,1.385,,,,,,,,0.128,,,2025-10-23,quarterly,3.78,USD,post-market,0,,0.0348,0.201,0.07,97.91,4358000000,,,,127.44,131.46,24.3421,,,,,,,2866000000,,11.35,,140.5,103.19
2025-12-28,HIG,12.22,27917001000.0,11.35,,0.629,64.78,,,,,,,,,,,,,,,None,3931000000,3931000000,,,,,,None,109000000,,2.08,0.0149,,,,0.473,0.74,260000000,369000000,3.04,2017-09-30,10.25,,10171000000.0,261000000,181000000,36000000,,,None,79000000,None,,None,,,,,234000000,278000000,None,None,0.189,,80000000,181000000,,,,,None,,,,,1.41,2.151,1.385,,,,,,,,0.128,,,2025-10-23,quarterly,3.78,USD,post-market,0,,0.0348,0.201,0.07,97.91,0,,,,127.44,131.46,24.3421,,,,,,,4192000000,,11.35,,140.5,103.19
2025-12-28,HIG,12.22,27917001000.0,11.35,,0.629,64.78,,,,,,,,,,,,,,,None,4415000000,4415000000,,,,,,None,95000000,,2.08,0.0149,,,,0.473,0.74,-202000000,-107000000,3.04,2017-06-30,10.25,,10171000000.0,-201000000,-281000000,-129000000,,,None,79000000,None,,None,,,,,-40000000,-40000000,None,None,0.189,,80000000,-281000000,,,,,None,,,,,1.41,2.151,1.385,,,,,,,,0.128,,,2025-10-23,quarterly,3.78,USD,post-market,0,,0.0348,0.201,0.07,97.91,0,,,,127.44,131.46,24.3421,,,,,,,4214000000,,11.35,,140.5,103.19
2025-12-28,HIG,12.22,27917001000.0,11.35,,0.629,64.78,,,,,,,,,,,,,,,None,3687000000,3687000000,,,,,,None,96000000,,2.08,0.0149,,,,0.473,0.74,481000000,577000000,3.04,2017-03-31,10.25,,10171000000.0,482000000,401000000,98000000,,,None,80000000,None,,None,,,,,378000000,378000000,None,None,0.189,,81000000,401000000,,,,,None,,,,,1.41,2.151,1.385,,,,,,,,0.128,,,2025-10-23,quarterly,3.78,USD,post-market,0,,0.0348,0.201,0.07,97.91,0,,,,127.44,131.46,24.3421,,,,,,,4169000000,,11.35,,140.5,103.19
2025-12-28,HIG,12.22,27917001000.0,11.35,,0.629,64.78,,,,,,,,,,,,,,,None,4730000000,4730000000,,,,,,None,102000000,,2.08,0.0149,,,,0.473,0.74,-193000000,-91000000,3.04,2016-12-31,10.25,,10171000000.0,-193000000,-275000000,-194000000,,,None,82000000,None,,None,,,,,-81000000,-105000000,None,None,0.189,,82000000,-275000000,,,,,-650000000,,,,,1.41,2.151,1.385,,,,,,,,0.128,,,2025-10-23,quarterly,3.78,USD,post-market,0,,0.0348,0.201,0.07,97.91,3339000000,,,,127.44,131.46,24.3421,,,,,,,4537000000,,11.35,,140.5,103.19
2025-12-28,HIG,12.22,27917001000.0,11.35,,0.629,64.78,,,,,,,,,,,,,,,None,4101000000,4101000000,,,,,,None,112000000,,2.08,0.0149,,,,0.473,0.74,614000000,726000000,3.04,2016-09-30,10.25,,10171000000.0,614000000,528000000,90000000,,,None,86000000,None,,None,,,,,438000000,438000000,None,None,0.189,,86000000,528000000,,,,,None,,,,,1.41,2.151,1.385,,,,,,,,0.128,,,2025-10-23,quarterly,3.78,USD,post-market,0,,0.0348,0.201,0.07,97.91,0,,,,127.44,131.46,24.3421,,,,,,,4715000000,,11.35,,140.5,103.19
2025-12-28,HIG,12.22,27917001000.0,11.35,,0.629,64.78,,,,,,,,,,,,,,,None,4441000000,4441000000,,,,,,None,89000000,,2.08,0.0149,,,,0.473,0.74,255000000,344000000,3.04,2016-06-30,10.25,,10171000000.0,255000000,170000000,-46000000,,,None,85000000,None,,None,,,,,216000000,124000000,None,None,0.189,,85000000,170000000,,,,,None,,,,,1.41,2.151,1.385,,,,,,,,0.128,,,2025-10-23,quarterly,3.78,USD,post-market,0,,0.0348,0.201,0.07,97.91,0,,,,127.44,131.46,24.3421,,,,,,,4696000000,,11.35,,140.5,103.19
2025-12-28,HIG,12.22,27917001000.0,11.35,,0.629,64.78,,,,,,,,,,,,,,,None,3943000000,3943000000,,,,,,None,95000000,,2.08,0.0149,,,,0.473,0.74,467000000,562000000,3.04,2016-03-31,10.25,,10171000000.0,467000000,381000000,58000000,,,None,86000000,None,,None,,,,,323000000,439000000,None,None,0.189,,86000000,381000000,,,,,None,,,,,1.41,2.151,1.385,,,,,,,,0.128,,,2025-10-23,quarterly,3.78,USD,post-market,0,,0.0348,0.201,0.07,97.91,0,,,,127.44,131.46,24.3421,,,,,,,4410000000,,11.35,,140.5,103.19
2025-12-28,HIG,12.22,27917001000.0,11.35,,0.629,64.78,,,,,,,,,,,,,,,None,3923000000,3923000000,,,,,,None,128000000,,2.08,0.0149,,,,0.473,0.74,590000000,718000000,3.04,2015-12-31,10.25,,10171000000.0,590000000,504000000,83000000,,,None,86000000,None,,None,,,,,421000000,421000000,None,None,0.189,,86000000,504000000,,,,,49000000,,,,,1.41,2.151,1.385,,,,,,,,0.128,,,2025-10-23,quarterly,3.78,USD,post-market,0,,0.0348,0.201,0.07,97.91,3439000000,,,,127.44,131.46,24.3421,,,,,,,4513000000,,11.35,,140.5,103.19
2025-12-28,HIG,12.22,27917001000.0,11.35,,0.629,64.78,,,,,,,,,,,,,,,None,4095000000,4095000000,,,,,,None,72000000,,2.08,0.0149,,,,0.473,0.74,467000000,539000000,3.04,2015-09-30,10.25,,10171000000.0,467000000,379000000,7000000,,,None,88000000,None,,None,,,,,381000000,372000000,None,None,0.189,,88000000,379000000,,,,,None,,,,,1.41,2.151,1.385,,,,,,,,0.128,,,2025-10-23,quarterly,3.78,USD,post-market,0,,0.0348,0.201,0.07,97.91,0,,,,127.44,131.46,24.3421,,,,,,,4562000000,,11.35,,140.5,103.19
2025-12-28,HIG,12.22,27917001000.0,11.35,,0.629,64.78,,,,,,,,,,,,,,,None,4105000000,4105000000,,,,,,None,72000000,,2.08,0.0149,,,,0.473,0.74,559000000,631000000,3.04,2015-06-30,10.25,,10171000000.0,580000000,470000000,57000000,,,None,89000000,None,,None,,,,,413000000,413000000,None,None,0.189,,110000000,470000000,,,,,-21000000,,,,,1.41,2.151,1.385,,,,,,,,0.128,,,2025-10-23,quarterly,3.78,USD,post-market,0,,0.0348,0.201,0.07,97.91,0,,,,127.44,131.46,24.3421,,,,,,,4685000000,,11.35,,140.5,103.19
2025-12-28,HIG,12.22,27917001000.0,11.35,,0.629,64.78,,,,,,,,,,,,,,,None,3898000000,3898000000,,,,,,None,101000000,,2.08,0.0149,,,,0.473,0.74,719000000,820000000,3.04,2015-03-31,10.25,,10171000000.0,719000000,625000000,158000000,,,None,94000000,None,,None,,,,,467000000,467000000,None,None,0.189,,94000000,625000000,,,,,None,,,,,1.41,2.151,1.385,,,,,,,,0.128,,,2025-10-23,quarterly,3.78,USD,post-market,0,,0.0348,0.201,0.07,97.91,0,,,,127.44,131.46,24.3421,,,,,,,4617000000,,11.35,,140.5,103.19
2025-12-28,HIG,12.22,27917001000.0,11.35,,0.629,64.78,,,,,,,,,,,,,,,None,4079000000,4079000000,,,,,,None,124000000,,2.08,0.0149,,,,0.473,0.74,538000000,662000000,3.04,2014-12-31,10.25,,10171000000.0,538000000,444000000,99000000,,,None,94000000,None,,None,,,,,382000000,316000000,None,None,0.189,,94000000,444000000,,,,,23000000,,,,,1.41,2.151,1.385,,,,,,,,0.128,,,2025-10-23,quarterly,3.78,USD,post-market,0,,0.0348,0.201,0.07,97.91,3962000000,,,,127.44,131.46,24.3421,,,,,,,4617000000,,11.35,,140.5,103.19
2025-12-28,HIG,12.22,27917001000.0,11.35,,0.629,64.78,,,,,,,,,,,,,,,None,4180000000,4180000000,,,,,,None,92000000,,2.08,0.0149,,,,0.473,0.74,589000000,681000000,3.04,2014-09-30,10.25,,10171000000.0,589000000,496000000,108000000,,,None,93000000,None,,None,,,,,388000000,388000000,None,None,0.189,,93000000,496000000,,,,,None,,,,,1.41,2.151,1.385,,,,,,,,0.128,,,2025-10-23,quarterly,3.78,USD,post-market,0,,0.0348,0.201,0.07,97.91,0,,,,127.44,131.46,24.3421,,,,,,,4769000000,,11.35,,140.5,103.19
2025-12-28,HIG,12.22,27917001000.0,11.35,,0.629,64.78,,,,,,,,,,,,,,,None,4372000000,4372000000,,,,,,None,244000000,,2.08,0.0149,,,,0.473,0.74,-617000000,244000000,3.04,2014-06-30,10.25,,10171000000.0,244000000,150000000,617000000,,,None,94000000,None,,None,,,,,-467000000,150000000,None,None,0.189,,94000000,150000000,,,,,None,,,,,1.41,2.151,1.385,,,,,,,,0.128,,,2025-10-23,quarterly,3.78,USD,post-market,0,,0.0348,0.201,0.07,97.91,0,,,,127.44,131.46,24.3421,,,,,,,4616000000,,11.35,,140.5,103.19
2025-12-28,HIG,12.22,27917001000.0,11.35,,0.629,64.78,,,,,,,,,,,,,,,None,3908000000,3908000000,,,,,,None,60000000,,2.08,0.0149,,,,0.473,0.74,704000000,764000000,3.04,2014-03-31,10.25,,10171000000.0,704000000,609000000,143000000,,,None,95000000,None,,None,,,,,495000000,495000000,None,None,0.189,,95000000,609000000,,,,,None,,,,,1.41,2.151,1.385,,,,,,,,0.128,,,2025-10-23,quarterly,3.78,USD,post-market,0,,0.0348,0.201,0.07,97.91,0,,,,127.44,131.46,24.3421,,,,,,,4612000000,,11.35,,140.5,103.19
2025-12-28,HIG,12.22,27917001000.0,11.35,,0.629,64.78,,,,,,,,,,,,,,,None,5614000000,5614000000,,,,,,None,49000000,,2.08,0.0149,,,,0.473,0.74,473000000,522000000,3.04,2013-12-31,10.25,,10171000000.0,473000000,377000000,61000000,,,None,96000000,None,,None,,,,,314000000,317000000,None,None,0.189,,96000000,377000000,,,,,None,,,,,1.41,2.151,1.385,,,,,,,,0.128,,,2025-10-23,quarterly,3.78,USD,post-market,0,,0.0348,0.201,0.07,97.91,0,,,,127.44,131.46,24.3421,,,,,,,6087000000,,11.35,,140.5,103.19
2025-12-28,HIG,12.22,27917001000.0,11.35,,0.629,64.78,,,,,,,,,,,,,,,None,4322000000,4322000000,,,,,,None,83000000,,2.08,0.0149,,,,0.473,0.74,540000000,623000000,3.04,2013-09-30,10.25,,10171000000.0,540000000,446000000,81000000,,,None,94000000,None,,None,,,,,293000000,298000000,None,None,0.189,,94000000,446000000,,,,,None,,,,,1.41,2.151,1.385,,,,,,,,0.128,,,2025-10-23,quarterly,3.78,USD,post-market,0,,0.0348,0.201,0.07,97.91,0,,,,127.44,131.46,24.3421,,,,,,,4862000000,,11.35,,140.5,103.19
2025-12-28,HIG,12.22,27917001000.0,11.35,,0.629,64.78,,,,,,,,,,,,,,,None,4397000000,4397000000,,,,,,None,5000000,,2.08,0.0149,,,,0.473,0.74,337000000,342000000,3.04,2013-06-30,10.25,,10171000000.0,337000000,237000000,4000000,,,None,100000000,None,,None,,,,,-190000000,-64000000,None,None,0.189,,100000000,237000000,,,,,None,,,,,1.41,2.151,1.385,,,,,,,,0.128,,,2025-10-23,quarterly,3.78,USD,post-market,0,,0.0348,0.201,0.07,97.91,0,,,,127.44,131.46,24.3421,,,,,,,4734000000,,11.35,,140.5,103.19
2025-12-28,HIG,12.22,27917001000.0,11.35,,0.629,64.78,,,,,,,,,,,,,,,None,9141000000,9141000000,,,,,,None,52000000,,2.08,0.0149,,,,0.473,0.74,-330000000,-278000000,3.04,2013-03-31,10.25,,10171000000.0,-117000000,-437000000,-197000000,,,None,107000000,None,,None,,,,,-241000000,-241000000,None,None,0.189,,320000000,-437000000,,,,,None,,,,,1.41,2.151,1.385,,,,,,,,0.128,,,2025-10-23,quarterly,3.78,USD,post-market,0,,0.0348,0.201,0.07,97.91,0,,,,127.44,131.46,24.3421,,,,,,,9024000000,,11.35,,140.5,103.19
2025-12-28,HIG,12.22,27917001000.0,11.35,,0.629,64.78,,,,,,,,,,,,,,,None,11766000000,11766000000,,,,,,None,101000000,,2.08,0.0149,,,,0.473,0.74,-682000000,-581000000,3.04,2012-12-31,10.25,,10171000000.0,-4031000000,-791000000,-358000000,,,None,109000000,None,,None,,,,,-434000000,0,None,None,0.189,,-3240000000,-791000000,,,,,None,,,,,1.41,2.151,1.385,,,,,,,,0.128,,,2025-10-23,quarterly,3.78,USD,post-market,0,,0.0348,0.201,0.07,97.91,3896000000,,,,127.44,131.46,24.3421,,,,,,,7735000000,,11.35,,140.5,103.19
2025-12-28,HIG,12.22,27917001000.0,11.35,,0.629,64.78,,,,,,,,,,,,,,,None,6271000000,6271000000,,,,,,None,116000000,,2.08,0.0149,,,,0.473,0.74,61000000,177000000,3.04,2012-09-30,10.25,,10171000000.0,61000000,-48000000,-41000000,,,None,109000000,None,,None,,,,,13000000,15000000,None,None,0.189,,109000000,-48000000,,,,,None,,,,,1.41,2.151,1.385,,,,,,,,0.128,,,2025-10-23,quarterly,3.78,USD,post-market,0,,0.0348,0.201,0.07,97.91,1275000000,,,,127.44,131.46,24.3421,,,,,,,6332000000,,11.35,,140.5,103.19
2025-12-28,HIG,12.22,27917001000.0,11.35,,0.629,64.78,,,,,,,,,,,,,,,None,3814000000,3814000000,,,,,,None,152000000,,2.08,0.0149,,,,0.473,0.74,-159000000,-7000000,3.04,2012-06-30,10.25,,10171000000.0,751000000,-274000000,-166000000,,,None,115000000,None,,None,,,,,-101000000,0,None,None,0.189,,1025000000,-274000000,,,,,None,,,,,1.41,2.151,1.385,,,,,,,,0.128,,,2025-10-23,quarterly,3.78,USD,post-market,0,,0.0348,0.201,0.07,97.91,1309000000,,,,127.44,131.46,24.3421,,,,,,,4565000000,,11.35,,140.5,103.19
2025-12-28,HIG,12.22,27917001000.0,11.35,,0.629,64.78,,,,,,,,,,,,,,,None,7535000000,7535000000,,,,,,None,98000000,,2.08,0.0149,,,,0.473,0.74,126000000,224000000,3.04,2012-03-31,10.25,,10171000000.0,126000000,2000000,-95000000,,,None,124000000,None,,None,,,,,96000000,0,None,None,0.189,,124000000,2000000,,,,,None,,,,,1.41,2.151,1.385,,,,,,,,0.128,,,2025-10-23,quarterly,3.78,USD,post-market,0,,0.0348,0.201,0.07,97.91,1312000000,,,,127.44,131.46,24.3421,,,,,,,7661000000,,11.35,,140.5,103.19
2025-12-28,HIG,12.22,27917001000.0,11.35,,0.629,64.78,,,,,,,,,,,,,,,None,3789000000,3789000000,,,,,,None,136000000,,2.08,0.0149,,,,0.473,0.74,216000000,352000000,3.04,2011-12-31,10.25,,10171000000.0,1849000000,92000000,-34000000,,,None,124000000,None,,None,,,,,127000000,0,None,None,0.189,,1757000000,92000000,,,,,None,,,,,1.41,2.151,1.385,,,,,,,,0.128,,,2025-10-23,quarterly,3.78,USD,post-market,0,,0.0348,0.201,0.07,97.91,995000000,,,,127.44,131.46,24.3421,,,,,,,5638000000,,11.35,,140.5,103.19
2025-12-28,HIG,12.22,27917001000.0,11.35,,0.629,64.78,,,,,,,,,,,,,,,None,3122000000,3122000000,,,,,,None,148000000,,2.08,0.0149,,,,0.473,0.74,111000000,259000000,3.04,2011-09-30,10.25,,10171000000.0,1398000000,-17000000,-74000000,,,None,128000000,None,,None,,,,,60000000,-3000000,None,None,0.189,,1415000000,-17000000,,,,,None,,,,,1.41,2.151,1.385,,,,,,,,0.128,,,2025-10-23,quarterly,3.78,USD,post-market,0,,0.0348,0.201,0.07,97.91,1287000000,,,,127.44,131.46,24.3421,,,,,,,4520000000,,11.35,,140.5,103.19
2025-12-28,HIG,12.22,27917001000.0,11.35,,0.629,64.78,,,,,,,,,,,,,,,None,3379000000,3379000000,,,,,,None,256000000,,2.08,0.0149,,,,0.473,0.74,-22000000,234000000,3.04,2011-06-30,10.25,,10171000000.0,2022000000,-150000000,-263000000,,,None,128000000,None,,None,,,,,33000000,104000000,None,None,0.189,,2172000000,-150000000,,,,,None,,,,,1.41,2.151,1.385,,,,,,,,0.128,,,2025-10-23,quarterly,3.78,USD,post-market,0,,0.0348,0.201,0.07,97.91,1452000000,,,,127.44,131.46,24.3421,,,,,,,5401000000,,11.35,,140.5,103.19
2025-12-28,HIG,12.22,27917001000.0,11.35,,0.629,64.78,,,,,,,,,,,,,,,None,3981000000,3981000000,,,,,,None,128000000,,2.08,0.0149,,,,0.473,0.74,515000000,643000000,3.04,2011-03-31,10.25,,10171000000.0,2319000000,387000000,48000000,,,None,128000000,None,,None,,,,,501000000,351000000,None,None,0.189,,1932000000,387000000,,,,,None,,,,,1.41,2.151,1.385,,,,,,,,0.128,,,2025-10-23,quarterly,3.78,USD,post-market,0,,0.0348,0.201,0.07,97.91,1354000000,,,,127.44,131.46,24.3421,,,,,,,6300000000,,11.35,,140.5,103.19
2025-12-28,HIG,12.22,27917001000.0,11.35,,0.629,64.78,,,,,,,,,,,,,,,None,3132000000,3132000000,,,,,,None,147000000,,2.08,0.0149,,,,0.473,0.74,942000000,1089000000,3.04,2010-12-31,10.25,,10171000000.0,2923000000,814000000,195000000,,,None,128000000,None,,None,,,,,619000000,0,None,None,0.189,,2109000000,814000000,,,,,None,,,,,1.41,2.151,1.385,,,,,,,,0.128,,,2025-10-23,quarterly,3.78,USD,post-market,0,,0.0348,0.201,0.07,97.91,1202000000,,,,127.44,131.46,24.3421,,,,,,,6055000000,,11.35,,140.5,103.19
2025-12-28,HIG,12.22,27917001000.0,11.35,,0.629,64.78,,,,,,,,,,,,,,,None,4080000000,4080000000,,,,,,None,134000000,,2.08,0.0149,,,,0.473,0.74,1045000000,1179000000,3.04,2010-09-30,10.25,,10171000000.0,2522000000,917000000,252000000,,,None,128000000,None,,None,,,,,666000000,0,None,None,0.189,,1605000000,917000000,,,,,None,,,,,1.41,2.151,1.385,,,,,,,,0.128,,,2025-10-23,quarterly,3.78,USD,post-market,0,,0.0348,0.201,0.07,97.91,1046000000,,,,127.44,131.46,24.3421,,,,,,,6602000000,,11.35,,140.5,103.19
2025-12-28,HIG,12.22,27917001000.0,11.35,,0.629,64.78,,,,,,,,,,,,,,,None,943000000,943000000,,,,,,None,171000000,,2.08,0.0149,,,,0.473,0.74,276000000,447000000,3.04,2010-06-30,10.25,,10171000000.0,2322000000,144000000,-31000000,,,None,132000000,None,,None,,,,,76000000,0,None,None,0.189,,2178000000,144000000,,,,,None,,,,,1.41,2.151,1.385,,,,,,,,0.128,,,2025-10-23,quarterly,3.78,USD,post-market,0,,0.0348,0.201,0.07,97.91,1111000000,,,,127.44,131.46,24.3421,,,,,,,3265000000,,11.35,,140.5,103.19
2025-12-28,HIG,12.22,27917001000.0,11.35,,0.629,64.78,,,,,,,,,,,,,,,None,3834000000,3834000000,,,,,,None,144000000,,2.08,0.0149,,,,0.473,0.74,655000000,799000000,3.04,2010-03-31,10.25,,10171000000.0,2423000000,535000000,216000000,,,None,120000000,None,,None,,,,,319000000,0,None,None,0.189,,1888000000,535000000,,,,,None,,,,,1.41,2.151,1.385,,,,,,,,0.128,,,2025-10-23,quarterly,3.78,USD,post-market,0,,0.0348,0.201,0.07,97.91,1121000000,,,,127.44,131.46,24.3421,,,,,,,6257000000,,11.35,,140.5,103.19
2025-12-28,HIG,12.22,27917001000.0,11.35,,0.629,64.78,,,,,,,,,,,,,,,None,3783000000,3783000000,,,,,,None,110000000,,2.08,0.0149,,,,0.473,0.74,847000000,957000000,3.04,2009-12-31,10.25,,10171000000.0,2657000000,728000000,171000000,,,None,119000000,None,,None,,,,,557000000,0,None,None,0.189,,1929000000,728000000,,,,,None,,,,,1.41,2.151,1.385,,,,,,,,0.128,,,2025-10-23,quarterly,3.78,USD,post-market,0,,0.0348,0.201,0.07,97.91,947000000,,,,127.44,131.46,24.3421,,,,,,,6440000000,,11.35,,140.5,103.19
2025-12-28,HIG,12.22,27917001000.0,11.35,,0.629,64.78,,,,,,,,,,,,,,,None,3708000000,3708000000,,,,,,None,101000000,,2.08,0.0149,,,,0.473,0.74,-339000000,-238000000,3.04,2009-09-30,10.25,,10171000000.0,1522000000,-457000000,-237000000,,,None,118000000,None,,None,,,,,-220000000,0,None,None,0.189,,1979000000,-457000000,,,,,None,,,,,1.41,2.151,1.385,,,,,,,,0.128,,,2025-10-23,quarterly,3.78,USD,post-market,0,,0.0348,0.201,0.07,97.91,1174000000,,,,127.44,131.46,24.3421,,,,,,,5230000000,,11.35,,140.5,103.19
2025-12-28,HIG,12.22,27917001000.0,11.35,,0.629,64.78,,,,,,,,,,,,,,,None,3092000000,3092000000,,,,,,None,122000000,,2.08,0.0149,,,,0.473,0.74,137000000,259000000,3.04,2009-06-30,10.25,,10171000000.0,4545000000,18000000,33000000,,,None,119000000,None,,None,,,,,-15000000,0,None,None,0.189,,4527000000,18000000,,,,,None,,,,,1.41,2.151,1.385,,,,,,,,0.128,,,2025-10-23,quarterly,3.78,USD,post-market,0,,0.0348,0.201,0.07,97.91,959000000,,,,127.44,131.46,24.3421,,,,,,,7637000000,,11.35,,140.5,103.19
2025-12-28,HIG,12.22,27917001000.0,11.35,,0.629,64.78,,,,,,,,,,,,,,,None,5361000000,5361000000,,,,,,None,137000000,,2.08,0.0149,,,,0.473,0.74,-1897000000,-1760000000,3.04,2009-03-31,10.25,,10171000000.0,33000000,-2017000000,-808000000,,,None,120000000,None,,None,,,,,-1209000000,0,None,None,0.189,,2050000000,-2017000000,,,,,None,,,,,1.41,2.151,1.385,,,,,,,,0.128,,,2025-10-23,quarterly,3.78,USD,post-market,0,,0.0348,0.201,0.07,97.91,898000000,,,,127.44,131.46,24.3421,,,,,,,5394000000,,11.35,,140.5,103.19
2025-12-28,HIG,12.22,27917001000.0,11.35,,0.629,64.78,,,,,,,,,,,,,,,None,-4661000000,-4661000000,,,,,,None,98000000,,2.08,0.0149,,,,0.473,0.74,-1036000000,-938000000,3.04,2008-12-31,10.25,,10171000000.0,565000000,-1151000000,-345000000,,,None,115000000,None,,None,,,,,-806000000,0,None,None,0.189,,1716000000,-1151000000,,,,,None,,,,,1.41,2.151,1.385,,,,,,,,0.128,,,2025-10-23,quarterly,3.78,USD,post-market,0,,0.0348,0.201,0.07,97.91,0,,,,127.44,131.46,24.3421,,,,,,,565000000,,11.35,,140.5,103.19
2025-12-28,HIG,12.22,27917001000.0,11.35,,0.629,64.78,,,,,,,,,,,,,,,None,7409000000,7409000000,,,,,,None,-213000000,,2.08,0.0149,,,,0.473,0.74,-4099000000,-4312000000,3.04,2008-09-30,10.25,,10171000000.0,-7802000000,-4183000000,-1552000000,,,None,84000000,None,,None,,,,,-2631000000,0,None,None,0.189,,-3619000000,-4183000000,,,,,None,,,,,1.41,2.151,1.385,,,,,,,,0.128,,,2025-10-23,quarterly,3.78,USD,post-market,0,,0.0348,0.201,0.07,97.91,1029000000,,,,127.44,131.46,24.3421,,,,,,,-393000000,,11.35,,140.5,103.19
2025-12-28,HIG,12.22,27917001000.0,11.35,,0.629,64.78,,,,,,,,,,,,,,,None,4739000000,4739000000,,,,,,None,286000000,,2.08,0.0149,,,,0.473,0.74,729000000,1015000000,3.04,2008-06-30,10.25,,10171000000.0,2764000000,652000000,109000000,,,None,77000000,None,,None,,,,,543000000,0,None,None,0.189,,2112000000,652000000,,,,,None,,,,,1.41,2.151,1.385,,,,,,,,0.128,,,2025-10-23,quarterly,3.78,USD,post-market,0,,0.0348,0.201,0.07,97.91,1047000000,,,,127.44,131.46,24.3421,,,,,,,7503000000,,11.35,,140.5,103.19
2025-12-28,HIG,12.22,27917001000.0,11.35,,0.629,64.78,,,,,,,,,,,,,,,None,7403000000,7403000000,,,,,,None,190000000,,2.08,0.0149,,,,0.473,0.74,158000000,348000000,3.04,2008-03-31,10.25,,10171000000.0,-5859000000,91000000,-54000000,,,None,67000000,None,,None,,,,,145000000,0,None,None,0.189,,-5950000000,91000000,,,,,None,,,,,1.41,2.151,1.385,,,,,,,,0.128,,,2025-10-23,quarterly,3.78,USD,post-market,0,,0.0348,0.201,0.07,97.91,950000000,,,,127.44,131.46,24.3421,,,,,,,1544000000,,11.35,,140.5,103.19
2025-12-28,HIG,12.22,27917001000.0,11.35,,0.629,64.78,,,,,,,,,,,,,,,None,3579000000,3579000000,,,,,,None,310000000,,2.08,0.0149,,,,0.473,0.74,848000000,1158000000,3.04,2007-12-31,10.25,,10171000000.0,2095000000,781000000,186000000,,,None,67000000,None,,None,,,,,595000000,0,None,None,0.189,,1314000000,781000000,,,,,None,,,,,1.41,2.151,1.385,,,,,,,,0.128,,,2025-10-23,quarterly,3.78,USD,post-market,0,,0.0348,0.201,0.07,97.91,0,,,,127.44,131.46,24.3421,,,,,,,5674000000,,11.35,,140.5,103.19
2025-12-28,HIG,12.22,27917001000.0,11.35,,0.629,64.78,,,,,,,,,,,,,,,None,3444000000,3444000000,,,,,,None,202000000,,2.08,0.0149,,,,0.473,0.74,1242000000,1444000000,3.04,2007-09-30,10.25,,10171000000.0,2379000000,1175000000,324000000,,,None,67000000,None,,None,,,,,851000000,0,None,None,0.189,,1204000000,1175000000,,,,,None,,,,,1.41,2.151,1.385,,,,,,,,0.128,,,2025-10-23,quarterly,3.78,USD,post-market,0,,0.0348,0.201,0.07,97.91,0,,,,127.44,131.46,24.3421,,,,,,,5823000000,,11.35,,140.5,103.19
2025-12-28,HIG,12.22,27917001000.0,11.35,,0.629,64.78,,,,,,,,,,,,,,,None,5615000000,5615000000,,,,,,None,170000000,,2.08,0.0149,,,,0.473,0.74,903000000,1073000000,3.04,2007-06-30,10.25,,10171000000.0,2045000000,837000000,210000000,,,None,66000000,None,,None,,,,,627000000,0,None,None,0.189,,1208000000,837000000,,,,,None,,,,,1.41,2.151,1.385,,,,,,,,0.128,,,2025-10-23,quarterly,3.78,USD,post-market,0,,0.0348,0.201,0.07,97.91,0,,,,127.44,131.46,24.3421,,,,,,,7660000000,,11.35,,140.5,103.19
2025-12-28,HIG,12.22,27917001000.0,11.35,,0.629,64.78,,,,,,,,,,,,,,,None,4205000000,4205000000,,,,,,None,112000000,,2.08,0.0149,,,,0.473,0.74,1275000000,1387000000,3.04,2007-03-31,10.25,,10171000000.0,2554000000,1212000000,336000000,,,None,63000000,None,,None,,,,,876000000,0,None,None,0.189,,1342000000,1212000000,,,,,None,,,,,1.41,2.151,1.385,,,,,,,,0.128,,,2025-10-23,quarterly,3.78,USD,post-market,0,,0.0348,0.201,0.07,97.91,0,,,,127.44,131.46,24.3421,,,,,,,6759000000,,11.35,,140.5,103.19
2025-12-28,HIG,12.22,27917001000.0,11.35,,0.629,64.78,,,,,,,,,,,,,,,None,5374000000,5374000000,,,,,,None,219000000,,2.08,0.0149,,,,0.473,0.74,1072000000,1291000000,3.04,2006-12-31,10.25,,10171000000.0,2205000000,1002000000,219000000,,,None,70000000,None,,None,,,,,783000000,0,None,None,0.189,,1203000000,1002000000,,,,,None,,,,,1.41,2.151,1.385,,,,,,,,0.128,,,2025-10-23,quarterly,3.78,USD,post-market,0,,0.0348,0.201,0.07,97.91,0,,,,127.44,131.46,24.3421,,,,,,,7579000000,,11.35,,140.5,103.19
2025-12-28,HIG,12.22,27917001000.0,11.35,,0.629,64.78,,,,,,,,,,,,,,,None,5330000000,5330000000,,,,,,None,69000000,,2.08,0.0149,,,,0.473,0.74,1081000000,1150000000,3.04,2006-09-30,10.25,,10171000000.0,2077000000,1011000000,253000000,,,None,70000000,None,,None,,,,,758000000,0,None,None,0.189,,1066000000,1011000000,,,,,None,,,,,1.41,2.151,1.385,,,,,,,,0.128,,,2025-10-23,quarterly,3.78,USD,post-market,0,,0.0348,0.201,0.07,97.91,0,,,,127.44,131.46,24.3421,,,,,,,7407000000,,11.35,,140.5,103.19
2025-12-28,HIG,12.22,27917001000.0,11.35,,0.629,64.78,,,,,,,,,,,,,,,None,3300000000,3300000000,,,,,,None,274000000,,2.08,0.0149,,,,0.473,0.74,676000000,950000000,3.04,2006-06-30,10.25,,10171000000.0,1671000000,605000000,129000000,,,None,71000000,None,,None,,,,,476000000,0,None,None,0.189,,1066000000,605000000,,,,,None,,,,,1.41,2.151,1.385,,,,,,,,0.128,,,2025-10-23,quarterly,3.78,USD,post-market,0,,0.0348,0.201,0.07,97.91,0,,,,127.44,131.46,24.3421,,,,,,,4971000000,,11.35,,140.5,103.19
2025-12-28,HIG,12.22,27917001000.0,11.35,,0.629,64.78,,,,,,,,,,,,,,,None,4596000000,4596000000,,,,,,None,44000000,,2.08,0.0149,,,,0.473,0.74,1050000000,1094000000,3.04,2006-03-31,10.25,,10171000000.0,1947000000,984000000,256000000,,,None,66000000,None,,None,,,,,728000000,0,None,None,0.189,,963000000,984000000,,,,,None,,,,,1.41,2.151,1.385,,,,,,,,0.128,,,2025-10-23,quarterly,3.78,USD,post-market,0,,0.0348,0.201,0.07,97.91,0,,,,127.44,131.46,24.3421,,,,,,,6543000000,,11.35,,140.5,103.19
2025-12-28,HIG,12.22,27917001000.0,11.35,,0.629,64.78,,,,,,,,,,,,,,,None,6025000000,6025000000,,,,,,None,193000000,,2.08,0.0149,,,,0.473,0.74,611000000,804000000,3.04,2005-12-31,10.25,,10171000000.0,1712000000,548000000,81000000,,,None,63000000,None,,None,,,,,467000000,0,None,None,0.189,,1164000000,548000000,,,,,None,,,,,1.41,2.151,1.385,,,,,,,,0.128,,,2025-10-23,quarterly,3.78,USD,post-market,0,,0.0348,0.201,0.07,97.91,0,,,,127.44,131.46,24.3421,,,,,,,7737000000,,11.35,,140.5,103.19
2025-12-28,HIG,12.22,27917001000.0,11.35,,0.629,64.78,,,,,,,,,,,,,,,None,5590000000,5590000000,,,,,,None,156000000,,2.08,0.0149,,,,0.473,0.74,758000000,914000000,3.04,2005-09-30,10.25,,10171000000.0,1717000000,696000000,157000000,,,None,62000000,None,,None,,,,,539000000,0,None,None,0.189,,1021000000,696000000,,,,,None,,,,,1.41,2.151,1.385,,,,,,,,0.128,,,2025-10-23,quarterly,3.78,USD,post-market,0,,0.0348,0.201,0.07,97.91,0,,,,127.44,131.46,24.3421,,,,,,,7307000000,,11.35,,140.5,103.19
2025-12-28,HIG,12.22,27917001000.0,11.35,,0.629,64.78,,,,,,,,,,,,,,,None,22414000000,22414000000,,,,,,None,356000000,,2.08,0.0149,,,,0.473,0.74,3849000000,4205000000,3.04,2024-12-31,10.25,,10171000000.0,3970000000,3849000000,738000000,,,None,199000000,115000000,,None,,,,,3111000000,3111000000,-199000000,None,0.189,,121000000,3849000000,,,,,None,,,,,1.41,2.151,1.385,,,,,,,,0.128,,,2025-10-23,annual,3.78,USD,post-market,None,,0.0348,0.201,0.07,97.91,None,,,,127.44,131.46,24.3421,,,,,,,26384000000,,11.35,,140.5,103.19
2025-12-28,HIG,12.22,27917001000.0,11.35,,0.629,64.78,,,,,,,,,,,,,,,None,21163000000,21163000000,,,,,,None,510000000,,2.08,0.0149,,,,0.473,0.74,3088000000,3598000000,3.04,2023-12-31,10.25,,10171000000.0,3167000000,3088000000,584000000,,,None,199000000,199000000,,None,,,,,2504000000,2321000000,-200000000,None,0.189,,79000000,3088000000,,,,,None,,,,,1.41,2.151,1.385,,,,,,,,0.128,,,2025-10-23,annual,3.78,USD,post-market,None,,0.0348,0.201,0.07,97.91,None,,,,127.44,131.46,24.3421,,,,,,,24330000000,,11.35,,140.5,103.19
2025-12-28,HIG,12.22,27917001000.0,11.35,,0.629,64.78,,,,,,,,,,,,,,,None,19803000000,19803000000,,,,,,None,625000000,,2.08,0.0149,,,,0.473,0.74,2262000000,2887000000,3.04,2022-12-31,10.25,,10171000000.0,2051000000,2262000000,443000000,,,None,213000000,213000000,,None,,,,,1819000000,1815000000,-213000000,None,0.189,,-211000000,2262000000,,,,,None,,,,,1.41,2.151,1.385,,,,,,,,0.128,,,2025-10-23,annual,3.78,USD,post-market,None,,0.0348,0.201,0.07,97.91,None,,,,127.44,131.46,24.3421,,,,,,,21854000000,,11.35,,140.5,103.19
2025-12-28,HIG,12.22,27917001000.0,11.35,,0.629,64.78,,,,,,,,,,,,,,,None,19179000000,19179000000,,,,,,None,680000000,,2.08,0.0149,,,,0.473,0.74,2905000000,3585000000,3.04,2021-12-31,10.25,,10171000000.0,2470000000,2905000000,534000000,,,None,234000000,234000000,,None,,,,,2371000000,1737000000,-236000000,None,0.189,,-435000000,2905000000,,,,,None,,,,,1.41,2.151,1.385,,,,,,,,0.128,,,2025-10-23,annual,3.78,USD,post-market,None,,0.0348,0.201,0.07,97.91,None,,,,127.44,131.46,24.3421,,,,,,,21649000000,,11.35,,140.5,103.19
2025-12-28,HIG,12.22,27917001000.0,11.35,,0.629,64.78,,,,,,,,,,,,,,,None,17991000000,17991000000,,,,,,None,562000000,,2.08,0.0149,,,,0.473,0.74,2120000000,2682000000,3.04,2020-12-31,10.25,,10171000000.0,2329000000,2120000000,383000000,,,None,236000000,236000000,,None,,,,,1737000000,1737000000,-236000000,None,0.189,,209000000,2120000000,,,,,None,,,,,1.41,2.151,1.385,,,,,,,,0.128,,,2025-10-23,annual,3.78,USD,post-market,None,,0.0348,0.201,0.07,97.91,None,,,,127.44,131.46,24.3421,,,,,,,20320000000,,11.35,,140.5,103.19
2025-12-28,HIG,12.22,27917001000.0,11.35,,0.629,64.78,,,,,,,,,,,,,,,None,17765000000,17765000000,,,,,,None,451000000,,2.08,0.0149,,,,0.473,0.74,2819000000,3270000000,3.04,2019-12-31,10.25,,10171000000.0,2743000000,2560000000,475000000,,,None,259000000,259000000,,None,,,,,2085000000,2085000000,-259000000,None,0.189,,183000000,2560000000,,,,,None,,,,,1.41,2.151,1.385,,,,,,,,0.128,,,2025-10-23,annual,3.78,USD,post-market,None,,0.0348,0.201,0.07,97.91,4472000000,,,,127.44,131.46,24.3421,,,,,,,20508000000,,11.35,,140.5,103.19
2025-12-28,HIG,12.22,27917001000.0,11.35,,0.629,64.78,,,,,,,,,,,,,,,None,16830000000,16830000000,,,,,,None,467000000,,2.08,0.0149,,,,0.473,0.74,2051000000,2518000000,3.04,2018-12-31,10.25,,10171000000.0,1920000000,1753000000,268000000,,,None,298000000,298000000,,None,,,,,1807000000,1485000000,-298000000,None,0.189,,167000000,1753000000,,,,,None,,,,,1.41,2.151,1.385,,,,,,,,0.128,,,2025-10-23,annual,3.78,USD,post-market,None,,0.0348,0.201,0.07,97.91,4234000000,,,,127.44,131.46,24.3421,,,,,,,18750000000,,11.35,,140.5,103.19
2025-12-28,HIG,12.22,27917001000.0,11.35,,0.629,64.78,,,,,,,,,,,,,,,None,16109000000,16109000000,,,,,,None,399000000,,2.08,0.0149,,,,0.473,0.74,1039000000,1438000000,3.04,2017-12-31,10.25,,10171000000.0,1053000000,723000000,985000000,,,None,316000000,316000000,,None,,,,,-3131000000,-262000000,-316000000,None,0.189,,330000000,723000000,,,,,None,,,,,1.41,2.151,1.385,,,,,,,,0.128,,,2025-10-23,annual,3.78,USD,post-market,0,,0.0348,0.201,0.07,97.91,4546000000,,,,127.44,131.46,24.3421,,,,,,,17162000000,,11.35,,140.5,103.19
2025-12-28,HIG,12.22,27917001000.0,11.35,,0.629,64.78,,,,,,,,,,,,,,,None,15513000000,15513000000,,,,,,None,398000000,,2.08,0.0149,,,,0.473,0.74,774000000,1172000000,3.04,2016-12-31,10.25,,10171000000.0,778000000,447000000,-166000000,,,None,327000000,327000000,,None,,,,,896000000,896000000,-339000000,None,0.189,,331000000,447000000,,,,,-650000000,,,,,1.41,2.151,1.385,,,,,,,,0.128,,,2025-10-23,annual,3.78,USD,post-market,0,,0.0348,0.201,0.07,97.91,3523000000,,,,127.44,131.46,24.3421,,,,,,,16291000000,,11.35,,140.5,103.19
2025-12-28,HIG,12.22,27917001000.0,11.35,,0.629,64.78,,,,,,,,,,,,,,,None,14148000000,14148000000,,,,,,None,373000000,,2.08,0.0149,,,,0.473,0.74,1824000000,2197000000,3.04,2015-12-31,10.25,,10171000000.0,1849000000,1478000000,289000000,,,None,346000000,346000000,,None,,,,,1682000000,1673000000,None,None,0.189,,371000000,1478000000,,,,,28000000,,,,,1.41,2.151,1.385,,,,,,,,0.128,,,2025-10-23,annual,3.78,USD,post-market,0,,0.0348,0.201,0.07,97.91,3439000000,,,,127.44,131.46,24.3421,,,,,,,15997000000,,11.35,,140.5,103.19
2025-12-28,HIG,12.22,27917001000.0,11.35,,0.629,64.78,,,,,,,,,,,,,,,None,16539000000,16539000000,,,,,,None,276000000,,2.08,0.0149,,,,0.473,0.74,2075000000,2351000000,3.04,2014-12-31,10.25,,10171000000.0,2075000000,1699000000,350000000,,,None,376000000,None,,None,,,,,798000000,1349000000,None,None,0.189,,376000000,1699000000,,,,,23000000,,,,,1.41,2.151,1.385,,,,,,,,0.128,,,2025-10-23,annual,3.78,USD,post-market,0,,0.0348,0.201,0.07,97.91,3962000000,,,,127.44,131.46,24.3421,,,,,,,18614000000,,11.35,,140.5,103.19
2025-12-28,HIG,12.22,27917001000.0,11.35,,0.629,64.78,,,,,,,,,,,,,,,None,18592000000,18592000000,,,,,,None,189000000,,2.08,0.0149,,,,0.473,0.74,1868000000,2057000000,3.04,2013-12-31,10.25,,10171000000.0,2081000000,1471000000,246000000,,,None,397000000,None,,None,,,,,176000000,310000000,None,None,0.189,,610000000,1471000000,,,,,None,,,,,1.41,2.151,1.385,,,,,,,,0.128,,,2025-10-23,annual,3.78,USD,post-market,0,,0.0348,0.201,0.07,97.91,0,,,,127.44,131.46,24.3421,,,,,,,20673000000,,11.35,,140.5,103.19
2025-12-28,HIG,12.22,27917001000.0,11.35,,0.629,64.78,,,,,,,,,,,,,,,None,20808000000,20808000000,,,,,,None,467000000,,2.08,0.0149,,,,0.473,0.74,368000000,835000000,3.04,2012-12-31,10.25,,10171000000.0,1278000000,-89000000,-309000000,,,None,457000000,None,,None,,,,,-38000000,-33000000,None,None,0.189,,1367000000,-89000000,,,,,None,,,,,1.41,2.151,1.385,,,,,,,,0.128,,,2025-10-23,annual,3.78,USD,post-market,0,,0.0348,0.201,0.07,97.91,0,,,,127.44,131.46,24.3421,,,,,,,22086000000,,11.35,,140.5,103.19
2025-12-28,HIG,12.22,27917001000.0,11.35,,0.629,64.78,,,,,,,,,,,,,,,None,20995000000,20995000000,,,,,,None,668000000,,2.08,0.0149,,,,0.473,0.74,708000000,1376000000,3.04,2011-12-31,10.25,,10171000000.0,738000000,200000000,-373000000,,,None,508000000,None,,None,,,,,712000000,None,None,None,0.189,,538000000,200000000,,,,,None,,,,,1.41,2.151,1.385,,,,,,,,0.128,,,2025-10-23,annual,3.78,USD,post-market,0,,0.0348,0.201,0.07,97.91,4398000000,,,,127.44,131.46,24.3421,,,,,,,21733000000,,11.35,,140.5,103.19
2025-12-28,HIG,12.22,27917001000.0,11.35,,0.629,64.78,,,,,,,,,,,,,,,None,19269000000,19269000000,,,,,,None,596000000,,2.08,0.0149,,,,0.473,0.74,2780000000,3376000000,3.04,2010-12-31,10.25,,10171000000.0,2780000000,2272000000,572000000,,,None,508000000,None,,None,,,,,1636000000,1680000000,None,None,0.189,,508000000,2272000000,,,,,None,,,,,1.41,2.151,1.385,,,,,,,,0.128,,,2025-10-23,annual,3.78,USD,post-market,None,,0.0348,0.201,0.07,97.91,4663000000,,,,127.44,131.46,24.3421,,,,,,,22049000000,,11.35,,140.5,103.19
2025-12-28,HIG,12.22,27917001000.0,11.35,,0.629,64.78,,,,,,,,,,,,,,,None,17019000000,17019000000,,,,,,None,470000000,,2.08,0.0149,,,,0.473,0.74,-1252000000,-782000000,3.04,2009-12-31,10.25,,10171000000.0,7682000000,-1728000000,-841000000,,,None,476000000,None,,None,,,,,-887000000,None,None,None,0.189,,9410000000,-1728000000,,,,,None,,,,,1.41,2.151,1.385,,,,,,,,0.128,,,2025-10-23,annual,3.78,USD,post-market,0,,0.0348,0.201,0.07,97.91,4635000000,,,,127.44,131.46,24.3421,,,,,,,24701000000,,11.35,,140.5,103.19
2025-12-28,HIG,12.22,27917001000.0,11.35,,0.629,64.78,,,,,,,,,,,,,,,None,24428000000,24428000000,,,,,,None,361000000,,2.08,0.0149,,,,0.473,0.74,-4248000000,-3887000000,3.04,2008-12-31,10.25,,10171000000.0,-15209000000,-4591000000,-1842000000,,,None,343000000,None,,None,,,,,-2749000000,None,None,None,0.189,,-10618000000,-4591000000,,,,,None,,,,,1.41,2.151,1.385,,,,,,,,0.128,,,2025-10-23,annual,3.78,USD,post-market,None,,0.0348,0.201,0.07,97.91,3993000000,,,,127.44,131.46,24.3421,,,,,,,9219000000,,11.35,,140.5,103.19
2025-12-28,HIG,12.22,27917001000.0,11.35,,0.629,64.78,,,,,,,,,,,,,,,None,17053000000,17053000000,,,,,,None,794000000,,2.08,0.0149,,,,0.473,0.74,4268000000,5062000000,3.04,2007-12-31,10.25,,10171000000.0,8863000000,4005000000,1056000000,,,None,263000000,None,,None,,,,,2949000000,None,None,None,0.189,,4858000000,4005000000,,,,,None,,,,,1.41,2.151,1.385,,,,,,,,0.128,,,2025-10-23,annual,3.78,USD,post-market,None,,0.0348,0.201,0.07,97.91,None,,,,127.44,131.46,24.3421,,,,,,,25916000000,,11.35,,140.5,103.19
2025-12-28,HIG,12.22,27917001000.0,11.35,,0.629,64.78,,,,,,,,,,,,,,,None,18600000000,18600000000,,,,,,None,606000000,,2.08,0.0149,,,,0.473,0.74,3879000000,4485000000,3.04,2006-12-31,10.25,,10171000000.0,7900000000,3602000000,857000000,,,None,277000000,None,,None,,,,,2745000000,None,None,None,0.189,,4298000000,3602000000,,,,,None,,,,,1.41,2.151,1.385,,,,,,,,0.128,,,2025-10-23,annual,3.78,USD,post-market,None,,0.0348,0.201,0.07,97.91,None,,,,127.44,131.46,24.3421,,,,,,,26500000000,,11.35,,140.5,103.19
2025-12-28,HIG,12.22,27917001000.0,11.35,,0.629,64.78,,,,,,,,,,,,,,,None,19945000000,19945000000,,,,,,None,561000000,,2.08,0.0149,,,,0.473,0.74,3237000000,3798000000,3.04,2005-12-31,10.25,,10171000000.0,7138000000,2985000000,711000000,,,None,252000000,None,,None,,,,,2274000000,None,None,None,0.189,,4153000000,2985000000,,,,,None,,,,,1.41,2.151,1.385,,,,,,,,0.128,,,2025-10-23,annual,3.78,USD,post-market,None,,0.0348,0.201,0.07,97.91,None,,,,127.44,131.46,24.3421,,,,,,,27083000000,,11.35,,140.5,103.19
2025-12-28,HIG,12.22,27917001000.0,11.35,None,0.629,64.78,,None,150000000,150000000,,,,,,,,,3000000,285000000,None,19945000000,19945000000,614000000,None,None,6555000000,None,None,561000000,,2.08,0.0149,,,,0.473,0.74,3237000000,3798000000,3.04,2025-09-30,10.25,1911000000,10171000000.0,7138000000,2985000000,711000000,584000000,584000000,None,252000000,None,None,None,None,4370000000,None,55743000000,2274000000,None,None,None,0.189,,4153000000,2985000000,None,None,None,None,None,,,,,1.41,2.151,1.385,,,,,,,,0.128,,925000000,2025-10-23,quarterly,3.78,USD,post-market,None,23779000000,0.0348,0.201,0.07,97.91,None,4370000000,0,4219000000,127.44,131.46,24.3421,84995000000,10924000000,614000000,66545000000,3420000000,65931000000,27083000000,18450000000,11.35,None,140.5,103.19
2025-12-28,HIG,12.22,27917001000.0,11.35,None,0.629,64.78,,None,166000000,166000000,,,,,,,,,3000000,287700000,None,19945000000,19945000000,612000000,None,None,13798000000,None,None,561000000,,2.08,0.0149,,,,0.473,0.74,3237000000,3798000000,3.04,2025-06-30,10.25,1911000000,10171000000.0,7138000000,2985000000,711000000,602000000,602000000,None,252000000,None,None,None,None,4369000000,None,54242000000,2274000000,None,None,None,0.189,,4153000000,2985000000,-7100000000,None,None,None,None,,,,,1.41,2.151,1.385,,,,,,,,0.128,,906000000,2025-10-23,quarterly,3.78,USD,post-market,None,22850000000,0.0348,0.201,0.07,97.91,None,4369000000,0,3649000000,127.44,131.46,24.3421,83639000000,10513000000,612000000,66121000000,3419000000,65509000000,27083000000,17518000000,11.35,None,140.5,103.19
2025-12-28,HIG,12.22,27917001000.0,11.35,None,0.629,64.78,,None,138000000,138000000,,,,,,,,,3000000,290800000,None,19945000000,19945000000,611000000,None,None,6386000000,None,None,561000000,,2.08,0.0149,,,,0.473,0.74,3237000000,3798000000,3.04,2025-03-31,10.25,1911000000,10171000000.0,7138000000,2985000000,711000000,619000000,619000000,None,252000000,None,None,None,None,4368000000,None,53511000000,2274000000,None,None,None,0.189,,4153000000,2985000000,None,611000000,None,None,None,,,,,1.41,2.151,1.385,,,,,,,,0.128,,909000000,2025-10-23,quarterly,3.78,USD,post-market,None,22007000000,0.0348,0.201,0.07,97.91,None,4368000000,0,3366000000,127.44,131.46,24.3421,82307000000,9890000000,611000000,65463000000,3439000000,64852000000,27083000000,16844000000,11.35,None,140.5,103.19
2025-12-28,HIG,12.22,27917001000.0,11.35,None,0.629,64.78,,None,183000000,183000000,,,,,,,,,3000000,297500000,None,19945000000,19945000000,614000000,None,0,5998000000,None,None,561000000,,2.08,0.0149,,,,0.473,0.74,3237000000,3798000000,3.04,2024-12-31,10.25,1911000000,10171000000.0,7138000000,2985000000,711000000,637000000,637000000,None,252000000,None,None,None,None,4366000000,None,52588000000,2274000000,None,None,None,0.189,,4153000000,2985000000,None,-614000000,None,None,None,,,,,1.41,2.151,1.385,,,,,,,,0.128,,888000000,2025-10-23,quarterly,3.78,USD,post-market,None,21531000000,0.0348,0.201,0.07,97.91,None,4366000000,0,4068000000,127.44,131.46,24.3421,80917000000,10249000000,614000000,64470000000,3436000000,63856000000,27083000000,16447000000,11.35,None,140.5,103.19
2025-12-28,HIG,12.22,27917001000.0,11.35,None,0.629,64.78,,None,223000000,223000000,,,,,,,,,3000000,297500000,None,19945000000,19945000000,613000000,None,None,6151000000,None,None,561000000,,2.08,0.0149,,,,0.473,0.74,3237000000,3798000000,3.04,2024-09-30,10.25,1911000000,10171000000.0,7138000000,2985000000,711000000,654000000,654000000,None,252000000,None,-12135000000,None,None,4365000000,None,52673000000,2274000000,None,None,None,0.189,,4153000000,2985000000,-33739000000,-613000000,None,None,None,,,,,1.41,2.151,1.385,,,,,,,,0.128,,871000000,2025-10-23,quarterly,3.78,USD,post-market,None,20834000000,0.0348,0.201,0.07,97.91,None,4365000000,0,3964000000,127.44,131.46,24.3421,81219000000,10338000000,613000000,64211000000,4412000000,63598000000,27083000000,17008000000,11.35,None,140.5,103.19
2025-12-28,HIG,12.22,27917001000.0,11.35,None,0.629,64.78,,None,154000000,154000000,,,,,,,,,3000000,299900000,None,19945000000,19945000000,622000000,None,None,13394000000,None,None,561000000,,2.08,0.0149,,,,0.473,0.74,3237000000,3798000000,3.04,2024-06-30,10.25,1911000000,10171000000.0,7138000000,2985000000,711000000,672000000,672000000,None,252000000,None,-25961000000,None,None,4364000000,None,50283000000,2274000000,None,None,None,0.189,,4153000000,2985000000,-33020000000,35642000000,None,None,None,,,,,1.41,2.151,1.385,,,,,,,,0.128,,None,2025-10-23,quarterly,3.78,USD,post-market,None,20209000000,0.0348,0.201,0.07,97.91,None,4364000000,None,19472000000,127.44,131.46,24.3421,79046000000,12189000000,622000000,63366000000,59798000000,62744000000,27083000000,15680000000,11.35,None,140.5,103.19
2025-12-28,HIG,12.22,27917001000.0,11.35,None,0.629,64.78,,None,274000000,274000000,,,,,,,,,3000000,302600000,None,19945000000,19945000000,633000000,None,None,13082000000,None,None,561000000,,2.08,0.0149,,,,0.473,0.74,3237000000,3798000000,3.04,2024-03-31,10.25,1911000000,10171000000.0,7138000000,2985000000,711000000,690000000,690000000,None,252000000,None,-32038000000,None,None,4363000000,None,49709000000,2274000000,None,None,None,0.189,,4153000000,2985000000,-32038000000,35044000000,None,None,None,,,,,1.41,2.151,1.385,,,,,,,,0.128,,None,2025-10-23,quarterly,3.78,USD,post-market,None,19614000000,0.0348,0.201,0.07,97.91,None,4363000000,None,18682000000,127.44,131.46,24.3421,77710000000,11217000000,633000000,62242000000,59399000000,61609000000,27083000000,15468000000,11.35,None,140.5,103.19
2025-12-28,HIG,12.22,27917001000.0,11.35,None,0.629,64.78,,None,126000000,126000000,,,,,,,,,3000000,305100000,None,19945000000,19945000000,None,None,0,12711000000,None,None,561000000,,2.08,0.0149,,,,0.473,0.74,3237000000,3798000000,3.04,2023-12-31,10.25,1911000000,10171000000.0,7138000000,2985000000,711000000,707000000,707000000,None,252000000,None,-56505000000,None,None,4362000000,None,49644000000,2274000000,None,None,None,0.189,,4153000000,2985000000,-1286000000,35214000000,None,None,None,,,,,1.41,2.151,1.385,,,,,,,,0.128,,None,2025-10-23,quarterly,3.78,USD,post-market,None,19007000000,0.0348,0.201,0.07,97.91,None,4362000000,None,43668000000,127.44,131.46,24.3421,70096000000,11551000000,35214000000,54769000000,58545000000,19555000000,27083000000,15327000000,11.35,None,140.5,103.19
2025-12-28,HIG,12.22,27917001000.0,11.35,None,0.629,64.78,,None,111000000,111000000,,,,,,,,,3000000,309000000,None,19945000000,19945000000,645000000,None,None,5535000000,None,None,561000000,,2.08,0.0149,,,,0.473,0.74,3237000000,3798000000,3.04,2023-09-30,10.25,1911000000,10171000000.0,7138000000,2985000000,711000000,725000000,725000000,None,252000000,None,-55437000000,None,None,4361000000,None,47136000000,2274000000,None,None,None,0.189,,4153000000,2985000000,10512000000,8713000000,None,None,None,,,,,1.41,2.151,1.385,,,,,,,,0.128,,894000000,2025-10-23,quarterly,3.78,USD,post-market,None,18382000000,0.0348,0.201,0.07,97.91,None,4361000000,0,3300000000,127.44,131.46,24.3421,74516000000,8946000000,645000000,60837000000,5016000000,60192000000,27083000000,13679000000,11.35,None,140.5,103.19
2025-12-28,HIG,12.22,27917001000.0,11.35,None,0.629,64.78,,None,150000000,150000000,,,,,,,,,3000000,313300000,None,19945000000,19945000000,647000000,None,None,5578000000,None,None,561000000,,2.08,0.0149,,,,0.473,0.74,3237000000,3798000000,3.04,2023-06-30,10.25,1911000000,10171000000.0,7138000000,2985000000,711000000,743000000,743000000,None,252000000,None,-54762000000,None,None,4360000000,None,46475000000,2274000000,None,None,None,0.189,,4153000000,2985000000,10353000000,None,None,55383000000,None,,,,,1.41,2.151,1.385,,,,,,,,0.128,,884000000,2025-10-23,quarterly,3.78,USD,post-market,None,17865000000,0.0348,0.201,0.07,97.91,None,4360000000,0,3236000000,127.44,131.46,24.3421,73895000000,8964000000,647000000,59743000000,4880000000,59096000000,27083000000,14152000000,11.35,-2390000000,140.5,103.19
2025-12-28,HIG,12.22,27917001000.0,11.35,None,0.629,64.78,,None,152000000,152000000,,,,,,,,,3000000,318600000,None,19945000000,19945000000,647000000,None,None,12201000000,None,None,561000000,,2.08,0.0149,,,,0.473,0.74,3237000000,3798000000,3.04,2023-03-31,10.25,1911000000,10171000000.0,7138000000,2985000000,711000000,760000000,760000000,None,252000000,None,-55190000000,None,None,4358000000,None,53667000000,2274000000,None,None,None,0.189,,4153000000,2985000000,-44374000000,None,None,55551000000,None,,,,,1.41,2.151,1.385,,,,,,,,0.128,,904000000,2025-10-23,quarterly,3.78,USD,post-market,None,17454000000,0.0348,0.201,0.07,97.91,None,4358000000,0,41504000000,127.44,131.46,24.3421,74249000000,9483000000,647000000,59909000000,4835000000,59262000000,27083000000,14340000000,11.35,-2044000000,140.5,103.19
2025-12-28,HIG,12.22,27917001000.0,11.35,None,0.629,64.78,,None,229000000,229000000,,,,,,,,,17173000000,322651934,None,19945000000,19945000000,658000000,None,0,11915000000,None,None,561000000,,2.08,0.0149,,,,0.473,0.74,3237000000,3798000000,3.04,2022-12-31,10.25,1911000000,10171000000.0,7138000000,2985000000,711000000,778000000,778000000,None,252000000,None,-10566000000,None,None,4357000000,None,46401000000,2274000000,None,None,None,0.189,,4153000000,2985000000,10566000000,34277000000,None,55034000000,None,,,,,1.41,2.151,1.385,,,,,,,,0.128,,927000000,2025-10-23,quarterly,3.78,USD,post-market,None,17048000000,0.0348,0.201,0.07,97.91,None,38634000000,34277000000,40090000000,127.44,131.46,24.3421,73022000000,52234000000,2107000000,59391000000,50017000000,57284000000,27083000000,13631000000,11.35,-1773000000,140.5,103.19
2025-12-28,HIG,12.22,27917001000.0,11.35,None,0.629,64.78,,None,175000000,175000000,,,,,,,,,4000000,326300000,None,19945000000,19945000000,659000000,None,None,11634000000,None,None,561000000,,2.08,0.0149,,,,0.473,0.74,3237000000,3798000000,3.04,2022-09-30,10.25,1911000000,10171000000.0,7138000000,2985000000,711000000,796000000,796000000,None,252000000,None,-50414000000,None,None,4356000000,None,50661000000,2274000000,None,None,None,0.189,,4153000000,2985000000,-6644000000,-1507000000,None,54490000000,None,,,,,1.41,2.151,1.385,,,,,,,,0.128,,941000000,2025-10-23,quarterly,3.78,USD,post-market,None,16598000000,0.0348,0.201,0.07,97.91,None,4356000000,0,2724000000,127.44,131.46,24.3421,71801000000,7889000000,659000000,58846000000,5155000000,58187000000,27083000000,12955000000,11.35,-2844000000,140.5,103.19
2025-12-28,HIG,12.22,27917001000.0,11.35,None,0.629,64.78,,None,258000000,258000000,,,,,,,,,4000000,331800000,None,19945000000,19945000000,664000000,None,None,11722000000,None,None,561000000,,2.08,0.0149,,,,0.473,0.74,3237000000,3798000000,3.04,2022-06-30,10.25,1911000000,10171000000.0,7138000000,2985000000,711000000,813000000,813000000,None,252000000,None,-61642000000,None,None,4355000000,None,52392000000,2274000000,None,None,None,0.189,,4153000000,2985000000,-14246000000,-664000000,None,53821000000,None,,,,,1.41,2.151,1.385,,,,,,,,0.128,,970000000,2025-10-23,quarterly,3.78,USD,post-market,None,16388000000,0.0348,0.201,0.07,97.91,None,4355000000,0,2524000000,127.44,131.46,24.3421,72402000000,258000000,664000000,58176000000,72144000000,57512000000,27083000000,14226000000,11.35,-2502000000,140.5,103.19
2025-12-28,HIG,12.22,27917001000.0,11.35,None,0.629,64.78,,None,223000000,223000000,,,,,,,,,4000000,337300000,None,19945000000,19945000000,677000000,None,591000000,11413000000,None,None,561000000,,2.08,0.0149,,,,0.473,0.74,3237000000,3798000000,3.04,2022-03-31,10.25,1911000000,10171000000.0,7138000000,2985000000,711000000,835000000,835000000,None,252000000,None,-57744000000,None,None,4354000000,None,55951000000,2274000000,None,None,None,0.189,,4153000000,2985000000,-6626000000,33133000000,None,54410000000,None,,,,,1.41,2.151,1.385,,,,,,,,0.128,,995000000,2025-10-23,quarterly,3.78,USD,post-market,None,16077000000,0.0348,0.201,0.07,97.91,None,4945000000,591000000,3937000000,127.44,131.46,24.3421,75252000000,8947000000,1268000000,59355000000,4447000000,58087000000,27083000000,15897000000,11.35,-2068000000,140.5,103.19
2025-12-28,HIG,12.22,27917001000.0,11.35,None,0.629,64.78,,None,205000000,205000000,,,,,,,,,4000000,344761905,None,19945000000,19945000000,687000000,None,None,10968000000,None,None,561000000,,2.08,0.0149,,,,0.473,0.74,3237000000,3798000000,3.04,2021-12-31,10.25,1911000000,10171000000.0,7138000000,2985000000,711000000,858000000,858000000,None,252000000,None,None,None,None,4944000000,None,57749000000,2274000000,None,None,None,0.189,,4153000000,2985000000,-36926000000,7194000000,None,53791000000,None,,,,,1.41,2.151,1.385,,,,,,,,0.128,,1027000000,2025-10-23,quarterly,3.78,USD,post-market,None,15764000000,0.0348,0.201,0.07,97.91,None,38080000000,33136000000,46544000000,127.44,131.46,24.3421,76578000000,20791000000,957000000,58735000000,55787000000,4944000000,27083000000,17843000000,11.35,-1740000000,140.5,103.19
2025-12-28,HIG,12.22,27917001000.0,11.35,None,0.629,64.78,,None,232000000,232000000,,,,,,,,,4000000,350700000,None,19945000000,19945000000,685000000,None,None,10845000000,None,None,561000000,,2.08,0.0149,,,,0.473,0.74,3237000000,3798000000,3.04,2021-09-30,10.25,1911000000,10171000000.0,7138000000,2985000000,711000000,881000000,881000000,None,252000000,None,None,None,None,4943000000,None,52131000000,2274000000,None,None,None,0.189,,4153000000,2985000000,5631000000,7419000000,None,53485000000,None,,,,,1.41,2.151,1.385,,,,,,,,0.128,,1047000000,2025-10-23,quarterly,3.78,USD,post-market,None,15169000000,0.0348,0.201,0.07,97.91,None,4943000000,0,3612000000,127.44,131.46,24.3421,76290000000,20320000000,685000000,58428000000,55970000000,57743000000,27083000000,17862000000,11.35,-2291000000,140.5,103.19
2025-12-28,HIG,12.22,27917001000.0,11.35,None,0.629,64.78,,None,177000000,177000000,,,,,,,,,4000000,358500000,None,19945000000,19945000000,685000000,None,None,10839000000,None,None,561000000,,2.08,0.0149,,,,0.473,0.74,3237000000,3798000000,3.04,2021-06-30,10.25,1911000000,10171000000.0,7138000000,2985000000,711000000,904000000,904000000,None,252000000,None,None,None,None,4354000000,None,49114000000,2274000000,None,None,None,0.189,,4153000000,2985000000,4757000000,7337000000,None,52134000000,None,,,,,1.41,2.151,1.385,,,,,,,,0.128,,1067000000,2025-10-23,quarterly,3.78,USD,post-market,None,14813000000,0.0348,0.201,0.07,97.91,None,4354000000,0,3398000000,127.44,131.46,24.3421,74732000000,19171000000,685000000,56488000000,55561000000,55803000000,27083000000,18244000000,11.35,-1807000000,140.5,103.19
2025-12-28,HIG,12.22,27917001000.0,11.35,None,0.629,64.78,,None,176000000,176000000,,,,,,,,,4000000,362200000,None,19945000000,19945000000,681000000,None,None,10570000000,None,None,561000000,,2.08,0.0149,,,,0.473,0.74,3237000000,3798000000,3.04,2021-03-31,10.25,1911000000,10171000000.0,7138000000,2985000000,711000000,927000000,927000000,None,252000000,None,None,None,None,4353000000,None,55727000000,2274000000,None,None,None,0.189,,4153000000,2985000000,5226000000,7116000000,None,52146000000,None,,,,,1.41,2.151,1.385,,,,,,,,0.128,,1092000000,2025-10-23,quarterly,3.78,USD,post-market,None,14036000000,0.0348,0.201,0.07,97.91,None,4353000000,None,3367000000,127.44,131.46,24.3421,74201000000,19339000000,681000000,56499000000,54862000000,55818000000,27083000000,17702000000,11.35,-1246000000,140.5,103.19
2025-12-28,HIG,12.22,27917001000.0,11.35,None,0.629,64.78,,None,151000000,151000000,,,,,,,,,4000000,361500000,None,19945000000,19945000000,701000000,None,0,10279000000,None,None,561000000,,2.08,0.0149,,,,0.473,0.74,3237000000,3798000000,3.04,2020-12-31,10.25,1911000000,10171000000.0,7138000000,2985000000,711000000,950000000,950000000,None,252000000,None,None,None,None,4352000000,None,56532000000,2274000000,None,None,None,0.189,,4153000000,2985000000,-58748000000,6787000000,None,51203000000,None,,,,,1.41,2.151,1.385,,,,,,,,0.128,,1122000000,2025-10-23,quarterly,3.78,USD,post-market,None,13918000000,0.0348,0.201,0.07,97.91,None,4352000000,None,48318000000,127.44,131.46,24.3421,74111000000,58748000000,747000000,55555000000,55821000000,4352000000,27083000000,18556000000,11.35,-1192000000,140.5,103.19
2025-12-28,HIG,12.22,27917001000.0,11.35,None,0.629,64.78,,None,173000000,173000000,,,,,,,,,4000000,360500000,None,19945000000,19945000000,711000000,None,0,10118000000,None,None,561000000,,2.08,0.0149,,,,0.473,0.74,3237000000,3798000000,3.04,2020-09-30,10.25,1911000000,10171000000.0,7138000000,2985000000,711000000,973000000,973000000,None,252000000,None,None,None,None,4351000000,None,54778000000,2274000000,None,None,None,0.189,,4153000000,2985000000,4471000000,6930000000,None,50166000000,None,,,,,1.41,2.151,1.385,,,,,,,,0.128,,1144000000,2025-10-23,quarterly,3.78,USD,post-market,None,13503000000,0.0348,0.201,0.07,97.91,None,4351000000,None,3399000000,127.44,131.46,24.3421,72319000000,18161000000,711000000,54517000000,54158000000,53806000000,27083000000,17802000000,11.35,-1205000000,140.5,103.19
2025-12-28,HIG,12.22,27917001000.0,11.35,None,0.629,64.78,,None,291000000,291000000,,,,,,,,,4000000,359300000,None,19945000000,19945000000,750000000,None,0,10235000000,None,None,561000000,,2.08,0.0149,,,,0.473,0.74,3237000000,3798000000,3.04,2020-06-30,10.25,1911000000,10171000000.0,7138000000,2985000000,711000000,996000000,996000000,None,252000000,None,None,None,None,4350000000,None,53028000000,2274000000,None,None,None,0.189,,4153000000,2985000000,4303000000,6881000000,None,49568000000,None,,,,,1.41,2.151,1.385,,,,,,,,0.128,,1135000000,2025-10-23,quarterly,3.78,USD,post-market,None,13167000000,0.0348,0.201,0.07,97.91,None,4350000000,None,3668000000,127.44,131.46,24.3421,70990000000,18497000000,750000000,53918000000,52493000000,53168000000,27083000000,17072000000,11.35,-1211000000,140.5,103.19
2025-12-28,HIG,12.22,27917001000.0,11.35,None,0.629,64.78,,None,211000000,211000000,,,,,,,,,4000000,361100000,None,19945000000,19945000000,758000000,None,0,10154000000,None,None,561000000,,2.08,0.0149,,,,0.473,0.74,3237000000,3798000000,3.04,2020-03-31,10.25,1913000000,10171000000.0,7138000000,2985000000,711000000,1028000000,1028000000,None,252000000,None,None,None,None,4349000000,None,50359000000,2274000000,None,None,None,0.189,,4153000000,2985000000,11547000000,48607000000,None,49109000000,None,,,,,1.41,2.151,1.385,,,,,,,,0.128,,1161000000,2025-10-23,quarterly,3.78,USD,post-market,None,12819000000,0.0348,0.201,0.07,97.91,None,5107000000,758000000,42710000000,127.44,131.46,24.3421,68724000000,64622000000,49109000000,53458000000,4102000000,4349000000,27083000000,15266000000,11.35,-1220000000,140.5,103.19
2025-12-28,HIG,12.22,27917001000.0,11.35,None,0.629,64.78,,None,185000000,185000000,,,,,,,,,4000000,364300000,None,19945000000,19945000000,755000000,None,500000000,9911000000,None,None,561000000,,2.08,0.0149,,,,0.473,0.74,3237000000,3798000000,3.04,2019-12-31,10.25,1913000000,10171000000.0,7138000000,2985000000,711000000,1070000000,1070000000,None,252000000,None,None,None,None,4348000000,None,53030000000,2274000000,None,None,None,0.189,,4153000000,2985000000,-55165000000,-500000000,None,49699000000,None,,,,,1.41,2.151,1.385,,,,,,,,0.128,,1181000000,2025-10-23,quarterly,3.78,USD,post-market,None,12685000000,0.0348,0.201,0.07,97.91,None,4848000000,500000000,45069000000,127.44,131.46,24.3421,70817000000,70812836000,500000000,54547000000,4164000,4348000000,27083000000,16270000000,11.35,-1117000000,140.5,103.19
2025-12-28,HIG,12.22,27917001000.0,11.35,None,0.629,64.78,,None,207000000,207000000,,,,,,,,,4000000,365400000,None,19945000000,19945000000,764000000,None,500000000,9913000000,None,None,561000000,,2.08,0.0149,,,,0.473,0.74,3237000000,3798000000,3.04,2019-09-30,10.25,1913000000,10171000000.0,7138000000,2985000000,711000000,1126000000,1126000000,None,252000000,None,None,None,None,4346000000,None,52577000000,2274000000,None,None,None,0.189,,4153000000,2985000000,34129000000,48568000000,None,49332000000,None,,,,,1.41,2.151,1.385,,,,,,,,0.128,,1194000000,2025-10-23,quarterly,3.78,USD,post-market,None,12251000000,0.0348,0.201,0.07,97.91,None,4846000000,500000000,2927000000,127.44,131.46,24.3421,70256000000,47176000000,49832000000,54178000000,23080000000,4346000000,27083000000,16078000000,11.35,-1027000000,140.5,103.19
2025-12-28,HIG,12.22,27917001000.0,11.35,None,0.629,64.78,,None,226000000,226000000,,,,,,,,,4000000,365100000,None,19945000000,19945000000,790000000,None,500000000,10120000000,None,None,561000000,,2.08,0.0149,,,,0.473,0.74,3237000000,3798000000,3.04,2019-06-30,10.25,1913000000,10171000000.0,7138000000,2985000000,711000000,1191000000,1191000000,None,252000000,None,None,None,None,4050000000,None,50769000000,2274000000,None,None,None,0.189,,4153000000,2985000000,33408000000,48840000000,None,49630000000,None,,,,,1.41,2.151,1.385,,,,,,,,0.128,,1222000000,2025-10-23,quarterly,3.78,USD,post-market,None,11836000000,0.0348,0.201,0.07,97.91,None,4550000000,500000000,2364000000,127.44,131.46,24.3421,69472000000,46118000000,50130000000,54180000000,23354000000,4050000000,27083000000,15292000000,11.35,-984000000,140.5,103.19
2025-12-28,HIG,12.22,27917001000.0,11.35,None,0.629,64.78,,None,104000000,104000000,,,,,,,,,4000000,364700000,None,19945000000,19945000000,742000000,None,499000000,8501000000,None,None,561000000,,2.08,0.0149,,,,0.473,0.74,3237000000,3798000000,3.04,2019-03-31,10.25,1290000000,10171000000.0,7138000000,2985000000,711000000,644000000,644000000,None,252000000,None,None,None,None,3767000000,None,47895000000,2274000000,None,None,None,0.189,,4153000000,2985000000,28275000000,43976000000,None,44718000000,None,,,,,1.41,2.151,1.385,,,,,,,,0.128,,1145000000,2025-10-23,quarterly,3.78,USD,post-market,None,11572000000,0.0348,0.201,0.07,97.91,None,4266000000,499000000,4203000000,127.44,131.46,24.3421,63324000000,41083000000,45217000000,48984000000,22241000000,3767000000,27083000000,14340000000,11.35,-1014000000,140.5,103.19
2025-12-28,HIG,12.22,27917001000.0,11.35,None,0.629,64.78,,None,121000000,121000000,,,,,,,,,4000000,364000000,None,19945000000,19945000000,767000000,None,475000000,8352000000,None,None,561000000,,2.08,0.0149,,,,0.473,0.74,3237000000,3798000000,3.04,2018-12-31,10.25,1290000000,10171000000.0,7138000000,2985000000,711000000,657000000,657000000,None,252000000,None,None,None,None,4265000000,None,46790000000,2274000000,None,None,None,0.189,,4153000000,2985000000,27012000000,43761000000,None,44528000000,None,,,,,1.41,2.151,1.385,,,,,,,,0.128,,1006000000,2025-10-23,quarterly,3.78,USD,post-market,None,11055000000,0.0348,0.201,0.07,97.91,None,4678000000,413000000,4283000000,127.44,131.46,24.3421,62307000000,39768000000,44941000000,49206000000,22539000000,4265000000,27083000000,13101000000,11.35,-1091000000,140.5,103.19
2025-12-28,HIG,12.22,27917001000.0,11.35,None,0.629,64.78,,None,102000000,102000000,,,,,,,,,4000000,364100000,None,19945000000,19945000000,775000000,None,464000000,7956000000,None,None,561000000,,2.08,0.0149,,,,0.473,0.74,3237000000,3798000000,3.04,2018-09-30,10.25,1290000000,10171000000.0,7138000000,2985000000,711000000,651000000,651000000,None,252000000,None,0,None,None,4263000000,None,46134000000,2274000000,None,None,None,0.189,,4153000000,2985000000,2497000000,43257000000,None,44032000000,None,,,,,1.41,2.151,1.385,,,,,,,,0.128,,997000000,2025-10-23,quarterly,3.78,USD,post-market,None,10973000000,0.0348,0.201,0.07,97.91,None,4676000000,413000000,39706000000,127.44,131.46,24.3421,61437000000,50261000000,44445000000,48708000000,11176000000,4263000000,27083000000,12729000000,11.35,-1114000000,140.5,103.19
2025-12-28,HIG,12.22,27917001000.0,11.35,None,0.629,64.78,,None,147000000,147000000,,,,,,,,,4000000,364200000,None,19945000000,19945000000,784000000,None,472000000,7913000000,None,None,561000000,,2.08,0.0149,,,,0.473,0.74,3237000000,3798000000,3.04,2018-06-30,10.25,1290000000,10171000000.0,7138000000,2985000000,711000000,669000000,669000000,None,252000000,None,0,None,None,4262000000,None,45648000000,2274000000,None,None,None,0.189,,4153000000,2985000000,2246000000,42770000000,None,43554000000,None,,,,,1.41,2.151,1.385,,,,,,,,0.128,,1013000000,2025-10-23,quarterly,3.78,USD,post-market,None,10649000000,0.0348,0.201,0.07,97.91,None,4675000000,413000000,39490000000,127.44,131.46,24.3421,60775000000,49796000000,43967000000,48229000000,10979000000,4262000000,27083000000,12546000000,11.35,-1128000000,140.5,103.19
2025-12-28,HIG,12.22,27917001000.0,11.35,None,0.629,64.78,,None,228000000,228000000,,,,,,,,,4000000,363900000,None,19945000000,19945000000,800000000,None,479000000,8033000000,None,None,561000000,,2.08,0.0149,,,,0.473,0.74,3237000000,3798000000,3.04,2018-03-31,10.25,1290000000,10171000000.0,7138000000,2985000000,711000000,687000000,687000000,None,252000000,None,1123000000,None,None,4755000000,None,44432000000,2274000000,None,None,None,0.189,,4153000000,2985000000,38008000000,197555000000,None,198355000000,None,,,,,1.41,2.151,1.385,,,,,,,,0.128,,1018000000,2025-10-23,quarterly,3.78,USD,post-market,None,10156000000,0.0348,0.201,0.07,97.91,None,5168000000,413000000,2385000000,127.44,131.46,24.3421,216666000000,48654000000,198768000000,203523000000,168012000000,4755000000,27083000000,13143000000,11.35,-1141000000,140.5,103.19
2025-12-28,HIG,12.22,27917001000.0,11.35,None,0.629,64.78,,None,180000000,180000000,,,,,,,,,4000000,363900000,None,19945000000,19945000000,816000000,None,404000000,7971000000,None,None,561000000,,2.08,0.0149,,,,0.473,0.74,3237000000,3798000000,3.04,2017-12-31,10.25,1290000000,10171000000.0,7138000000,2985000000,711000000,659000000,659000000,None,252000000,None,0,None,None,4678000000,None,45146000000,2274000000,None,None,None,0.189,,4153000000,2985000000,839000000,204788000000,None,206768000000,None,,,,,1.41,2.151,1.385,,,,,,,,0.128,,1034000000,2025-10-23,quarterly,3.78,USD,post-market,None,9642000000,0.0348,0.201,0.07,97.91,None,4998000000,320000000,40246000000,127.44,131.46,24.3421,225260000000,49236000000,207088000000,211766000000,176024000000,4678000000,27083000000,13494000000,11.35,-1194000000,140.5,103.19
2025-12-28,HIG,12.22,27917001000.0,11.35,None,0.629,64.78,,None,333000000,333000000,,,,,,,,,4000000,367000000,None,19945000000,19945000000,30151000000,None,320000000,3804000000,None,None,561000000,,2.08,0.0149,,,,0.473,0.74,3237000000,3798000000,3.04,2017-09-30,10.25,567000000,10171000000.0,7138000000,2985000000,711000000,1635000000,1635000000,None,252000000,None,0,None,None,4818000000,None,72993000000,2274000000,None,None,None,0.189,,4153000000,2985000000,68077000000,201840000000,None,201840000000,None,,,,,1.41,2.151,1.385,,,,,,,,0.128,,962000000,2025-10-23,quarterly,3.78,USD,post-market,None,13434000000,0.0348,0.201,0.07,97.91,None,5138000000,320000000,1112000000,127.44,131.46,24.3421,224211000000,73326000000,30471000000,206978000000,150885000000,176507000000,27083000000,17233000000,11.35,-1981000000,140.5,103.19
2025-12-28,HIG,12.22,27917001000.0,11.35,None,0.629,64.78,,None,362000000,362000000,,,,,,,,,4000000,366000000,None,19945000000,19945000000,30466000000,None,5654000000,27111000000,None,None,561000000,,2.08,0.0149,,,,0.473,0.74,3237000000,3798000000,3.04,2017-06-30,10.25,567000000,10171000000.0,7138000000,2985000000,711000000,1648000000,1648000000,None,252000000,None,0,None,None,4817000000,None,73780000000,2274000000,None,None,None,0.189,,4153000000,2985000000,-23450000000,172972000000,None,203438000000,None,,,,,1.41,2.151,1.385,,,,,,,,0.128,,974000000,2025-10-23,quarterly,3.78,USD,post-market,None,13282000000,0.0348,0.201,0.07,97.91,None,5137000000,320000000,1055000000,127.44,131.46,24.3421,225863000000,5078000000,203758000000,208575000000,220785000000,4817000000,27083000000,17288000000,11.35,-1687000000,140.5,103.19
2025-12-28,HIG,12.22,27917001000.0,11.35,None,0.629,64.78,,None,337000000,337000000,,,,,,,,,4000000,378600000,None,19945000000,19945000000,30863000000,None,320000000,27169000000,None,None,561000000,,2.08,0.0149,,,,0.473,0.74,3237000000,3798000000,3.04,2017-03-31,10.25,567000000,10171000000.0,7138000000,2985000000,711000000,1693000000,1693000000,None,252000000,None,0,None,None,4817000000,None,72189000000,2274000000,None,None,None,0.189,,4153000000,2985000000,-23797000000,172379000000,None,202581000000,None,,,,,1.41,2.151,1.385,,,,,,,,0.128,,984000000,2025-10-23,quarterly,3.78,USD,post-market,None,13406000000,0.0348,0.201,0.07,97.91,None,5137000000,320000000,6304000000,127.44,131.46,24.3421,225388000000,4932000000,203562000000,208379000000,220456000000,4817000000,27083000000,17009000000,11.35,-1371000000,140.5,103.19
2025-12-28,HIG,12.22,27917001000.0,11.35,None,0.629,64.78,,None,328000000,328000000,,,,,,,,,4000000,371400000,None,19945000000,19945000000,31176000000,None,524000000,7389000000,None,None,561000000,,2.08,0.0149,,,,0.473,0.74,3237000000,3798000000,3.04,2016-12-31,10.25,567000000,10171000000.0,7138000000,2985000000,711000000,44000000,44000000,None,252000000,None,0,None,None,4636000000,None,70637000000,2274000000,None,None,None,0.189,,4153000000,2985000000,-7389000000,168306000000,None,200866000000,None,,,,,1.41,2.151,1.385,,,,,,,,0.128,,991000000,2025-10-23,quarterly,3.78,USD,post-market,None,13114000000,0.0348,0.201,0.07,97.91,None,5052000000,416000000,35022000000,127.44,131.46,24.3421,223432000000,4126000000,203179000000,206529000000,219306000000,4494000000,27083000000,16903000000,11.35,-1125000000,140.5,103.19
2025-12-28,HIG,12.22,27917001000.0,11.35,None,0.629,64.78,,None,810000000,810000000,,,,,,,,,5000000,390500000,None,19945000000,19945000000,31245000000,None,690000000,26789000000,None,None,561000000,,2.08,0.0149,,,,0.473,0.74,3237000000,3798000000,3.04,2016-09-30,10.25,567000000,10171000000.0,7138000000,2985000000,711000000,1683000000,1683000000,None,252000000,None,0,None,None,4635000000,None,73719000000,2274000000,None,None,None,0.189,,4153000000,2985000000,-25445000000,204447000000,None,203794000000,None,,,,,1.41,2.151,1.385,,,,,,,,0.128,,1001000000,2025-10-23,quarterly,3.78,USD,post-market,None,13282000000,0.0348,0.201,0.07,97.91,None,5325000000,690000000,4067000000,127.44,131.46,24.3421,228430000000,3029000000,31935000000,209772000000,225401000000,177837000000,27083000000,18658000000,11.35,-4509000000,140.5,103.19
2025-12-28,HIG,12.22,27917001000.0,11.35,None,0.629,64.78,,None,461000000,461000000,,,,,,,,,5000000,398600000,None,19945000000,19945000000,31389000000,None,690000000,26777000000,None,None,561000000,,2.08,0.0149,,,,0.473,0.74,3237000000,3798000000,3.04,2016-06-30,10.25,498000000,10171000000.0,7138000000,2985000000,711000000,1637000000,1637000000,None,252000000,None,0,None,None,4634000000,None,75144000000,2274000000,None,None,None,0.189,,4153000000,2985000000,-25107000000,172344000000,None,203733000000,None,,,,,1.41,2.151,1.385,,,,,,,,0.128,,1005000000,2025-10-23,quarterly,3.78,USD,post-market,None,12923000000,0.0348,0.201,0.07,97.91,None,5324000000,690000000,827000000,127.44,131.46,24.3421,227616000000,2958000000,204423000000,209057000000,224658000000,4634000000,27083000000,18559000000,11.35,-4166000000,140.5,103.19
2025-12-28,HIG,12.22,27917001000.0,11.35,None,0.629,64.78,,None,479000000,479000000,,,,,,,,,5000000,406300000,None,19945000000,19945000000,31525000000,None,None,26730000000,None,None,561000000,,2.08,0.0149,,,,0.473,0.74,3237000000,3798000000,3.04,2016-03-31,10.25,498000000,10171000000.0,7138000000,2985000000,711000000,1694000000,1694000000,None,252000000,None,0,None,None,4633000000,None,73910000000,2274000000,None,None,None,0.189,,4153000000,2985000000,-25610000000,172533000000,None,204058000000,None,,,,,1.41,2.151,1.385,,,,,,,,0.128,,995000000,2025-10-23,quarterly,3.78,USD,post-market,None,12789000000,0.0348,0.201,0.07,97.91,None,5323000000,690000000,798000000,127.44,131.46,24.3421,227493000000,2397000000,204748000000,209381000000,225096000000,4633000000,27083000000,18112000000,11.35,-3821000000,140.5,103.19
2025-12-28,HIG,12.22,27917001000.0,11.35,None,0.629,64.78,,None,448000000,448000000,,,,,,,,,5000000,415900000,None,19945000000,19945000000,31670000000,None,275000000,26726000000,None,None,561000000,,2.08,0.0149,,,,0.473,0.74,3237000000,3798000000,3.04,2015-12-31,10.25,498000000,10171000000.0,7138000000,2985000000,711000000,1816000000,1816000000,None,252000000,None,0,None,None,5084000000,None,72728000000,2274000000,None,None,None,0.189,,4153000000,2985000000,-26726000000,170471000000,None,205347000000,None,,,,,1.41,2.151,1.385,,,,,,,,0.128,,974000000,2025-10-23,quarterly,3.78,USD,post-market,None,12550000000,0.0348,0.201,0.07,97.91,None,5359000000,275000000,1843000000,127.44,131.46,24.3421,228348000000,2291000000,205622000000,210706000000,226057000000,5084000000,27083000000,17642000000,11.35,-3557000000,140.5,103.19
2025-12-28,HIG,12.22,27917001000.0,11.35,None,0.629,64.78,,None,665000000,665000000,,,,,,,,,5000000,423000000,None,19945000000,19945000000,31923000000,None,None,26688000000,None,None,561000000,,2.08,0.0149,,,,0.473,0.74,3237000000,3798000000,3.04,2015-09-30,10.25,498000000,10171000000.0,7138000000,2985000000,711000000,1710000000,1710000000,None,252000000,None,0,None,None,5359000000,None,74405000000,2274000000,None,None,None,0.189,,4153000000,2985000000,-24068000000,175800000000,None,207723000000,None,,,,,1.41,2.151,1.385,,,,,,,,0.128,,932000000,2025-10-23,quarterly,3.78,USD,post-market,None,12215000000,0.0348,0.201,0.07,97.91,None,5526000000,167000000,813000000,127.44,131.46,24.3421,231453000000,4098000000,207890000000,213249000000,227355000000,5359000000,27083000000,18204000000,11.35,-3112000000,140.5,103.19
2025-12-28,HIG,12.22,27917001000.0,11.35,None,0.629,64.78,,None,493000000,493000000,,,,,,,,,5000000,428100000,None,19945000000,19945000000,31871000000,None,None,26479000000,None,None,561000000,,2.08,0.0149,,,,0.473,0.74,3237000000,3798000000,3.04,2015-06-30,10.25,498000000,10171000000.0,7138000000,2985000000,711000000,1786000000,1786000000,None,252000000,None,0,None,None,5358000000,None,74440000000,2274000000,None,None,None,0.189,,4153000000,2985000000,-24057000000,185397000000,None,217268000000,None,,,,,1.41,2.151,1.385,,,,,,,,0.128,,874000000,2025-10-23,quarterly,3.78,USD,post-market,None,11921000000,0.0348,0.201,0.07,97.91,None,5525000000,167000000,856000000,127.44,131.46,24.3421,241020000000,3771000000,217435000000,222793000000,237249000000,5358000000,27083000000,18227000000,11.35,-2870000000,140.5,103.19
2025-12-28,HIG,12.22,27917001000.0,11.35,None,0.629,64.78,,None,500000000,500000000,,,,,,,,,5000000,433700000,None,19945000000,19945000000,32101000000,None,None,26234000000,None,None,561000000,,2.08,0.0149,,,,0.473,0.74,3237000000,3798000000,3.04,2015-03-31,10.25,498000000,10171000000.0,7138000000,2985000000,711000000,1764000000,1764000000,None,252000000,None,0,None,None,5653000000,None,76576000000,2274000000,None,None,None,0.189,,4153000000,2985000000,-23731000000,222063000000,None,222063000000,None,,,,,1.41,2.151,1.385,,,,,,,,0.128,,848000000,2025-10-23,quarterly,3.78,USD,post-market,None,11583000000,0.0348,0.201,0.07,97.91,None,5820000000,167000000,1148000000,127.44,131.46,24.3421,246960000000,4151000000,32268000000,227883000000,242809000000,195615000000,27083000000,19077000000,11.35,-2657000000,140.5,103.19
2025-12-28,HIG,12.22,27917001000.0,11.35,None,0.629,64.78,,None,399000000,399000000,,,,,,,,,5000000,442600000,None,19945000000,19945000000,32532000000,None,456000000,26349000000,None,None,561000000,,2.08,0.0149,,,,0.473,0.74,3237000000,3798000000,3.04,2014-12-31,10.25,498000000,10171000000.0,7138000000,2985000000,711000000,1823000000,1823000000,None,252000000,None,0,None,None,5653000000,None,76278000000,2274000000,None,None,None,0.189,,4153000000,2985000000,-26349000000,184755000000,None,41444000000,None,,,,,1.41,2.151,1.385,,,,,,,,0.128,,831000000,2025-10-23,quarterly,3.78,USD,post-market,None,11191000000,0.0348,0.201,0.07,97.91,None,6109000000,456000000,4883000000,127.44,131.46,24.3421,245013000000,5282000000,220640000000,226293000000,239731000000,5653000000,27083000000,18720000000,11.35,-2527000000,140.5,103.19
2025-12-28,HIG,12.22,27917001000.0,11.35,None,0.629,64.78,,None,440000000,440000000,,,,,,,,,5000000,450800000,None,19945000000,19945000000,32748000000,None,None,26354000000,None,None,561000000,,2.08,0.0149,,,,0.473,0.74,3237000000,3798000000,3.04,2014-09-30,10.25,498000000,10171000000.0,7138000000,2985000000,711000000,1868000000,1868000000,None,252000000,None,0,None,None,5819000000,None,76231000000,2274000000,None,None,None,0.189,,4153000000,2985000000,-26990000000,222157000000,None,41442000000,None,,,,,1.41,2.151,1.385,,,,,,,,0.128,,816000000,2025-10-23,quarterly,3.78,USD,post-market,None,10886000000,0.0348,0.201,0.07,97.91,None,6108000000,289000000,648000000,127.44,131.46,24.3421,247100000000,452000000,33037000000,228265000000,246648000000,195228000000,27083000000,18835000000,11.35,-2146000000,140.5,103.19
2025-12-28,HIG,12.22,27917001000.0,11.35,None,0.629,64.78,,None,1512000000,1512000000,,,,,,,,,5000000,467900000,None,19945000000,19945000000,33475000000,None,None,26516000000,None,None,561000000,,2.08,0.0149,,,,0.473,0.74,3237000000,3798000000,3.04,2014-06-30,10.25,498000000,10171000000.0,7138000000,2985000000,711000000,2026000000,2026000000,None,252000000,None,0,None,None,5819000000,None,76239000000,2274000000,None,None,None,0.189,,4153000000,2985000000,-27327000000,229177000000,None,229177000000,None,,,,,1.41,2.151,1.385,,,,,,,,0.128,,807000000,2025-10-23,quarterly,3.78,USD,post-market,None,10577000000,0.0348,0.201,0.07,97.91,None,6108000000,289000000,823000000,127.44,131.46,24.3421,254713000000,1524000000,33764000000,235285000000,253189000000,201521000000,27083000000,19428000000,11.35,-1546000000,140.5,103.19
2025-12-28,HIG,12.22,27917001000.0,11.35,None,0.629,64.78,,None,1285000000,1285000000,,,,,,,,,5000000,478600000,None,19945000000,19945000000,55836000000,None,None,26605000000,None,None,561000000,,2.08,0.0149,,,,0.473,0.74,3237000000,3798000000,3.04,2014-03-31,10.25,498000000,10171000000.0,7138000000,2985000000,711000000,2092000000,2092000000,None,252000000,None,0,None,None,5818000000,None,97084000000,2274000000,None,None,None,0.189,,4153000000,2985000000,-9966000000,246799000000,None,246799000000,None,,,,,1.41,2.151,1.385,,,,,,,,0.128,,870000000,2025-10-23,quarterly,3.78,USD,post-market,None,11111000000,0.0348,0.201,0.07,97.91,None,6350000000,532000000,779000000,127.44,131.46,24.3421,272923000000,18703000000,56368000000,253149000000,254220000000,196781000000,27083000000,19774000000,11.35,-1550000000,140.5,103.19
2025-12-28,HIG,12.22,27917001000.0,11.35,None,0.629,64.78,,None,1428000000,1428000000,,,,,,,,,18984000000,486100000,None,19945000000,19945000000,39029000000,None,None,26795000000,None,None,561000000,,2.08,0.0149,,,,0.473,0.74,3237000000,3798000000,3.04,2013-12-31,10.25,498000000,10171000000.0,7138000000,2985000000,711000000,2161000000,2161000000,None,252000000,None,0,None,None,12212000000,None,98401000000,2274000000,None,None,None,0.189,,4153000000,2985000000,-74283000000,209482000000,None,252435000000,None,,,,,1.41,2.151,1.385,,,,,,,,0.128,,877000000,2025-10-23,quarterly,3.78,USD,post-market,None,10683000000,0.0348,0.201,0.07,97.91,None,12650000000,438000000,67233000000,127.44,131.46,24.3421,277884000000,21173000000,252789000000,258979000000,256711000000,6190000000,27083000000,18905000000,11.35,-1598000000,140.5,103.19
2025-12-28,HIG,12.22,27917001000.0,11.35,None,0.629,64.78,,None,1422000000,1422000000,,,,,,,,,5000000,490600000,None,19945000000,19945000000,62433000000,None,None,26788000000,None,None,561000000,,2.08,0.0149,,,,0.473,0.74,3237000000,3798000000,3.04,2013-09-30,10.25,498000000,10171000000.0,7138000000,2985000000,711000000,2249000000,2249000000,None,252000000,None,0,None,None,6306000000,None,105066000000,2274000000,None,None,None,0.189,,4153000000,2985000000,-73476000000,258430000000,None,256990000000,None,,,,,1.41,2.151,1.385,,,,,,,,0.128,,895000000,2025-10-23,quarterly,3.78,USD,post-market,None,10439000000,0.0348,0.201,0.07,97.91,None,6506000000,200000000,69031000000,127.44,131.46,24.3421,283947000000,23765000000,258630000000,265019000000,260182000000,6389000000,27083000000,18928000000,11.35,-1913000000,140.5,103.19
2025-12-28,HIG,12.22,27917001000.0,11.35,None,0.629,64.78,,None,1740000000,1740000000,,,,,,,,,5000000,451400000,None,19945000000,19945000000,63948000000,None,None,26301000000,None,None,561000000,,2.08,0.0149,,,,0.473,0.74,3237000000,3798000000,3.04,2013-06-30,10.25,498000000,10171000000.0,7138000000,2985000000,711000000,2472000000,2472000000,None,252000000,None,0,None,None,6625000000,None,107461000000,2274000000,None,None,None,0.189,,4153000000,2985000000,-73528000000,268565000000,None,267533000000,None,,,,,1.41,2.151,1.385,,,,,,,,0.128,,911000000,2025-10-23,quarterly,3.78,USD,post-market,None,10213000000,0.0348,0.201,0.07,97.91,None,7145000000,520000000,70589000000,127.44,131.46,24.3421,294833000000,25102000000,269085000000,275820000000,269731000000,6735000000,27083000000,19013000000,11.35,-1823000000,140.5,103.19
2025-12-28,HIG,12.22,27917001000.0,11.35,None,0.629,64.78,,None,1985000000,1985000000,,,,,,,,,5000000,436300000,None,19945000000,19945000000,69132000000,None,None,25979000000,None,None,561000000,,2.08,0.0149,,,,0.473,0.74,3237000000,3798000000,3.04,2013-03-31,10.25,498000000,10171000000.0,7138000000,2985000000,711000000,2431000000,2431000000,None,252000000,None,0,None,None,6327000000,None,114838000000,2274000000,None,None,None,0.189,,4153000000,2985000000,-72821000000,269122000000,None,269774000000,None,,,,,1.41,2.151,1.385,,,,,,,,0.128,,921000000,2025-10-23,quarterly,3.78,USD,post-market,None,10449000000,0.0348,0.201,0.07,97.91,None,6847000000,520000000,74941000000,127.44,131.46,24.3421,297021000000,30084000000,269642000000,276101000000,266937000000,6459000000,27083000000,20920000000,11.35,-1732000000,140.5,103.19
2025-12-28,HIG,12.22,27917001000.0,11.35,None,0.629,64.78,,None,2421000000,2421000000,,,,,,,,,5000000,488900000,None,19945000000,19945000000,70901000000,None,None,8208000000,None,None,561000000,,2.08,0.0149,,,,0.473,0.74,3237000000,3798000000,3.04,2012-12-31,10.25,654000000,10171000000.0,7138000000,2985000000,711000000,49000000,49000000,None,252000000,None,0,None,None,6806000000,None,134250000000,2274000000,None,None,None,0.189,,4153000000,2985000000,19835000000,197558000000,None,268940000000,None,,,,,1.41,2.151,1.385,,,,,,,,0.128,,977000000,2025-10-23,quarterly,3.78,USD,post-market,None,10745000000,0.0348,0.201,0.07,97.91,None,7287000000,320000000,890000000,127.44,131.46,24.3421,298513000000,31354000000,268779000000,276066000000,267159000000,6967000000,27083000000,22447000000,11.35,-1740000000,140.5,103.19
2025-12-28,HIG,12.22,27917001000.0,11.35,None,0.629,64.78,,None,2705000000,2705000000,,,,,,,,,5000000,482700000,None,19945000000,19945000000,73024000000,None,None,3646000000,None,None,561000000,,2.08,0.0149,,,,0.473,0.74,3237000000,3798000000,3.04,2012-09-30,10.25,1006000000,10171000000.0,7138000000,2985000000,711000000,664000000,664000000,None,252000000,None,0,None,None,6806000000,None,137168000000,2274000000,None,None,None,0.189,,4153000000,2985000000,21744000000,-73344000000,None,278613000000,None,,,,,1.41,2.151,1.385,,,,,,,,0.128,,979000000,2025-10-23,quarterly,3.78,USD,post-market,None,11235000000,0.0348,0.201,0.07,97.91,None,7316000000,320000000,4787000000,127.44,131.46,24.3421,308918000000,32882000000,73344000000,285548000000,276036000000,212204000000,27083000000,23370000000,11.35,-1753000000,140.5,103.19
2025-12-28,HIG,12.22,27917001000.0,11.35,None,0.629,64.78,,None,2338000000,2338000000,,,,,,,,,5000000,464800000,None,19945000000,19945000000,73188000000,None,None,3537000000,None,None,561000000,,2.08,0.0149,,,,0.473,0.74,3237000000,3798000000,3.04,2012-06-30,10.25,1006000000,10171000000.0,7138000000,2985000000,711000000,1006000000,1006000000,None,252000000,None,0,None,None,7379000000,None,None,2274000000,None,None,None,0.189,,4153000000,2985000000,20524000000,-73188000000,None,None,None,,,,,1.41,2.151,1.385,,,,,,,,0.128,,1001000000,2025-10-23,quarterly,3.78,USD,post-market,None,2256000000,0.0348,0.201,0.07,97.91,None,7379000000,None,5154000000,127.44,131.46,24.3421,303977000000,31553000000,73188000000,282016000000,272424000000,208828000000,27083000000,21961000000,11.35,-1780000000,140.5,103.19
2025-12-28,HIG,12.22,27917001000.0,11.35,None,0.629,64.78,,None,2059000000,2059000000,,,,,,,,,5000000,469000000,None,19945000000,19945000000,74757000000,None,None,3565000000,None,None,561000000,,2.08,0.0149,,,,0.473,0.74,3237000000,3798000000,3.04,2012-03-31,10.25,1006000000,10171000000.0,7138000000,2985000000,711000000,1006000000,1006000000,None,252000000,None,0,None,None,6530000000,None,None,2274000000,None,None,None,0.189,,4153000000,2985000000,21901000000,-74757000000,None,None,None,,,,,1.41,2.151,1.385,,,,,,,,0.128,,1017000000,2025-10-23,quarterly,3.78,USD,post-market,None,11042000000,0.0348,0.201,0.07,97.91,None,6530000000,None,5256000000,127.44,131.46,24.3421,310548000000,32781000000,74757000000,289274000000,277767000000,214517000000,27083000000,21274000000,11.35,-1688000000,140.5,103.19
2025-12-28,HIG,12.22,27917001000.0,11.35,None,0.629,64.78,,None,2581000000,2581000000,,,,,,,,,5000000,440700000,None,19945000000,19945000000,76073000000,None,None,8214000000,None,None,561000000,,2.08,0.0149,,,,0.473,0.74,3237000000,3798000000,3.04,2011-12-31,10.25,1006000000,10171000000.0,7138000000,2985000000,711000000,55000000,55000000,None,252000000,None,0,None,None,6375000000,None,None,2274000000,None,None,None,0.189,,4153000000,2985000000,203694000000,198520000000,None,None,None,,,,,1.41,2.151,1.385,,,,,,,,0.128,,1029000000,2025-10-23,quarterly,3.78,USD,post-market,None,12519000000,0.0348,0.201,0.07,97.91,None,6530000000,None,7736000000,127.44,131.46,24.3421,304064000000,222225000000,274593000000,281154000000,81839000000,6530000000,27083000000,22910000000,11.35,-1718000000,140.5,103.19
2025-12-28,HIG,12.22,27917001000.0,11.35,None,0.629,64.78,,None,2589000000,2589000000,,,,,,,,,5000000,445300000,None,19945000000,19945000000,76602000000,None,None,3525000000,None,None,561000000,,2.08,0.0149,,,,0.473,0.74,3237000000,3798000000,3.04,2011-09-30,10.25,1036000000,10171000000.0,7138000000,2985000000,711000000,1036000000,1036000000,None,252000000,None,0,None,None,6217000000,None,136178000000,2274000000,None,None,None,0.189,,4153000000,2985000000,208481000000,-77002000000,None,276600000000,None,,,,,1.41,2.151,1.385,,,,,,,,0.128,,1029000000,2025-10-23,quarterly,3.78,USD,post-market,None,12447000000,0.0348,0.201,0.07,97.91,None,6966000000,400000000,9704000000,127.44,131.46,24.3421,305598000000,224299000000,77002000000,282817000000,81299000000,205815000000,27083000000,22781000000,11.35,-1687000000,140.5,103.19
2025-12-28,HIG,12.22,27917001000.0,11.35,None,0.629,64.78,,None,1898000000,1898000000,,,,,,,,,5000000,482400000,None,19945000000,19945000000,76310000000,None,None,3418000000,None,None,561000000,,2.08,0.0149,,,,0.473,0.74,3237000000,3798000000,3.04,2011-06-30,10.25,1036000000,10171000000.0,7138000000,2985000000,711000000,1036000000,1036000000,None,252000000,None,0,None,None,6214000000,None,132072000000,2274000000,None,None,None,0.189,,4153000000,2985000000,224124000000,-76710000000,None,289580000000,None,,,,,1.41,2.151,1.385,,,,,,,,0.128,,1020000000,2025-10-23,quarterly,3.78,USD,post-market,None,12503000000,0.0348,0.201,0.07,97.91,None,6982000000,400000000,8861000000,127.44,131.46,24.3421,317469000000,238301000000,76710000000,295794000000,79168000000,219084000000,27083000000,21675000000,11.35,-1705000000,140.5,103.19
2025-12-28,HIG,12.22,27917001000.0,11.35,None,0.629,64.78,,None,2317000000,2317000000,,,,,,,,,5000000,508200000,None,19945000000,19945000000,76188000000,None,None,3396000000,None,None,561000000,,2.08,0.0149,,,,0.473,0.74,3237000000,3798000000,3.04,2011-03-31,10.25,1051000000,10171000000.0,7138000000,2985000000,711000000,1051000000,1051000000,None,252000000,None,0,None,None,6210000000,None,129689000000,2274000000,None,None,None,0.189,,4153000000,2985000000,230176000000,-76588000000,None,295329000000,None,,,,,1.41,2.151,1.385,,,,,,,,0.128,,1132000000,2025-10-23,quarterly,3.78,USD,post-market,None,12533000000,0.0348,0.201,0.07,97.91,None,6992000000,400000000,7330000000,127.44,131.46,24.3421,322538000000,243219000000,76588000000,301539000000,79319000000,224951000000,27083000000,20999000000,11.35,-1722000000,140.5,103.19
2025-12-28,HIG,12.22,27917001000.0,11.35,None,0.629,64.78,,None,2062000000,2062000000,,,,,,,,,5000000,444600000,None,19945000000,19945000000,77343000000,None,None,3273000000,None,None,561000000,,2.08,0.0149,,,,0.473,0.74,3237000000,3798000000,3.04,2010-12-31,10.25,1051000000,10171000000.0,7138000000,2985000000,711000000,1051000000,1051000000,None,252000000,None,None,None,None,6207000000,None,130995000000,2274000000,None,None,None,0.189,,4153000000,2985000000,226510000000,213703000000,None,291828000000,None,,,,,1.41,2.151,1.385,,,,,,,,0.128,,1150000000,2025-10-23,quarterly,3.78,USD,post-market,None,12077000000,0.0348,0.201,0.07,97.91,None,6989000000,400000000,8528000000,127.44,131.46,24.3421,318346000000,240373000000,291446000000,298035000000,77973000000,6589000000,27083000000,20311000000,11.35,-1774000000,140.5,103.19
2025-12-28,HIG,12.22,27917001000.0,11.35,None,0.629,64.78,,None,1707000000,1707000000,,,,,,,,,5000000,495300000,None,19945000000,19945000000,78359000000,None,None,3370000000,None,None,561000000,,2.08,0.0149,,,,0.473,0.74,3237000000,3798000000,3.04,2010-09-30,10.25,1051000000,10171000000.0,7138000000,2985000000,711000000,1051000000,1051000000,None,252000000,None,0,None,None,6987000000,None,None,2274000000,None,None,None,0.189,,4153000000,2985000000,218545000000,207671000000,None,None,None,,,,,1.41,2.151,1.385,,,,,,,,0.128,,1143000000,2025-10-23,quarterly,3.78,USD,post-market,None,11488000000,0.0348,0.201,0.07,97.91,None,6987000000,None,9517000000,127.44,131.46,24.3421,313926000000,233139000000,286030000000,293017000000,80787000000,6987000000,27083000000,20909000000,11.35,-1789000000,140.5,103.19
2025-12-28,HIG,12.22,27917001000.0,11.35,None,0.629,64.78,,None,2998000000,2998000000,,,,,,,,,5000000,480200000,None,19945000000,19945000000,76555000000,None,None,3371000000,None,None,561000000,,2.08,0.0149,,,,0.473,0.74,3237000000,3798000000,3.04,2010-06-30,10.25,1051000000,10171000000.0,7138000000,2985000000,711000000,1051000000,1051000000,None,252000000,None,0,None,None,7052000000,None,None,2274000000,None,None,None,0.189,,4153000000,2985000000,220867000000,-76555000000,None,None,None,,,,,1.41,2.151,1.385,,,,,,,,0.128,,1150000000,2025-10-23,quarterly,3.78,USD,post-market,None,11049000000,0.0348,0.201,0.07,97.91,None,7052000000,None,8731000000,127.44,131.46,24.3421,314150000000,235967000000,76555000000,295259000000,78183000000,218704000000,27083000000,18891000000,11.35,-1810000000,140.5,103.19
2025-12-28,HIG,12.22,27917001000.0,11.35,None,0.629,64.78,,None,2079000000,2079000000,,,,,,,,,5000000,393700000,None,19945000000,19945000000,77415000000,None,None,3402000000,None,None,561000000,,2.08,0.0149,,,,0.473,0.74,3237000000,3798000000,3.04,2010-03-31,10.25,1204000000,10171000000.0,7138000000,2985000000,711000000,1204000000,1204000000,None,252000000,None,0,None,None,7431000000,None,None,2274000000,None,None,None,0.189,,4153000000,2985000000,226468000000,-77690000000,None,None,None,,,,,1.41,2.151,1.385,,,,,,,,0.128,,1032000000,2025-10-23,quarterly,3.78,USD,post-market,None,11006000000,0.0348,0.201,0.07,97.91,None,7706000000,275000000,8545000000,127.44,131.46,24.3421,317282000000,240494000000,77690000000,299442000000,76788000000,221752000000,27083000000,17840000000,11.35,-1825000000,140.5,103.19
2025-12-28,HIG,12.22,27917001000.0,11.35,None,0.629,64.78,,None,2142000000,2142000000,,,,,,,,,4000000,393700000,None,19945000000,19945000000,45852000000,None,None,3404000000,None,None,561000000,,2.08,0.0149,,,,0.473,0.74,3237000000,3798000000,3.04,2009-12-31,10.25,1204000000,10171000000.0,7138000000,2985000000,711000000,1204000000,1204000000,None,252000000,None,6530000000,None,None,6608000000,None,None,2274000000,None,None,None,0.189,,4153000000,2985000000,284226000000,233085000000,None,None,None,,,,,1.41,2.151,1.385,,,,,,,,0.128,,1026000000,2025-10-23,quarterly,3.78,USD,post-market,None,11164000000,0.0348,0.201,0.07,97.91,None,6975000000,343000000,10357000000,127.44,131.46,24.3421,307717000000,306659000000,283220000000,289823000000,1058000000,6632000000,27083000000,17865000000,11.35,-1936000000,140.5,103.19
2025-12-28,HIG,12.22,27917001000.0,11.35,None,0.629,64.78,,None,2417000000,2417000000,,,,,,,,,4000000,356100000,None,19945000000,19945000000,81435000000,None,None,3482000000,None,None,561000000,,2.08,0.0149,,,,0.473,0.74,3237000000,3798000000,3.04,2009-09-30,10.25,1204000000,10171000000.0,7138000000,2985000000,711000000,1204000000,1204000000,None,252000000,None,0,None,None,6686000000,None,None,2274000000,None,None,None,0.189,,4153000000,2985000000,294675000000,-81777000000,None,None,None,,,,,1.41,2.151,1.385,,,,,,,,0.128,,1032000000,2025-10-23,quarterly,3.78,USD,post-market,None,10689000000,0.0348,0.201,0.07,97.91,None,7028000000,342000000,13910000000,127.44,131.46,24.3421,316720000000,314484000000,81777000000,299239000000,2236000000,217462000000,27083000000,17456000000,11.35,-1936000000,140.5,103.19
2025-12-28,HIG,12.22,27917001000.0,11.35,None,0.629,64.78,,None,2558000000,2558000000,,,,,,,,,4000000,325400000,None,19945000000,19945000000,80050000000,None,None,3510000000,None,None,561000000,,2.08,0.0149,,,,0.473,0.74,3237000000,3798000000,3.04,2009-06-30,10.25,1204000000,10171000000.0,7138000000,2985000000,711000000,1204000000,1204000000,None,252000000,None,None,None,None,6689000000,None,None,2274000000,None,None,None,0.189,,4153000000,2985000000,268703000000,-80392000000,None,None,None,,,,,1.41,2.151,1.385,,,,,,,,0.128,,1024000000,2025-10-23,quarterly,3.78,USD,post-market,None,10991000000,0.0348,0.201,0.07,97.91,None,7031000000,342000000,12701000000,127.44,131.46,24.3421,289700000000,287472000000,80392000000,276238000000,2228000000,195846000000,27083000000,13442000000,11.35,-2054000000,140.5,103.19
2025-12-28,HIG,12.22,27917001000.0,11.35,None,0.629,64.78,,None,1851000000,1851000000,,,,,,,,,4000000,320800000,None,19945000000,19945000000,80745000000,None,None,3568000000,None,None,561000000,,2.08,0.0149,,,,0.473,0.74,3237000000,3798000000,3.04,2009-03-31,10.25,1036000000,10171000000.0,7138000000,2985000000,711000000,1036000000,1036000000,None,252000000,None,None,None,None,6959000000,None,None,2274000000,None,None,None,0.189,,4153000000,2985000000,257462000000,-81164000000,None,None,None,,,,,1.41,2.151,1.385,,,,,,,,0.128,,1062000000,2025-10-23,quarterly,3.78,USD,post-market,None,10111000000,0.0348,0.201,0.07,97.91,None,7378000000,419000000,11189000000,127.44,131.46,24.3421,276168000000,274070000000,81164000000,268281000000,2098000000,187117000000,27083000000,7860000000,11.35,-2054000000,140.5,103.19
2025-12-28,HIG,12.22,27917001000.0,11.35,None,0.629,64.78,,None,1811000000,1811000000,,,,,,,,,3000000,320800000,None,19945000000,19945000000,53753000000,None,None,3604000000,None,None,561000000,,2.08,0.0149,,,,0.473,0.74,3237000000,3798000000,3.04,2008-12-31,10.25,1060000000,10171000000.0,7138000000,2985000000,711000000,1060000000,1060000000,None,252000000,None,6445000000,None,None,7022000000,None,None,2274000000,None,None,None,0.189,,4153000000,2985000000,263566000000,211892000000,None,None,None,,,,,1.41,2.151,1.385,,,,,,,,0.128,,1075000000,2025-10-23,quarterly,3.78,USD,post-market,None,11336000000,0.0348,0.201,0.07,97.91,None,6221000000,398000000,10022000000,127.44,131.46,24.3421,287583000000,285448000000,271282000000,240312000000,2135000000,7033000000,27083000000,9268000000,11.35,-2120000000,140.5,103.19
2025-12-28,HIG,12.22,27917001000.0,11.35,None,0.629,64.78,,None,1963000000,1963000000,,,,,,,,,3000000,301100000,None,19945000000,19945000000,80837000000,None,None,3627000000,None,None,561000000,,2.08,0.0149,,,,0.473,0.74,3237000000,3798000000,3.04,2008-09-30,10.25,1801000000,10171000000.0,7138000000,2985000000,711000000,1801000000,1801000000,None,252000000,None,None,None,None,5845000000,None,None,2274000000,None,None,None,0.189,,4153000000,2985000000,297703000000,-81764000000,None,None,None,,,,,1.41,2.151,1.385,,,,,,,,0.128,,1038000000,2025-10-23,quarterly,3.78,USD,post-market,None,12249000000,0.0348,0.201,0.07,97.91,None,5547000000,927000000,5353000000,127.44,131.46,24.3421,311485000000,308646000000,81764000000,298928000000,2839000000,217164000000,27083000000,12557000000,11.35,-2138000000,140.5,103.19
2025-12-28,HIG,12.22,27917001000.0,11.35,None,0.629,64.78,,None,2084000000,2084000000,,,,,,,,,3000000,313100000,None,19945000000,19945000000,83385000000,None,None,3625000000,None,None,561000000,,2.08,0.0149,,,,0.473,0.74,3237000000,3798000000,3.04,2008-06-30,10.25,1788000000,10171000000.0,7138000000,2985000000,711000000,1788000000,1788000000,None,252000000,None,None,None,None,5731000000,None,None,2274000000,None,None,None,0.189,,4153000000,2985000000,320194000000,-84738000000,None,None,None,,,,,1.41,2.151,1.385,,,,,,,,0.128,,1022000000,2025-10-23,quarterly,3.78,USD,post-market,None,15039000000,0.0348,0.201,0.07,97.91,None,5971000000,1353000000,5127000000,127.44,131.46,24.3421,333840000000,331030000000,84738000000,317016000000,2810000000,232278000000,27083000000,16824000000,11.35,-2029000000,140.5,103.19
2025-12-28,HIG,12.22,27917001000.0,11.35,None,0.629,64.78,,None,2248000000,2248000000,,,,,,,,,3000000,315700000,None,19945000000,19945000000,83836000000,None,None,8886000000,None,None,561000000,,2.08,0.0149,,,,0.473,0.74,3237000000,3798000000,3.04,2008-03-31,10.25,1788000000,10171000000.0,7138000000,2985000000,711000000,1788000000,1788000000,None,252000000,None,None,None,None,4589000000,None,None,2274000000,None,None,None,0.189,,4153000000,2985000000,322878000000,82865000000,None,None,None,,,,,1.41,2.151,1.385,,,,,,,,0.128,,994000000,2025-10-23,quarterly,3.78,USD,post-market,None,14661000000,0.0348,0.201,0.07,97.91,None,5953000000,2335000000,7374000000,127.44,131.46,24.3421,344168000000,341386000000,85200000000,326332000000,2782000000,241132000000,27083000000,17836000000,11.35,-1184000000,140.5,103.19
2025-12-28,HIG,12.22,27917001000.0,11.35,None,0.629,64.78,,None,2011000000,2011000000,,,,,,,,,3000000,313800000,None,19945000000,19945000000,80342000000,None,None,3681000000,None,None,561000000,,2.08,0.0149,,,,0.473,0.74,3237000000,3798000000,3.04,2007-12-31,10.25,1726000000,10171000000.0,7138000000,2985000000,711000000,1726000000,1726000000,None,252000000,None,None,None,None,3729000000,None,None,2274000000,None,None,None,0.189,,4153000000,2985000000,347188000000,335533000000,None,None,None,,,,,1.41,2.151,1.385,,,,,,,,0.128,,972000000,2025-10-23,quarterly,3.78,USD,post-market,None,14686000000,0.0348,0.201,0.07,97.91,None,5316000000,1365000000,4783000000,127.44,131.46,24.3421,360361000000,357663000000,337206000000,341157000000,2698000000,259142000000,27083000000,19204000000,11.35,-1254000000,140.5,103.19
2025-12-28,HIG,12.22,27917001000.0,11.35,None,0.629,64.78,,None,1952000000,1952000000,,,,,,,,,3000000,318000000,None,19945000000,19945000000,78925000000,None,None,5163000000,None,None,561000000,,2.08,0.0149,,,,0.473,0.74,3237000000,3798000000,3.04,2007-09-30,10.25,1726000000,10171000000.0,7138000000,2985000000,711000000,1726000000,1726000000,None,252000000,None,None,None,None,4393000000,None,None,2274000000,None,None,None,0.189,,4153000000,2985000000,343935000000,78202000000,None,None,None,,,,,1.41,2.151,1.385,,,,,,,,0.128,,941000000,2025-10-23,quarterly,3.78,USD,post-market,None,14260000000,0.0348,0.201,0.07,97.91,None,5215000000,1545000000,2738000000,127.44,131.46,24.3421,356455000000,353788000000,79747000000,337505000000,2667000000,257758000000,27083000000,18950000000,11.35,-1232000000,140.5,103.19
2025-12-28,HIG,12.22,27917001000.0,11.35,None,0.629,64.78,,None,1624000000,1624000000,,,,,,,,,3000000,319600000,None,19945000000,19945000000,74796000000,None,None,8980000000,None,None,561000000,,2.08,0.0149,,,,0.473,0.74,3237000000,3798000000,3.04,2007-06-30,10.25,1726000000,10171000000.0,7138000000,2985000000,711000000,1726000000,1726000000,None,252000000,None,None,None,None,4707000000,None,None,2274000000,None,None,None,0.189,,4153000000,2985000000,329901000000,74208000000,None,None,None,,,,,1.41,2.151,1.385,,,,,,,,0.128,,910000000,2025-10-23,quarterly,3.78,USD,post-market,None,13564000000,0.0348,0.201,0.07,97.91,None,5106000000,987000000,2505000000,127.44,131.46,24.3421,345646000000,343010000000,75195000000,326998000000,2636000000,251803000000,27083000000,18648000000,11.35,-859000000,140.5,103.19
2025-12-28,HIG,12.22,27917001000.0,11.35,None,0.629,64.78,,None,1790000000,1790000000,,,,,,,,,3000000,322700000,None,19945000000,19945000000,73465000000,None,None,9252000000,None,None,561000000,,2.08,0.0149,,,,0.473,0.74,3237000000,3798000000,3.04,2007-03-31,10.25,1726000000,10171000000.0,7138000000,2985000000,711000000,1726000000,1726000000,None,252000000,None,None,None,None,4439000000,None,None,2274000000,None,None,None,0.189,,4153000000,2985000000,316882000000,73030000000,None,None,None,,,,,1.41,2.151,1.385,,,,,,,,0.128,,815000000,2025-10-23,quarterly,3.78,USD,post-market,None,13095000000,0.0348,0.201,0.07,97.91,None,4907000000,903000000,2246000000,127.44,131.46,24.3421,332711000000,330170000000,73933000000,313860000000,2541000000,239927000000,27083000000,18851000000,11.35,-859000000,140.5,103.19
2025-12-28,HIG,12.22,27917001000.0,11.35,None,0.629,64.78,,None,1424000000,1424000000,,,,,,,,,3000000,319600000,None,19945000000,19945000000,71311000000,None,None,9246000000,None,None,561000000,,2.08,0.0149,,,,0.473,0.74,3237000000,3798000000,3.04,2006-12-31,10.25,1717000000,10171000000.0,7138000000,2985000000,711000000,1717000000,1717000000,None,252000000,None,None,None,None,3762000000,None,None,2274000000,None,None,None,0.189,,4153000000,2985000000,311615000000,302765000000,None,None,None,,,,,1.41,2.151,1.385,,,,,,,,0.128,,791000000,2025-10-23,quarterly,3.78,USD,post-market,None,12421000000,0.0348,0.201,0.07,97.91,None,4361000000,857000000,1917000000,127.44,131.46,24.3421,326710000000,324202000000,303906000000,307834000000,2508000000,235640000000,27083000000,18876000000,11.35,-47000000,140.5,103.19
2025-12-28,HIG,12.22,27917001000.0,11.35,None,0.629,64.78,,None,1355000000,1355000000,,,,,,,,,3000000,316700000,None,19945000000,19945000000,69296000000,None,None,5037000000,None,None,561000000,,2.08,0.0149,,,,0.473,0.74,3237000000,3798000000,3.04,2006-09-30,10.25,1720000000,10171000000.0,7138000000,2985000000,711000000,1720000000,1720000000,None,252000000,None,None,None,None,3081000000,None,None,2274000000,None,None,None,0.189,,4153000000,2985000000,294166000000,-70291000000,None,None,None,,,,,1.41,2.151,1.385,,,,,,,,0.128,,753000000,2025-10-23,quarterly,3.78,USD,post-market,None,11800000000,0.0348,0.201,0.07,97.91,None,4076000000,995000000,1763000000,127.44,131.46,24.3421,304794000000,302321000000,70291000000,287061000000,2473000000,216770000000,27083000000,17733000000,11.35,-46000000,140.5,103.19
2025-12-28,HIG,12.22,27917001000.0,11.35,None,0.629,64.78,,None,1081000000,1081000000,,,,,,,,,3000000,312300000,None,19945000000,19945000000,67767000000,None,None,8978000000,None,None,561000000,,2.08,0.0149,,,,0.473,0.74,3237000000,3798000000,3.04,2006-06-30,10.25,1720000000,10171000000.0,7138000000,2985000000,711000000,1720000000,1720000000,None,252000000,None,None,None,None,3380000000,None,None,2274000000,None,None,None,0.189,,4153000000,2985000000,280814000000,-69151000000,None,None,None,,,,,1.41,2.151,1.385,,,,,,,,0.128,,717000000,2025-10-23,quarterly,3.78,USD,post-market,None,11167000000,0.0348,0.201,0.07,97.91,None,4764000000,1384000000,1628000000,127.44,131.46,24.3421,294938000000,292501000000,69151000000,279555000000,2437000000,210404000000,27083000000,15383000000,11.35,-46000000,140.5,103.19
2025-12-28,HIG,12.22,27917001000.0,11.35,None,0.629,64.78,,None,1394000000,1394000000,,,,,,,,,3000000,310900000,None,19945000000,19945000000,66602000000,None,None,9795000000,None,None,561000000,,2.08,0.0149,,,,0.473,0.74,3237000000,3798000000,3.04,2006-03-31,10.25,1720000000,10171000000.0,7138000000,2985000000,711000000,1720000000,1720000000,None,252000000,None,None,None,None,4045000000,None,None,2274000000,None,None,None,0.189,,4153000000,2985000000,280423000000,-67323000000,None,None,None,,,,,1.41,2.151,1.385,,,,,,,,0.128,,691000000,2025-10-23,quarterly,3.78,USD,post-market,None,10814000000,0.0348,0.201,0.07,97.91,None,4766000000,721000000,1352000000,127.44,131.46,24.3421,295375000000,292964000000,67323000000,279965000000,2411000000,212642000000,27083000000,15410000000,11.35,-46000000,140.5,103.19
2025-12-28,HIG,12.22,27917001000.0,11.35,None,0.629,64.78,,None,1273000000,1273000000,,,,,,,,,3000000,302200000,None,19945000000,19945000000,64452000000,None,None,10094000000,None,None,561000000,,2.08,0.0149,,,,0.473,0.74,3237000000,3798000000,3.04,2005-12-31,10.25,1720000000,10171000000.0,7138000000,2985000000,711000000,1720000000,1720000000,None,252000000,None,None,None,None,4048000000,None,None,2274000000,None,None,None,0.189,,4153000000,2985000000,270534000000,201013000000,None,None,None,,,,,1.41,2.151,1.385,,,,,,,,0.128,,683000000,2025-10-23,quarterly,3.78,USD,post-market,None,10207000000,0.0348,0.201,0.07,97.91,None,4767000000,719000000,1253000000,127.44,131.46,24.3421,285557000000,283154000000,266184000000,270232000000,2403000000,4048000000,27083000000,15325000000,11.35,-42000000,140.5,103.19
2025-12-28,HIG,12.22,27917001000.0,11.35,None,0.629,64.78,,None,1481000000,1481000000,,,,,,,,,3000000,307000000,None,19945000000,19945000000,61535000000,None,None,9246000000,None,None,561000000,,2.08,0.0149,,,,0.473,0.74,3237000000,3798000000,3.04,2005-09-30,10.25,1720000000,10171000000.0,7138000000,2985000000,711000000,1720000000,1720000000,None,252000000,None,None,None,None,4053000000,None,None,2274000000,None,None,None,0.189,,4153000000,2985000000,264844000000,-62155000000,None,None,None,,,,,1.41,2.151,1.385,,,,,,,,0.128,,675000000,2025-10-23,quarterly,3.78,USD,post-market,None,9831000000,0.0348,0.201,0.07,97.91,None,4673000000,620000000,2499000000,127.44,131.46,24.3421,280465000000,278070000000,62155000000,265155000000,2395000000,203000000000,27083000000,15310000000,11.35,-42000000,140.5,103.19
2025-12-28,HIG,12.22,27917001000.0,11.35,None,0.629,64.78,,None,183000000,183000000,,,,,,,,,3000000,298600000,None,19945000000,19945000000,614000000,None,0,5998000000,None,None,561000000,,2.08,0.0149,,,,0.473,0.74,3237000000,3798000000,3.04,2024-12-31,10.25,1911000000,10171000000.0,7138000000,2985000000,711000000,637000000,637000000,None,252000000,None,None,None,None,4366000000,None,52588000000,2274000000,None,None,None,0.189,,4153000000,2985000000,None,614000000,None,None,None,,,,,1.41,2.151,1.385,,,,,,,,0.128,,888000000,2025-10-23,annual,3.78,USD,post-market,None,21531000000,0.0348,0.201,0.07,97.91,None,4366000000,0,4068000000,127.44,131.46,24.3421,80917000000,10249000000,614000000,64470000000,3436000000,63856000000,27083000000,16447000000,11.35,None,140.5,103.19
2025-12-28,HIG,12.22,27917001000.0,11.35,None,0.629,64.78,,None,126000000,126000000,,,,,,,,,3000000,311500000,None,19945000000,19945000000,None,None,0,12711000000,None,None,561000000,,2.08,0.0149,,,,0.473,0.74,3237000000,3798000000,3.04,2023-12-31,10.25,1911000000,10171000000.0,7138000000,2985000000,711000000,707000000,707000000,None,252000000,None,-56505000000,None,None,4362000000,None,49644000000,2274000000,None,None,None,0.189,,4153000000,2985000000,-1286000000,35214000000,None,None,None,,,,,1.41,2.151,1.385,,,,,,,,0.128,,896000000,2025-10-23,annual,3.78,USD,post-market,None,19007000000,0.0348,0.201,0.07,97.91,None,4362000000,0,19173000000,127.44,131.46,24.3421,70096000000,11551000000,35214000000,54769000000,58545000000,19555000000,27083000000,15327000000,11.35,None,140.5,103.19
2025-12-28,HIG,12.22,27917001000.0,11.35,None,0.629,64.78,,None,229000000,229000000,,,,,,,,,17173000000,329500000,None,19945000000,19945000000,658000000,None,0,11915000000,None,None,561000000,,2.08,0.0149,,,,0.473,0.74,3237000000,3798000000,3.04,2022-12-31,10.25,1911000000,10171000000.0,7138000000,2985000000,711000000,778000000,778000000,None,252000000,None,-10566000000,None,None,4357000000,None,46401000000,2274000000,None,None,None,0.189,,4153000000,2985000000,10566000000,34277000000,None,55034000000,None,,,,,1.41,2.151,1.385,,,,,,,,0.128,,927000000,2025-10-23,annual,3.78,USD,post-market,None,17048000000,0.0348,0.201,0.07,97.91,None,38634000000,34277000000,40090000000,127.44,131.46,24.3421,73022000000,52234000000,2107000000,59391000000,50017000000,57284000000,27083000000,13631000000,11.35,-1773000000,140.5,103.19
2025-12-28,HIG,12.22,27917001000.0,11.35,None,0.629,64.78,,None,205000000,205000000,,,,,,,,,4000000,354100000,None,19945000000,19945000000,687000000,None,None,10968000000,None,None,561000000,,2.08,0.0149,,,,0.473,0.74,3237000000,3798000000,3.04,2021-12-31,10.25,1911000000,10171000000.0,7138000000,2985000000,711000000,858000000,858000000,None,252000000,None,-9914000000,None,None,4944000000,None,57749000000,2274000000,None,None,None,0.189,,4153000000,2985000000,-57717000000,-687000000,None,53791000000,None,,,,,1.41,2.151,1.385,,,,,,,,0.128,,1027000000,2025-10-23,annual,3.78,USD,post-market,None,15764000000,0.0348,0.201,0.07,97.91,None,4944000000,0,46544000000,127.44,131.46,24.3421,76578000000,20791000000,957000000,58735000000,55787000000,4944000000,27083000000,17843000000,11.35,-1740000000,140.5,103.19
2025-12-28,HIG,12.22,27917001000.0,11.35,None,0.629,64.78,,None,151000000,151000000,,,,,,,,,4000000,360600000,None,19945000000,19945000000,701000000,None,0,10279000000,None,None,561000000,,2.08,0.0149,,,,0.473,0.74,3237000000,3798000000,3.04,2020-12-31,10.25,1911000000,10171000000.0,7138000000,2985000000,711000000,950000000,950000000,None,252000000,None,-9236000000,None,None,4352000000,None,56532000000,2274000000,None,None,None,0.189,,4153000000,2985000000,-58748000000,-701000000,None,51203000000,None,,,,,1.41,2.151,1.385,,,,,,,,0.128,,1122000000,2025-10-23,annual,3.78,USD,post-market,None,13918000000,0.0348,0.201,0.07,97.91,None,4352000000,0,48318000000,127.44,131.46,24.3421,74111000000,18290000000,747000000,55555000000,55821000000,4352000000,27083000000,18556000000,11.35,-1192000000,140.5,103.19
2025-12-28,HIG,12.22,27917001000.0,11.35,None,0.629,64.78,,None,185000000,185000000,,,,,,,,,4000000,364900000,None,19945000000,19945000000,755000000,None,500000000,9911000000,None,None,561000000,,2.08,0.0149,,,,0.473,0.74,3237000000,3798000000,3.04,2019-12-31,10.25,1913000000,10171000000.0,7138000000,2985000000,711000000,1070000000,1070000000,None,252000000,None,-9067000000,None,None,4348000000,None,53030000000,2274000000,None,None,None,0.189,,4153000000,2985000000,-55165000000,-500000000,None,49699000000,None,,,,,1.41,2.151,1.385,,,,,,,,0.128,,1181000000,2025-10-23,annual,3.78,USD,post-market,None,12685000000,0.0348,0.201,0.07,97.91,None,4848000000,500000000,45069000000,127.44,131.46,24.3421,70817000000,55165000000,50199000000,54547000000,52659000000,4348000000,27083000000,16270000000,11.35,-1117000000,140.5,103.19
2025-12-28,HIG,12.22,27917001000.0,11.35,None,0.629,64.78,,None,121000000,121000000,,,,,,,,,4000000,364100000,None,19945000000,19945000000,767000000,None,413000000,8352000000,None,None,561000000,,2.08,0.0149,,,,0.473,0.74,3237000000,3798000000,3.04,2018-12-31,10.25,1290000000,10171000000.0,7138000000,2985000000,711000000,657000000,657000000,None,252000000,None,None,None,None,4265000000,None,46790000000,2274000000,None,None,None,0.189,,4153000000,2985000000,27012000000,43761000000,None,44528000000,None,,,,,1.41,2.151,1.385,,,,,,,,0.128,,1006000000,2025-10-23,annual,3.78,USD,post-market,None,11055000000,0.0348,0.201,0.07,97.91,None,4678000000,413000000,4283000000,127.44,131.46,24.3421,62307000000,39768000000,44941000000,49206000000,22539000000,4265000000,27083000000,13101000000,11.35,-1091000000,140.5,103.19
2025-12-28,HIG,12.22,27917001000.0,11.35,None,0.629,64.78,,None,180000000,180000000,,,,,,,,,4000000,370500000,None,19945000000,19945000000,816000000,None,320000000,7971000000,None,None,561000000,,2.08,0.0149,,,,0.473,0.74,3237000000,3798000000,3.04,2017-12-31,10.25,1290000000,10171000000.0,7138000000,2985000000,711000000,659000000,659000000,None,252000000,None,0,None,None,4678000000,None,45146000000,2274000000,None,None,None,0.189,,4153000000,2985000000,839000000,205952000000,None,206768000000,None,,,,,1.41,2.151,1.385,,,,,,,,0.128,,1034000000,2025-10-23,annual,3.78,USD,post-market,None,9642000000,0.0348,0.201,0.07,97.91,None,4998000000,320000000,40246000000,127.44,131.46,24.3421,225260000000,49236000000,207088000000,211766000000,176024000000,4678000000,27083000000,13494000000,11.35,-1194000000,140.5,103.19
2025-12-28,HIG,12.22,27917001000.0,11.35,None,0.629,64.78,,None,882000000,882000000,,,,,,,,,4000000,394800000,None,19945000000,19945000000,31176000000,None,416000000,3731000000,None,None,561000000,,2.08,0.0149,,,,0.473,0.74,3237000000,3798000000,3.04,2016-12-31,10.25,567000000,10171000000.0,7138000000,2985000000,711000000,44000000,44000000,None,252000000,None,0,None,None,4636000000,None,70637000000,2274000000,None,None,None,0.189,,4153000000,2985000000,-1584000000,171587000000,None,200866000000,None,,,,,1.41,2.151,1.385,,,,,,,,0.128,,991000000,2025-10-23,annual,3.78,USD,post-market,None,13114000000,0.0348,0.201,0.07,97.91,None,5052000000,416000000,1097000000,127.44,131.46,24.3421,223432000000,4126000000,203179000000,206529000000,219306000000,4494000000,27083000000,16903000000,11.35,-1125000000,140.5,103.19
2025-12-28,HIG,12.22,27917001000.0,11.35,None,0.629,64.78,,None,448000000,448000000,,,,,,,,,5000000,425200000,None,19945000000,19945000000,31670000000,None,275000000,3537000000,None,None,561000000,,2.08,0.0149,,,,0.473,0.74,3237000000,3798000000,3.04,2015-12-31,10.25,498000000,10171000000.0,7138000000,2985000000,711000000,1816000000,1816000000,None,252000000,None,0,None,None,5084000000,None,72728000000,2274000000,None,None,None,0.189,,4153000000,2985000000,-2815000000,173677000000,None,205347000000,None,,,,,1.41,2.151,1.385,,,,,,,,0.128,,974000000,2025-10-23,annual,3.78,USD,post-market,None,12550000000,0.0348,0.201,0.07,97.91,None,5359000000,275000000,62160000000,127.44,131.46,24.3421,228348000000,2291000000,205622000000,210706000000,226057000000,5084000000,27083000000,17642000000,11.35,-3557000000,140.5,103.19
2025-12-28,HIG,12.22,27917001000.0,11.35,None,0.629,64.78,,None,399000000,399000000,,,,,,,,,5000000,460200000,None,19945000000,19945000000,32532000000,None,456000000,3429000000,None,None,561000000,,2.08,0.0149,,,,0.473,0.74,3237000000,3798000000,3.04,2014-12-31,10.25,498000000,10171000000.0,7138000000,2985000000,711000000,1823000000,1823000000,None,252000000,None,0,None,None,5653000000,None,76278000000,2274000000,None,None,None,0.189,,4153000000,2985000000,407000000,187652000000,None,41444000000,None,,,,,1.41,2.151,1.385,,,,,,,,0.128,,831000000,2025-10-23,annual,3.78,USD,post-market,None,11191000000,0.0348,0.201,0.07,97.91,None,6109000000,456000000,65314000000,127.44,131.46,24.3421,245013000000,5282000000,220640000000,226293000000,239731000000,5653000000,27083000000,18720000000,11.35,-2527000000,140.5,103.19
2025-12-28,HIG,12.22,27917001000.0,11.35,None,0.629,64.78,,None,1428000000,1428000000,,,,,,,,,18984000000,490600000,None,19945000000,19945000000,58763000000,None,None,26795000000,None,None,561000000,,2.08,0.0149,,,,0.473,0.74,3237000000,3798000000,3.04,2013-12-31,10.25,498000000,10171000000.0,7138000000,2985000000,711000000,2161000000,2161000000,None,252000000,None,0,None,None,12212000000,None,98401000000,2274000000,None,None,None,0.189,,4153000000,2985000000,-74283000000,252351000000,None,252435000000,None,,,,,1.41,2.151,1.385,,,,,,,,0.128,,877000000,2025-10-23,annual,3.78,USD,post-market,None,10683000000,0.0348,0.201,0.07,97.91,None,12650000000,438000000,67233000000,127.44,131.46,24.3421,277884000000,21173000000,252789000000,258979000000,256711000000,6190000000,27083000000,18905000000,11.35,-1598000000,140.5,103.19
2025-12-28,HIG,12.22,27917001000.0,11.35,None,0.629,64.78,,None,2421000000,2421000000,,,,,,,,,5000000,486800000,None,19945000000,19945000000,70901000000,None,None,8208000000,None,None,561000000,,2.08,0.0149,,,,0.473,0.74,3237000000,3798000000,3.04,2012-12-31,10.25,654000000,10171000000.0,7138000000,2985000000,711000000,49000000,49000000,None,252000000,None,0,None,None,6806000000,None,134250000000,2274000000,None,None,None,0.189,,4153000000,2985000000,19835000000,197878000000,None,268940000000,None,,,,,1.41,2.151,1.385,,,,,,,,0.128,,977000000,2025-10-23,annual,3.78,USD,post-market,None,10745000000,0.0348,0.201,0.07,97.91,None,7287000000,320000000,91393000000,127.44,131.46,24.3421,298513000000,31354000000,269099000000,276066000000,267159000000,204845000000,27083000000,22447000000,11.35,-1740000000,140.5,103.19
2025-12-28,HIG,12.22,27917001000.0,11.35,None,0.629,64.78,,None,2581000000,2581000000,,,,,,,,,5000000,478000000,None,19945000000,19945000000,76073000000,None,None,3446000000,None,None,561000000,,2.08,0.0149,,,,0.473,0.74,3237000000,3798000000,3.04,2011-12-31,10.25,1006000000,10171000000.0,7138000000,2985000000,711000000,1006000000,1006000000,None,252000000,None,0,None,None,6375000000,None,None,2274000000,None,None,None,0.189,,4153000000,2985000000,208462000000,198551000000,None,None,None,,,,,1.41,2.151,1.385,,,,,,,,0.128,,1029000000,2025-10-23,annual,3.78,USD,post-market,None,1251000000,0.0348,0.201,0.07,97.91,None,6530000000,None,7736000000,127.44,131.46,24.3421,302609000000,222225000000,274624000000,281123000000,81839000000,6530000000,27083000000,21486000000,11.35,-1718000000,140.5,103.19
2025-12-28,HIG,12.22,27917001000.0,11.35,None,0.629,64.78,,None,2062000000,2062000000,,,,,,,,,5000000,481500000,None,19945000000,19945000000,77343000000,None,None,3273000000,None,None,561000000,,2.08,0.0149,,,,0.473,0.74,3237000000,3798000000,3.04,2010-12-31,10.25,1051000000,10171000000.0,7138000000,2985000000,711000000,1051000000,1051000000,None,252000000,None,None,None,None,6207000000,None,130995000000,2274000000,None,None,None,0.189,,4153000000,2985000000,226510000000,213703000000,None,291828000000,None,,,,,1.41,2.151,1.385,,,,,,,,0.128,,1150000000,2025-10-23,annual,3.78,USD,post-market,None,12077000000,0.0348,0.201,0.07,97.91,None,6989000000,400000000,8528000000,127.44,131.46,24.3421,318346000000,240373000000,291446000000,298035000000,77973000000,6589000000,27083000000,20311000000,11.35,-1774000000,140.5,103.19
2025-12-28,HIG,12.22,27917001000.0,11.35,None,0.629,64.78,,None,1898000000,1898000000,,,,,,,,,4000000,361800000,None,19945000000,19945000000,78148000000,None,None,3404000000,None,None,561000000,,2.08,0.0149,,,,0.473,0.74,3237000000,3798000000,3.04,2009-12-31,10.25,470000000,10171000000.0,7138000000,2985000000,711000000,1204000000,1204000000,None,252000000,None,6530000000,None,None,6608000000,None,None,2274000000,None,None,None,0.189,,4153000000,2985000000,299892000000,204729000000,None,None,None,,,,,1.41,2.151,1.385,,,,,,,,0.128,,1026000000,2025-10-23,annual,3.78,USD,post-market,None,11164000000,0.0348,0.201,0.07,97.91,None,1204000000,343000000,10357000000,127.44,131.46,24.3421,264734000000,306659000000,283220000000,253178000000,1058000000,6632000000,27083000000,11527000000,11.35,-1936000000,140.5,103.19
2025-12-28,HIG,12.22,27917001000.0,11.35,None,0.629,64.78,,None,1648000000,1648000000,,,,,,,,,3000000,308800000,None,19945000000,19945000000,84552000000,None,None,407000000,None,None,561000000,,2.08,0.0149,,,,0.473,0.74,3237000000,3798000000,3.04,2008-12-31,10.25,1060000000,10171000000.0,7138000000,2985000000,711000000,74000000,74000000,None,252000000,None,6445000000,None,None,7022000000,None,None,2274000000,None,None,None,0.189,,4153000000,2985000000,270011000000,186332000000,None,None,None,,,,,1.41,2.151,1.385,,,,,,,,0.128,,1075000000,2025-10-23,annual,3.78,USD,post-market,None,11336000000,0.0348,0.201,0.07,97.91,None,92000000,398000000,10022000000,127.44,131.46,24.3421,247891000000,285448000000,271282000000,240312000000,2135000000,7033000000,27083000000,7579000000,11.35,-2120000000,140.5,103.19
2025-12-28,HIG,12.22,27917001000.0,11.35,None,0.629,64.78,,None,2011000000,2011000000,,,,,,,,,3000000,319100000,None,19945000000,19945000000,80342000000,None,None,3681000000,None,None,561000000,,2.08,0.0149,,,,0.473,0.74,3237000000,3798000000,3.04,2007-12-31,10.25,1726000000,10171000000.0,7138000000,2985000000,711000000,1726000000,1726000000,None,252000000,None,None,None,None,3729000000,None,None,2274000000,None,None,None,0.189,,4153000000,2985000000,347188000000,255277000000,None,None,None,,,,,1.41,2.151,1.385,,,,,,,,0.128,,972000000,2025-10-23,annual,3.78,USD,post-market,None,14686000000,0.0348,0.201,0.07,97.91,None,5316000000,1365000000,4783000000,127.44,131.46,24.3421,360361000000,357663000000,337206000000,341157000000,2698000000,259450000000,27083000000,19204000000,11.35,-1254000000,140.5,103.19
2025-12-28,HIG,12.22,27917001000.0,11.35,None,0.629,64.78,,None,1424000000,1424000000,,,,,,,,,3000000,315900000,None,19945000000,19945000000,71311000000,None,None,9246000000,None,None,561000000,,2.08,0.0149,,,,0.473,0.74,3237000000,3798000000,3.04,2006-12-31,10.25,1717000000,10171000000.0,7138000000,2985000000,711000000,1717000000,1717000000,None,252000000,None,None,None,None,3762000000,None,None,2274000000,None,None,None,0.189,,4153000000,2985000000,311615000000,231904000000,None,None,None,,,,,1.41,2.151,1.385,,,,,,,,0.128,,791000000,2025-10-23,annual,3.78,USD,post-market,None,12421000000,0.0348,0.201,0.07,97.91,None,4361000000,857000000,3596000000,127.44,131.46,24.3421,326710000000,324202000000,304072000000,307834000000,2508000000,235924000000,27083000000,18876000000,11.35,-47000000,140.5,103.19
2025-12-28,HIG,12.22,27917001000.0,11.35,None,0.629,64.78,,None,1273000000,1273000000,,,,,,,,,3000000,305600000,None,19945000000,19945000000,64452000000,None,None,10094000000,None,None,561000000,,2.08,0.0149,,,,0.473,0.74,3237000000,3798000000,3.04,2005-12-31,10.25,1720000000,10171000000.0,7138000000,2985000000,711000000,1720000000,1720000000,None,252000000,None,None,None,None,4048000000,None,None,2274000000,None,None,None,0.189,,4153000000,2985000000,270534000000,201013000000,None,None,None,,,,,1.41,2.151,1.385,,,,,,,,0.128,,683000000,2025-10-23,annual,3.78,USD,post-market,None,10207000000,0.0348,0.201,0.07,97.91,None,4767000000,719000000,1253000000,127.44,131.46,24.3421,285557000000,283154000000,266184000000,270232000000,2403000000,4048000000,27083000000,15325000000,11.35,-42000000,140.5,103.19
2025-12-28,HIG,12.22,27917001000.0,11.35,None,0.629,64.78,45000000,None,1273000000,1273000000,-544000000,-1315000000,None,None,None,None,None,None,3000000,305600000,None,19945000000,19945000000,64452000000,None,None,10094000000,None,None,561000000,124000000,2.08,0.0149,153000000,153000000,None,0.473,0.74,3237000000,3798000000,3.04,2025-09-30,10.25,1720000000,10171000000.0,7138000000,2985000000,711000000,1720000000,1720000000,None,252000000,None,None,None,None,4048000000,None,None,1080000000,None,None,None,0.189,1838000000,4153000000,2985000000,270534000000,201013000000,None,None,None,None,None,None,None,1.41,2.151,1.385,None,None,None,None,None,-400000000,None,0.128,None,683000000,2025-10-23,quarterly,3.78,USD,post-market,None,10207000000,0.0348,0.201,0.07,97.91,None,4767000000,719000000,1253000000,127.44,131.46,24.3421,285557000000,283154000000,266184000000,270232000000,2403000000,4048000000,27083000000,15325000000,11.35,-42000000,140.5,103.19
2025-12-28,HIG,12.22,27917001000.0,11.35,None,0.629,64.78,40000000,None,1273000000,1273000000,-543000000,-743000000,None,None,None,None,None,None,3000000,305600000,None,19945000000,19945000000,64452000000,None,None,10094000000,None,None,561000000,94000000,2.08,0.0149,154000000,154000000,None,0.473,0.74,3237000000,3798000000,3.04,2025-06-30,10.25,1720000000,10171000000.0,7138000000,2985000000,711000000,1720000000,1720000000,None,252000000,None,None,None,None,4048000000,None,None,995000000,None,None,None,0.189,1291000000,4153000000,2985000000,270534000000,201013000000,None,None,None,None,None,None,None,1.41,2.151,1.385,None,None,None,None,None,-415000000,None,0.128,None,683000000,2025-10-23,quarterly,3.78,USD,post-market,None,10207000000,0.0348,0.201,0.07,97.91,None,4767000000,719000000,1253000000,127.44,131.46,24.3421,285557000000,283154000000,266184000000,270232000000,2403000000,4048000000,27083000000,15325000000,11.35,-42000000,140.5,103.19
2025-12-28,HIG,12.22,27917001000.0,11.35,None,0.629,64.78,38000000,None,1273000000,1273000000,-608000000,-401000000,None,None,None,None,None,None,3000000,305600000,None,19945000000,19945000000,64452000000,None,None,10094000000,None,None,561000000,92000000,2.08,0.0149,155000000,155000000,None,0.473,0.74,3237000000,3798000000,3.04,2025-03-31,10.25,1720000000,10171000000.0,7138000000,2985000000,711000000,1720000000,1720000000,None,252000000,None,None,None,None,4048000000,None,None,630000000,None,None,None,0.189,985000000,4153000000,2985000000,270534000000,201013000000,None,None,None,None,None,None,None,1.41,2.151,1.385,None,None,None,None,None,-400000000,None,0.128,None,683000000,2025-10-23,quarterly,3.78,USD,post-market,None,10207000000,0.0348,0.201,0.07,97.91,None,4767000000,719000000,1253000000,127.44,131.46,24.3421,285557000000,283154000000,266184000000,270232000000,2403000000,4048000000,27083000000,15325000000,11.35,-42000000,140.5,103.19
2025-12-28,HIG,12.22,27917001000.0,11.35,None,0.629,64.78,26000000,None,1273000000,1273000000,-547000000,-1356000000,None,None,None,None,None,None,3000000,305600000,None,19945000000,19945000000,64452000000,None,None,10094000000,None,None,561000000,84000000,2.08,0.0149,142000000,142000000,None,0.473,0.74,3237000000,3798000000,3.04,2024-12-31,10.25,1720000000,10171000000.0,7138000000,2985000000,711000000,1720000000,1720000000,None,252000000,None,None,None,None,4048000000,None,None,853000000,None,None,None,0.189,1874000000,4153000000,2985000000,270534000000,201013000000,None,None,None,None,None,None,None,1.41,2.151,1.385,None,None,None,None,None,-414000000,None,0.128,None,683000000,2025-10-23,quarterly,3.78,USD,post-market,None,10207000000,0.0348,0.201,0.07,97.91,None,4767000000,719000000,1253000000,127.44,131.46,24.3421,285557000000,283154000000,266184000000,270232000000,2403000000,4048000000,27083000000,15325000000,11.35,-42000000,140.5,103.19
2025-12-28,HIG,12.22,27917001000.0,11.35,None,0.629,64.78,60000000,None,1273000000,1273000000,-520000000,-1089000000,None,None,None,None,None,None,3000000,305600000,None,19945000000,19945000000,64452000000,None,None,10094000000,None,None,561000000,85000000,2.08,0.0149,144000000,144000000,None,0.473,0.74,3237000000,3798000000,3.04,2024-09-30,10.25,1720000000,10171000000.0,7138000000,2985000000,711000000,1720000000,1720000000,None,252000000,None,None,None,None,4048000000,None,None,767000000,None,None,None,0.189,1678000000,4153000000,2985000000,270534000000,201013000000,None,None,None,None,None,None,None,1.41,2.151,1.385,None,None,None,None,None,-400000000,None,0.128,None,683000000,2025-10-23,quarterly,3.78,USD,post-market,None,10207000000,0.0348,0.201,0.07,97.91,None,4767000000,719000000,1253000000,127.44,131.46,24.3421,285557000000,283154000000,266184000000,270232000000,2403000000,4048000000,27083000000,15325000000,11.35,-42000000,140.5,103.19
2025-12-28,HIG,12.22,27917001000.0,11.35,None,0.629,64.78,61000000,None,1273000000,1273000000,-480000000,-888000000,None,None,None,None,None,None,3000000,305600000,None,19945000000,19945000000,64452000000,None,None,10094000000,None,None,561000000,60000000,2.08,0.0149,145000000,145000000,None,0.473,0.74,3237000000,3798000000,3.04,2024-06-30,10.25,1720000000,10171000000.0,7138000000,2985000000,711000000,1720000000,1720000000,None,252000000,None,None,None,None,4048000000,None,None,738000000,None,None,None,0.189,1260000000,4153000000,2985000000,270534000000,201013000000,None,None,None,None,None,None,None,1.41,2.151,1.385,None,None,None,None,None,-350000000,None,0.128,None,683000000,2025-10-23,quarterly,3.78,USD,post-market,None,10207000000,0.0348,0.201,0.07,97.91,None,4767000000,719000000,1253000000,127.44,131.46,24.3421,285557000000,283154000000,266184000000,270232000000,2403000000,4048000000,27083000000,15325000000,11.35,-42000000,140.5,103.19
2025-12-28,HIG,12.22,27917001000.0,11.35,None,0.629,64.78,50000000,None,1273000000,1273000000,-529000000,-435000000,None,None,None,None,None,None,3000000,305600000,None,19945000000,19945000000,64452000000,None,None,10094000000,None,None,561000000,127000000,2.08,0.0149,146000000,146000000,None,0.473,0.74,3237000000,3798000000,3.04,2024-03-31,10.25,1720000000,10171000000.0,7138000000,2985000000,711000000,1720000000,1720000000,None,252000000,None,None,None,None,4048000000,None,None,753000000,None,None,None,0.189,1097000000,4153000000,2985000000,270534000000,201013000000,None,None,None,None,None,None,None,1.41,2.151,1.385,None,None,None,None,None,-350000000,None,0.128,None,683000000,2025-10-23,quarterly,3.78,USD,post-market,None,10207000000,0.0348,0.201,0.07,97.91,None,4767000000,719000000,1253000000,127.44,131.46,24.3421,285557000000,283154000000,266184000000,270232000000,2403000000,4048000000,27083000000,15325000000,11.35,-42000000,140.5,103.19
2025-12-28,HIG,12.22,27917001000.0,11.35,None,0.629,64.78,64000000,None,1273000000,1273000000,-454000000,-1165000000,None,None,None,None,None,None,3000000,305600000,None,19945000000,19945000000,64452000000,None,None,10094000000,None,None,561000000,124000000,2.08,0.0149,134000000,134000000,None,0.473,0.74,3237000000,3798000000,3.04,2023-12-31,10.25,1720000000,10171000000.0,7138000000,2985000000,711000000,1720000000,1720000000,None,252000000,None,None,None,None,4048000000,None,None,771000000,None,None,None,0.189,1627000000,4153000000,2985000000,270534000000,201013000000,None,None,None,None,None,None,None,1.41,2.151,1.385,None,None,None,None,None,-350000000,None,0.128,None,683000000,2025-10-23,quarterly,3.78,USD,post-market,None,10207000000,0.0348,0.201,0.07,97.91,None,4767000000,719000000,1253000000,127.44,131.46,24.3421,285557000000,283154000000,266184000000,270232000000,2403000000,4048000000,27083000000,15325000000,11.35,-42000000,140.5,103.19
2025-12-28,HIG,12.22,27917001000.0,11.35,None,0.629,64.78,52000000,None,1273000000,1273000000,-489000000,-1266000000,None,None,None,None,None,None,3000000,305600000,None,19945000000,19945000000,64452000000,None,None,10094000000,None,None,561000000,128000000,2.08,0.0149,137000000,137000000,None,0.473,0.74,3237000000,3798000000,3.04,2023-09-30,10.25,1720000000,10171000000.0,7138000000,2985000000,711000000,1720000000,1720000000,None,252000000,None,None,None,None,4048000000,None,None,651000000,None,None,None,0.189,1771000000,4153000000,2985000000,270534000000,201013000000,None,None,None,None,None,None,None,1.41,2.151,1.385,None,None,None,None,None,-350000000,None,0.128,None,683000000,2025-10-23,quarterly,3.78,USD,post-market,None,10207000000,0.0348,0.201,0.07,97.91,None,4767000000,719000000,1253000000,127.44,131.46,24.3421,285557000000,283154000000,266184000000,270232000000,2403000000,4048000000,27083000000,15325000000,11.35,-42000000,140.5,103.19
2025-12-28,HIG,12.22,27917001000.0,11.35,None,0.629,64.78,50000000,None,1273000000,1273000000,-459000000,499000000,-9000000,None,None,None,None,-313000000,3000000,305600000,None,19945000000,19945000000,64452000000,None,None,10094000000,None,None,561000000,129000000,2.08,0.0149,139000000,139000000,None,0.473,0.74,3237000000,3798000000,3.04,2023-06-30,10.25,1720000000,10171000000.0,7138000000,2985000000,711000000,1720000000,1720000000,None,252000000,None,None,None,None,4048000000,None,None,547000000,None,None,None,0.189,-49000000,4153000000,2985000000,270534000000,201013000000,None,None,None,None,None,None,None,1.41,2.151,1.385,None,None,None,None,None,-350000000,None,0.128,None,683000000,2025-10-23,quarterly,3.78,USD,post-market,None,10207000000,0.0348,0.201,0.07,97.91,None,4767000000,719000000,1253000000,127.44,131.46,24.3421,285557000000,283154000000,266184000000,270232000000,2403000000,4048000000,27083000000,15325000000,11.35,-42000000,140.5,103.19
2025-12-28,HIG,12.22,27917001000.0,11.35,None,0.629,64.78,49000000,None,1273000000,1273000000,-545000000,-446000000,-120000000,None,None,None,None,-305000000,3000000,305600000,None,19945000000,19945000000,64452000000,None,None,10094000000,None,None,561000000,129000000,2.08,0.0149,139000000,139000000,None,0.473,0.74,3237000000,3798000000,3.04,2023-03-31,10.25,1720000000,10171000000.0,7138000000,2985000000,711000000,1720000000,1720000000,None,252000000,None,None,None,None,4048000000,None,None,535000000,None,None,None,0.189,871000000,4153000000,2985000000,270534000000,201013000000,None,None,None,None,None,None,None,1.41,2.151,1.385,None,None,None,None,None,-350000000,None,0.128,None,683000000,2025-10-23,quarterly,3.78,USD,post-market,None,10207000000,0.0348,0.201,0.07,97.91,None,4767000000,719000000,1253000000,127.44,131.46,24.3421,285557000000,283154000000,266184000000,270232000000,2403000000,4048000000,27083000000,15325000000,11.35,-42000000,140.5,103.19
2025-12-28,HIG,12.22,27917001000.0,11.35,None,0.629,64.78,53000000,None,1273000000,1273000000,-457000000,-572000000,55000000,None,None,None,None,-903000000,3000000,305600000,None,19945000000,19945000000,64452000000,None,None,10094000000,None,None,561000000,140000000,2.08,0.0149,128000000,128000000,None,0.473,0.74,3237000000,3798000000,3.04,2022-12-31,10.25,1720000000,10171000000.0,7138000000,2985000000,711000000,1720000000,1720000000,None,252000000,None,None,None,None,4048000000,None,None,589000000,None,None,None,0.189,1084000000,4153000000,2985000000,270534000000,201013000000,None,None,None,None,None,None,None,1.41,2.151,1.385,None,None,None,None,None,-350000000,None,0.128,None,683000000,2025-10-23,quarterly,3.78,USD,post-market,None,10207000000,0.0348,0.201,0.07,97.91,None,4767000000,719000000,1253000000,127.44,131.46,24.3421,285557000000,283154000000,266184000000,270232000000,2403000000,4048000000,27083000000,15325000000,11.35,-42000000,140.5,103.19
2025-12-28,HIG,12.22,27917001000.0,11.35,None,0.629,64.78,45000000,None,1273000000,1273000000,-480000000,-1092000000,-51000000,None,None,None,None,73000000,3000000,305600000,None,19945000000,19945000000,64452000000,None,None,10094000000,None,None,561000000,156000000,2.08,0.0149,132000000,132000000,None,0.473,0.74,3237000000,3798000000,3.04,2022-09-30,10.25,1720000000,10171000000.0,7138000000,2985000000,711000000,1720000000,1720000000,None,252000000,None,None,None,None,4048000000,None,None,339000000,None,None,None,0.189,1521000000,4153000000,2985000000,270534000000,201013000000,None,None,None,None,None,None,None,1.41,2.151,1.385,None,None,None,None,None,-350000000,None,0.128,None,683000000,2025-10-23,quarterly,3.78,USD,post-market,None,10207000000,0.0348,0.201,0.07,97.91,None,4767000000,719000000,1253000000,127.44,131.46,24.3421,285557000000,283154000000,266184000000,270232000000,2403000000,4048000000,27083000000,15325000000,11.35,-42000000,140.5,103.19
2025-12-28,HIG,12.22,27917001000.0,11.35,None,0.629,64.78,46000000,None,1273000000,1273000000,-1187000000,261000000,48000000,None,None,None,None,-100000000,3000000,305600000,None,19945000000,19945000000,64452000000,None,None,10094000000,None,None,561000000,167000000,2.08,0.0149,132000000,132000000,None,0.473,0.74,3237000000,3798000000,3.04,2022-06-30,10.25,1720000000,10171000000.0,7138000000,2985000000,711000000,1720000000,1720000000,None,252000000,None,None,None,None,4048000000,None,None,444000000,None,None,None,0.189,974000000,4153000000,2985000000,270534000000,201013000000,None,None,None,None,None,None,None,1.41,2.151,1.385,None,None,None,None,None,-450000000,None,0.128,None,683000000,2025-10-23,quarterly,3.78,USD,post-market,None,10207000000,0.0348,0.201,0.07,97.91,None,4767000000,719000000,1253000000,127.44,131.46,24.3421,285557000000,283154000000,266184000000,270232000000,2403000000,4048000000,27083000000,15325000000,11.35,-42000000,140.5,103.19
2025-12-28,HIG,12.22,27917001000.0,11.35,None,0.629,64.78,31000000,None,1273000000,1273000000,-586000000,126000000,-31000000,None,None,None,None,-105000000,3000000,305600000,None,19945000000,19945000000,64452000000,None,None,10094000000,None,None,561000000,171000000,2.08,0.0149,135000000,135000000,None,0.473,0.74,3237000000,3798000000,3.04,2022-03-31,10.25,1720000000,10171000000.0,7138000000,2985000000,711000000,1720000000,1720000000,None,252000000,None,None,None,None,4048000000,None,None,445000000,None,None,None,0.189,429000000,4153000000,2985000000,270534000000,201013000000,None,None,None,None,None,None,None,1.41,2.151,1.385,None,None,None,None,None,-400000000,None,0.128,None,683000000,2025-10-23,quarterly,3.78,USD,post-market,None,10207000000,0.0348,0.201,0.07,97.91,None,4767000000,719000000,1253000000,127.44,131.46,24.3421,285557000000,283154000000,266184000000,270232000000,2403000000,4048000000,27083000000,15325000000,11.35,-42000000,140.5,103.19
2025-12-28,HIG,12.22,27917001000.0,11.35,None,0.629,64.78,41000000,None,1273000000,1273000000,-618000000,-645000000,None,None,None,None,None,None,3000000,305600000,None,19945000000,19945000000,64452000000,None,None,10094000000,None,None,561000000,165000000,2.08,0.0149,125000000,125000000,None,0.473,0.74,3237000000,3798000000,3.04,2021-12-31,10.25,1720000000,10171000000.0,7138000000,2985000000,711000000,1720000000,1720000000,None,252000000,None,None,None,None,4048000000,None,None,729000000,None,None,None,0.189,1204000000,4153000000,2985000000,270534000000,201013000000,None,None,None,None,None,None,None,1.41,2.151,1.385,None,None,None,None,None,-500000000,None,0.128,None,683000000,2025-10-23,quarterly,3.78,USD,post-market,None,10207000000,0.0348,0.201,0.07,97.91,None,4767000000,719000000,1253000000,127.44,131.46,24.3421,285557000000,283154000000,266184000000,270232000000,2403000000,4048000000,27083000000,15325000000,11.35,-42000000,140.5,103.19
2025-12-28,HIG,12.22,27917001000.0,11.35,None,0.629,64.78,45000000,None,1273000000,1273000000,-30000000,-1167000000,87000000,-6000000,None,None,None,-37000000,3000000,305600000,None,19945000000,19945000000,64452000000,None,None,10094000000,None,None,561000000,168000000,2.08,0.0149,129000000,129000000,None,0.473,0.74,3237000000,3798000000,3.04,2021-09-30,10.25,1720000000,10171000000.0,7138000000,2985000000,711000000,1720000000,1720000000,None,252000000,None,None,None,None,4048000000,None,None,482000000,None,None,None,0.189,1292000000,4153000000,2985000000,270534000000,201013000000,None,None,None,None,None,None,None,1.41,2.151,1.385,None,None,None,None,None,-511000000,None,0.128,None,683000000,2025-10-23,quarterly,3.78,USD,post-market,None,10207000000,0.0348,0.201,0.07,97.91,None,4767000000,719000000,1253000000,127.44,131.46,24.3421,285557000000,283154000000,266184000000,270232000000,2403000000,4048000000,27083000000,15325000000,11.35,-42000000,140.5,103.19
2025-12-28,HIG,12.22,27917001000.0,11.35,None,0.629,64.78,24000000,None,1273000000,1273000000,-667000000,-147000000,46000000,4000000,None,None,None,-154000000,3000000,305600000,None,19945000000,19945000000,64452000000,None,None,10094000000,None,None,561000000,173000000,2.08,0.0149,131000000,131000000,None,0.473,0.74,3237000000,3798000000,3.04,2021-06-30,10.25,1720000000,10171000000.0,7138000000,2985000000,711000000,1720000000,1720000000,None,252000000,None,None,None,None,4048000000,None,None,905000000,None,None,None,0.189,838000000,4153000000,2985000000,270534000000,201013000000,None,None,None,None,None,None,None,1.41,2.151,1.385,None,None,None,None,None,-568000000,None,0.128,None,683000000,2025-10-23,quarterly,3.78,USD,post-market,None,10207000000,0.0348,0.201,0.07,97.91,None,4767000000,719000000,1253000000,127.44,131.46,24.3421,285557000000,283154000000,266184000000,270232000000,2403000000,4048000000,27083000000,15325000000,11.35,-42000000,140.5,103.19
2025-12-28,HIG,12.22,27917001000.0,11.35,None,0.629,64.78,23000000,None,1273000000,1273000000,-266000000,-449000000,40000000,-3000000,None,None,None,-66000000,3000000,305600000,None,19945000000,19945000000,64452000000,None,None,10094000000,None,None,561000000,174000000,2.08,0.0149,121000000,121000000,None,0.473,0.74,3237000000,3798000000,3.04,2021-03-31,10.25,1720000000,10171000000.0,7138000000,2985000000,711000000,1720000000,1720000000,None,252000000,None,None,None,None,4048000000,None,None,249000000,None,None,None,0.189,759000000,4153000000,2985000000,270534000000,201013000000,None,None,None,None,None,None,None,1.41,2.151,1.385,None,None,None,None,None,-123000000,None,0.128,None,683000000,2025-10-23,quarterly,3.78,USD,post-market,None,10207000000,0.0348,0.201,0.07,97.91,None,4767000000,719000000,1253000000,127.44,131.46,24.3421,285557000000,283154000000,266184000000,270232000000,2403000000,4048000000,27083000000,15325000000,11.35,-42000000,140.5,103.19
2025-12-28,HIG,12.22,27917001000.0,11.35,None,0.629,64.78,36000000,None,1273000000,1273000000,-199000000,-1059000000,-31000000,11000000,None,None,None,-354000000,3000000,305600000,None,19945000000,19945000000,64452000000,None,None,10094000000,None,None,561000000,151000000,2.08,0.0149,121000000,121000000,None,0.473,0.74,3237000000,3798000000,3.04,2020-12-31,10.25,1720000000,10171000000.0,7138000000,2985000000,711000000,1720000000,1720000000,None,252000000,None,None,None,None,4048000000,None,None,537000000,None,None,None,0.189,1216000000,4153000000,2985000000,270534000000,201013000000,None,None,None,None,None,None,None,1.41,2.151,1.385,None,None,None,None,None,6000000,None,0.128,None,683000000,2025-10-23,quarterly,3.78,USD,post-market,None,10207000000,0.0348,0.201,0.07,97.91,None,4767000000,719000000,1253000000,127.44,131.46,24.3421,285557000000,283154000000,266184000000,270232000000,2403000000,4048000000,27083000000,15325000000,11.35,-42000000,140.5,103.19
2025-12-28,HIG,12.22,27917001000.0,11.35,None,0.629,64.78,27000000,None,1273000000,1273000000,-252000000,-1280000000,-44000000,42000000,None,None,None,-63000000,3000000,305600000,None,19945000000,19945000000,64452000000,None,None,10094000000,None,None,561000000,142000000,2.08,0.0149,123000000,123000000,None,0.473,0.74,3237000000,3798000000,3.04,2020-09-30,10.25,1720000000,10171000000.0,7138000000,2985000000,711000000,1720000000,1720000000,None,252000000,None,None,None,None,4048000000,None,None,459000000,None,None,None,0.189,1388000000,4153000000,2985000000,270534000000,201013000000,None,None,None,None,None,None,None,1.41,2.151,1.385,None,None,None,None,None,1000000,None,0.128,None,683000000,2025-10-23,quarterly,3.78,USD,post-market,None,10207000000,0.0348,0.201,0.07,97.91,None,4767000000,719000000,1253000000,127.44,131.46,24.3421,285557000000,283154000000,266184000000,270232000000,2403000000,4048000000,27083000000,15325000000,11.35,-42000000,140.5,103.19
2025-12-28,HIG,12.22,27917001000.0,11.35,None,0.629,64.78,28000000,None,1273000000,1273000000,-300000000,-562000000,71000000,-36000000,None,None,None,-48000000,3000000,305600000,None,19945000000,19945000000,64452000000,None,None,10094000000,None,None,561000000,135000000,2.08,0.0149,121000000,121000000,None,0.473,0.74,3237000000,3798000000,3.04,2020-06-30,10.25,1720000000,10171000000.0,7138000000,2985000000,711000000,1720000000,1720000000,None,252000000,None,None,None,None,4048000000,None,None,468000000,None,None,None,0.189,969000000,4153000000,2985000000,270534000000,201013000000,None,None,None,None,None,None,None,1.41,2.151,1.385,None,None,None,None,None,4000000,None,0.128,None,683000000,2025-10-23,quarterly,3.78,USD,post-market,None,10207000000,0.0348,0.201,0.07,97.91,None,4767000000,719000000,1253000000,127.44,131.46,24.3421,285557000000,283154000000,266184000000,270232000000,2403000000,4048000000,27083000000,15325000000,11.35,-42000000,140.5,103.19
2025-12-28,HIG,12.22,27917001000.0,11.35,None,0.629,64.78,23000000,None,1273000000,1273000000,-1027000000,777000000,39000000,-9000000,None,None,None,-75000000,3000000,305600000,None,19945000000,19945000000,64452000000,None,None,10094000000,None,None,561000000,134000000,2.08,0.0149,113000000,113000000,None,0.473,0.74,3237000000,3798000000,3.04,2020-03-31,10.25,1720000000,10171000000.0,7138000000,2985000000,711000000,1720000000,1720000000,None,252000000,None,None,None,None,4048000000,None,None,273000000,None,None,None,0.189,298000000,4153000000,2985000000,270534000000,201013000000,None,None,None,None,None,None,None,1.41,2.151,1.385,None,None,None,None,None,-150000000,None,0.128,None,683000000,2025-10-23,quarterly,3.78,USD,post-market,None,10207000000,0.0348,0.201,0.07,97.91,None,4767000000,719000000,1253000000,127.44,131.46,24.3421,285557000000,283154000000,266184000000,270232000000,2403000000,4048000000,27083000000,15325000000,11.35,-42000000,140.5,103.19
2025-12-28,HIG,12.22,27917001000.0,11.35,None,0.629,64.78,30000000,None,1273000000,1273000000,-248000000,-828000000,-28000000,5000000,None,None,None,-196000000,3000000,305600000,None,19945000000,19945000000,64452000000,None,None,10094000000,None,None,561000000,118000000,2.08,0.0149,111000000,111000000,None,0.473,0.74,3237000000,3798000000,3.04,2019-12-31,10.25,1720000000,10171000000.0,7138000000,2985000000,711000000,1720000000,1720000000,None,252000000,None,None,None,None,4048000000,None,None,548000000,None,None,None,0.189,1043000000,4153000000,2985000000,270534000000,201013000000,None,None,None,None,None,None,None,1.41,2.151,1.385,None,None,None,None,None,-110000000,None,0.128,None,683000000,2025-10-23,quarterly,3.78,USD,post-market,None,10207000000,0.0348,0.201,0.07,97.91,None,4767000000,719000000,1253000000,127.44,131.46,24.3421,285557000000,283154000000,266184000000,270232000000,2403000000,4048000000,27083000000,15325000000,11.35,-42000000,140.5,103.19
2025-12-28,HIG,12.22,27917001000.0,11.35,None,0.629,64.78,31000000,None,1273000000,1273000000,-88000000,-1350000000,7000000,3000000,None,None,None,58000000,3000000,305600000,None,19945000000,19945000000,64452000000,None,None,10094000000,None,None,561000000,112000000,2.08,0.0149,116000000,116000000,None,0.473,0.74,3237000000,3798000000,3.04,2019-09-30,10.25,1720000000,10171000000.0,7138000000,2985000000,711000000,1720000000,1720000000,None,252000000,None,None,None,None,4048000000,None,None,535000000,None,None,None,0.189,1442000000,4153000000,2985000000,270534000000,201013000000,None,None,None,None,None,None,None,1.41,2.151,1.385,None,None,None,None,None,-63000000,None,0.128,None,683000000,2025-10-23,quarterly,3.78,USD,post-market,None,10207000000,0.0348,0.201,0.07,97.91,None,4767000000,719000000,1253000000,127.44,131.46,24.3421,285557000000,283154000000,266184000000,270232000000,2403000000,4048000000,27083000000,15325000000,11.35,-42000000,140.5,103.19
2025-12-28,HIG,12.22,27917001000.0,11.35,None,0.629,64.78,24000000,None,1273000000,1273000000,-427000000,-99000000,179000000,-20000000,None,None,None,41000000,3000000,305600000,None,19945000000,19945000000,64452000000,None,None,10094000000,None,None,561000000,113000000,2.08,0.0149,112000000,112000000,None,0.473,0.74,3237000000,3798000000,3.04,2019-06-30,10.25,1720000000,10171000000.0,7138000000,2985000000,711000000,1720000000,1720000000,None,252000000,None,None,None,None,4048000000,None,None,372000000,None,None,None,0.189,725000000,4153000000,2985000000,270534000000,201013000000,None,None,None,None,None,None,None,1.41,2.151,1.385,None,None,None,None,None,-27000000,None,0.128,None,683000000,2025-10-23,quarterly,3.78,USD,post-market,None,10207000000,0.0348,0.201,0.07,97.91,None,4767000000,719000000,1253000000,127.44,131.46,24.3421,285557000000,283154000000,266184000000,270232000000,2403000000,4048000000,27083000000,15325000000,11.35,-42000000,140.5,103.19
2025-12-28,HIG,12.22,27917001000.0,11.35,None,0.629,64.78,20000000,None,1273000000,1273000000,-428000000,129000000,-17000000,3000000,None,None,None,16000000,3000000,305600000,None,19945000000,19945000000,64452000000,None,None,10094000000,None,None,561000000,108000000,2.08,0.0149,115000000,115000000,None,0.473,0.74,3237000000,3798000000,3.04,2019-03-31,10.25,1720000000,10171000000.0,7138000000,2985000000,711000000,1720000000,1720000000,None,252000000,None,None,None,None,4048000000,None,None,630000000,None,None,None,0.189,279000000,4153000000,2985000000,270534000000,201013000000,None,None,None,None,None,None,None,1.41,2.151,1.385,None,None,None,None,None,-28000000,None,0.128,None,683000000,2025-10-23,quarterly,3.78,USD,post-market,None,10207000000,0.0348,0.201,0.07,97.91,None,4767000000,719000000,1253000000,127.44,131.46,24.3421,285557000000,283154000000,266184000000,270232000000,2403000000,4048000000,27083000000,15325000000,11.35,-42000000,140.5,103.19
2025-12-28,HIG,12.22,27917001000.0,11.35,None,0.629,64.78,52000000,None,1273000000,1273000000,224000000,-1200000000,19000000,-6000000,None,None,None,-434000000,3000000,305600000,None,19945000000,19945000000,64452000000,None,None,10094000000,None,None,561000000,108000000,2.08,0.0149,109000000,109000000,None,0.473,0.74,3237000000,3798000000,3.04,2018-12-31,10.25,1720000000,10171000000.0,7138000000,2985000000,711000000,1720000000,1720000000,None,252000000,None,None,None,None,4048000000,None,None,196000000,None,None,None,0.189,1001000000,4153000000,2985000000,270534000000,201013000000,None,None,None,None,None,None,None,1.41,2.151,1.385,None,None,None,None,None,494000000,None,0.128,None,683000000,2025-10-23,quarterly,3.78,USD,post-market,None,10207000000,0.0348,0.201,0.07,97.91,None,4767000000,719000000,1253000000,127.44,131.46,24.3421,285557000000,283154000000,266184000000,270232000000,2403000000,4048000000,27083000000,15325000000,11.35,-42000000,140.5,103.19
2025-12-28,HIG,12.22,27917001000.0,11.35,None,0.629,64.78,11000000,None,1273000000,1273000000,-64000000,-555000000,-45000000,2000000,0,None,None,-25000000,3000000,305600000,None,19945000000,19945000000,64452000000,None,None,10094000000,None,None,561000000,122000000,2.08,0.0149,90000000,90000000,None,0.473,0.74,3237000000,3798000000,3.04,2018-09-30,10.25,1720000000,10171000000.0,7138000000,2985000000,711000000,1720000000,1720000000,None,252000000,None,None,None,None,4048000000,None,None,432000000,None,None,None,0.189,572000000,4153000000,2985000000,270534000000,201013000000,None,None,None,None,None,None,None,1.41,2.151,1.385,None,None,None,None,None,5000000,None,0.128,None,683000000,2025-10-23,quarterly,3.78,USD,post-market,None,10207000000,0.0348,0.201,0.07,97.91,None,4767000000,719000000,1253000000,127.44,131.46,24.3421,285557000000,283154000000,266184000000,270232000000,2403000000,4048000000,27083000000,15325000000,11.35,-42000000,140.5,103.19
2025-12-28,HIG,12.22,27917001000.0,11.35,None,0.629,64.78,20000000,None,1273000000,1273000000,-950000000,312000000,-81000000,-1000000,0,None,None,117000000,3000000,305600000,None,19945000000,19945000000,64452000000,None,None,10094000000,None,None,561000000,121000000,2.08,0.0149,90000000,90000000,None,0.473,0.74,3237000000,3798000000,3.04,2018-06-30,10.25,1720000000,10171000000.0,7138000000,2985000000,711000000,1720000000,1720000000,None,252000000,None,None,None,None,4048000000,None,None,582000000,None,None,None,0.189,558000000,4153000000,2985000000,270534000000,201013000000,None,None,None,None,None,None,None,1.41,2.151,1.385,None,None,None,None,None,4000000,None,0.128,None,683000000,2025-10-23,quarterly,3.78,USD,post-market,None,10207000000,0.0348,0.201,0.07,97.91,None,4767000000,719000000,1253000000,127.44,131.46,24.3421,285557000000,283154000000,266184000000,270232000000,2403000000,4048000000,27083000000,15325000000,11.35,-42000000,140.5,103.19
2025-12-28,HIG,12.22,27917001000.0,11.35,None,0.629,64.78,39000000,None,1273000000,1273000000,-677000000,18000000,48000000,-5000000,0,None,None,19000000,3000000,305600000,None,19945000000,19945000000,64452000000,None,None,10094000000,None,None,561000000,116000000,2.08,0.0149,90000000,90000000,None,0.473,0.74,3237000000,3798000000,3.04,2018-03-31,10.25,1720000000,10171000000.0,7138000000,2985000000,711000000,1720000000,1720000000,None,252000000,None,None,None,None,4048000000,None,None,597000000,None,None,None,0.189,712000000,4153000000,2985000000,270534000000,201013000000,None,None,None,None,None,None,None,1.41,2.151,1.385,None,None,None,None,None,1000000,None,0.128,None,683000000,2025-10-23,quarterly,3.78,USD,post-market,None,10207000000,0.0348,0.201,0.07,97.91,None,4767000000,719000000,1253000000,127.44,131.46,24.3421,285557000000,283154000000,266184000000,270232000000,2403000000,4048000000,27083000000,15325000000,11.35,-42000000,140.5,103.19
2025-12-28,HIG,12.22,27917001000.0,11.35,None,0.629,64.78,121000000,None,1273000000,1273000000,-321000000,-255000000,401000000,None,0,None,None,-978000000,3000000,305600000,None,19945000000,19945000000,64452000000,None,None,10094000000,None,None,561000000,99000000,2.08,0.0149,83000000,83000000,None,0.473,0.74,3237000000,3798000000,3.04,2017-12-31,10.25,1720000000,10171000000.0,7138000000,2985000000,711000000,1720000000,1720000000,None,252000000,None,None,None,None,4048000000,None,None,-3703000000,None,None,None,0.189,662000000,4153000000,2985000000,270534000000,201013000000,None,None,None,None,None,None,None,1.41,2.151,1.385,None,None,None,None,None,-53000000,None,0.128,None,683000000,2025-10-23,quarterly,3.78,USD,post-market,None,10207000000,0.0348,0.201,0.07,97.91,None,4767000000,719000000,1253000000,127.44,131.46,24.3421,285557000000,283154000000,266184000000,270232000000,2403000000,4048000000,27083000000,15325000000,11.35,-42000000,140.5,103.19
2025-12-28,HIG,12.22,27917001000.0,11.35,None,0.629,64.78,37000000,None,1273000000,1273000000,-658000000,-9000000,-29000000,8000000,0,None,None,18000000,3000000,305600000,None,19945000000,19945000000,64452000000,None,None,10094000000,None,None,561000000,109000000,2.08,0.0149,85000000,85000000,None,0.473,0.74,3237000000,3798000000,3.04,2017-09-30,10.25,1720000000,10171000000.0,7138000000,2985000000,711000000,1720000000,1720000000,None,252000000,None,None,None,None,4048000000,None,None,234000000,None,None,None,0.189,630000000,4153000000,2985000000,270534000000,201013000000,None,None,None,None,None,None,None,1.41,2.151,1.385,None,None,None,None,None,-325000000,None,0.128,None,683000000,2025-10-23,quarterly,3.78,USD,post-market,None,10207000000,0.0348,0.201,0.07,97.91,None,4767000000,719000000,1253000000,127.44,131.46,24.3421,285557000000,283154000000,266184000000,270232000000,2403000000,4048000000,27083000000,15325000000,11.35,-42000000,140.5,103.19
2025-12-28,HIG,12.22,27917001000.0,11.35,None,0.629,64.78,51000000,None,1273000000,1273000000,-436000000,-268000000,25000000,60000000,0,None,None,32000000,3000000,305600000,None,19945000000,19945000000,64452000000,None,None,10094000000,None,None,561000000,95000000,2.08,0.0149,86000000,86000000,None,0.473,0.74,3237000000,3798000000,3.04,2017-06-30,10.25,1720000000,10171000000.0,7138000000,2985000000,711000000,1720000000,1720000000,None,252000000,None,None,None,None,4048000000,None,None,-40000000,None,None,None,0.189,669000000,4153000000,2985000000,270534000000,201013000000,None,None,None,None,None,None,None,1.41,2.151,1.385,None,None,None,None,None,-325000000,None,0.128,None,683000000,2025-10-23,quarterly,3.78,USD,post-market,None,10207000000,0.0348,0.201,0.07,97.91,None,4767000000,719000000,1253000000,127.44,131.46,24.3421,285557000000,283154000000,266184000000,270232000000,2403000000,4048000000,27083000000,15325000000,11.35,-42000000,140.5,103.19
2025-12-28,HIG,12.22,27917001000.0,11.35,None,0.629,64.78,41000000,None,1273000000,1273000000,436000000,-1208000000,-545000000,2000000,0,None,None,-7000000,3000000,305600000,None,19945000000,19945000000,64452000000,None,None,10094000000,None,None,561000000,96000000,2.08,0.0149,87000000,87000000,None,0.473,0.74,3237000000,3798000000,3.04,2017-03-31,10.25,1720000000,10171000000.0,7138000000,2985000000,711000000,1720000000,1720000000,None,252000000,None,None,None,None,4048000000,None,None,378000000,None,None,None,0.189,225000000,4153000000,2985000000,270534000000,201013000000,None,None,None,None,None,None,None,1.41,2.151,1.385,None,None,None,None,None,-325000000,None,0.128,None,683000000,2025-10-23,quarterly,3.78,USD,post-market,None,10207000000,0.0348,0.201,0.07,97.91,None,4767000000,719000000,1253000000,127.44,131.46,24.3421,285557000000,283154000000,266184000000,270232000000,2403000000,4048000000,27083000000,15325000000,11.35,-42000000,140.5,103.19
2025-12-28,HIG,12.22,27917001000.0,11.35,None,0.629,64.78,41000000,None,1273000000,1273000000,-574000000,4000000,72000000,-19000000,0,None,None,-108000000,3000000,305600000,None,19945000000,19945000000,64452000000,None,None,10094000000,None,None,561000000,102000000,2.08,0.0149,81000000,81000000,None,0.473,0.74,3237000000,3798000000,3.04,2016-12-31,10.25,1720000000,10171000000.0,7138000000,2985000000,711000000,1720000000,1720000000,None,252000000,None,None,None,None,4048000000,None,None,-81000000,None,None,None,0.189,661000000,4153000000,2985000000,270534000000,201013000000,None,None,None,None,None,None,None,1.41,2.151,1.385,None,None,None,None,None,-280000000,None,0.128,None,683000000,2025-10-23,quarterly,3.78,USD,post-market,None,10207000000,0.0348,0.201,0.07,97.91,None,4767000000,719000000,1253000000,127.44,131.46,24.3421,285557000000,283154000000,266184000000,270232000000,2403000000,4048000000,27083000000,15325000000,11.35,-42000000,140.5,103.19
2025-12-28,HIG,12.22,27917001000.0,11.35,None,0.629,64.78,46000000,None,1273000000,1273000000,-835000000,604000000,349000000,-9000000,0,None,None,287000000,3000000,305600000,None,19945000000,19945000000,64452000000,None,None,10094000000,None,None,561000000,112000000,2.08,0.0149,83000000,83000000,None,0.473,0.74,3237000000,3798000000,3.04,2016-09-30,10.25,1720000000,10171000000.0,7138000000,2985000000,711000000,1720000000,1720000000,None,252000000,None,None,None,None,4048000000,None,None,438000000,None,None,None,0.189,589000000,4153000000,2985000000,270534000000,201013000000,None,None,None,None,None,None,None,1.41,2.151,1.385,None,None,None,None,None,-350000000,None,0.128,None,683000000,2025-10-23,quarterly,3.78,USD,post-market,None,10207000000,0.0348,0.201,0.07,97.91,None,4767000000,719000000,1253000000,127.44,131.46,24.3421,285557000000,283154000000,266184000000,270232000000,2403000000,4048000000,27083000000,15325000000,11.35,-42000000,140.5,103.19
2025-12-28,HIG,12.22,27917001000.0,11.35,None,0.629,64.78,53000000,None,1273000000,1273000000,-567000000,147000000,-18000000,-16000000,0,None,None,9000000,3000000,305600000,None,19945000000,19945000000,64452000000,None,None,10094000000,None,None,561000000,89000000,2.08,0.0149,85000000,85000000,None,0.473,0.74,3237000000,3798000000,3.04,2016-06-30,10.25,1720000000,10171000000.0,7138000000,2985000000,711000000,1720000000,1720000000,None,252000000,None,None,None,None,4048000000,None,None,216000000,None,None,None,0.189,418000000,4153000000,2985000000,270534000000,201013000000,None,None,None,None,None,None,None,1.41,2.151,1.385,None,None,None,None,None,-350000000,None,0.128,None,683000000,2025-10-23,quarterly,3.78,USD,post-market,None,10207000000,0.0348,0.201,0.07,97.91,None,4767000000,719000000,1253000000,127.44,131.46,24.3421,285557000000,283154000000,266184000000,270232000000,2403000000,4048000000,27083000000,15325000000,11.35,-42000000,140.5,103.19
2025-12-28,HIG,12.22,27917001000.0,11.35,None,0.629,64.78,84000000,None,1273000000,1273000000,-565000000,194000000,31000000,4000000,0,None,None,53000000,3000000,305600000,None,19945000000,19945000000,64452000000,None,None,10094000000,None,None,561000000,95000000,2.08,0.0149,85000000,85000000,None,0.473,0.74,3237000000,3798000000,3.04,2016-03-31,10.25,1720000000,10171000000.0,7138000000,2985000000,711000000,1720000000,1720000000,None,252000000,None,None,None,None,4048000000,None,None,323000000,None,None,None,0.189,398000000,4153000000,2985000000,270534000000,201013000000,None,None,None,None,None,None,None,1.41,2.151,1.385,None,None,None,None,None,-350000000,None,0.128,None,683000000,2025-10-23,quarterly,3.78,USD,post-market,None,10207000000,0.0348,0.201,0.07,97.91,None,4767000000,719000000,1253000000,127.44,131.46,24.3421,285557000000,283154000000,266184000000,270232000000,2403000000,4048000000,27083000000,15325000000,11.35,-42000000,140.5,103.19
2025-12-28,HIG,12.22,27917001000.0,11.35,None,0.629,64.78,113000000,None,1273000000,1273000000,-838000000,-118000000,-217000000,-17000000,0,None,None,457000000,3000000,305600000,None,19945000000,19945000000,64452000000,None,None,10094000000,None,None,561000000,128000000,2.08,0.0149,87000000,87000000,None,0.473,0.74,3237000000,3798000000,3.04,2015-12-31,10.25,1720000000,10171000000.0,7138000000,2985000000,711000000,1720000000,1720000000,None,252000000,None,None,None,None,4048000000,None,None,421000000,None,None,None,0.189,756000000,4153000000,2985000000,270534000000,201013000000,None,None,None,None,None,None,None,1.41,2.151,1.385,None,None,None,None,None,-450000000,None,0.128,None,683000000,2025-10-23,quarterly,3.78,USD,post-market,None,10207000000,0.0348,0.201,0.07,97.91,None,4767000000,719000000,1253000000,127.44,131.46,24.3421,285557000000,283154000000,266184000000,270232000000,2403000000,4048000000,27083000000,15325000000,11.35,-42000000,140.5,103.19
2025-12-28,HIG,12.22,27917001000.0,11.35,None,0.629,64.78,92000000,None,1273000000,1273000000,-838000000,135000000,172000000,-16000000,0,None,None,525000000,3000000,305600000,None,19945000000,19945000000,64452000000,None,None,10094000000,None,None,561000000,72000000,2.08,0.0149,76000000,76000000,None,0.473,0.74,3237000000,3798000000,3.04,2015-09-30,10.25,1720000000,10171000000.0,7138000000,2985000000,711000000,1720000000,1720000000,None,252000000,None,None,None,None,4048000000,None,None,381000000,None,None,None,0.189,891000000,4153000000,2985000000,270534000000,201013000000,None,None,None,None,None,None,None,1.41,2.151,1.385,None,None,None,None,None,-300000000,None,0.128,None,683000000,2025-10-23,quarterly,3.78,USD,post-market,None,10207000000,0.0348,0.201,0.07,97.91,None,4767000000,719000000,1253000000,127.44,131.46,24.3421,285557000000,283154000000,266184000000,270232000000,2403000000,4048000000,27083000000,15325000000,11.35,-42000000,140.5,103.19
2025-12-28,HIG,12.22,27917001000.0,11.35,None,0.629,64.78,44000000,None,1273000000,1273000000,-849000000,173000000,-7000000,7000000,0,None,None,-241000000,3000000,305600000,None,19945000000,19945000000,64452000000,None,None,10094000000,None,None,561000000,72000000,2.08,0.0149,75000000,75000000,None,0.473,0.74,3237000000,3798000000,3.04,2015-06-30,10.25,1720000000,10171000000.0,7138000000,2985000000,711000000,1720000000,1720000000,None,252000000,None,None,None,None,4048000000,None,None,413000000,None,None,None,0.189,662000000,4153000000,2985000000,270534000000,201013000000,None,None,None,None,None,None,None,1.41,2.151,1.385,None,None,None,None,None,-250000000,None,0.128,None,683000000,2025-10-23,quarterly,3.78,USD,post-market,None,10207000000,0.0348,0.201,0.07,97.91,None,4767000000,719000000,1253000000,127.44,131.46,24.3421,285557000000,283154000000,266184000000,270232000000,2403000000,4048000000,27083000000,15325000000,11.35,-42000000,140.5,103.19
2025-12-28,HIG,12.22,27917001000.0,11.35,None,0.629,64.78,58000000,None,1273000000,1273000000,-619000000,295000000,101000000,-22000000,0,None,None,-412000000,3000000,305600000,None,19945000000,19945000000,64452000000,None,None,10094000000,None,None,561000000,101000000,2.08,0.0149,78000000,78000000,None,0.473,0.74,3237000000,3798000000,3.04,2015-03-31,10.25,1720000000,10171000000.0,7138000000,2985000000,711000000,1720000000,1720000000,None,252000000,None,None,None,None,4048000000,None,None,467000000,None,None,None,0.189,447000000,4153000000,2985000000,270534000000,201013000000,None,None,None,None,None,None,None,1.41,2.151,1.385,None,None,None,None,None,-250000000,None,0.128,None,683000000,2025-10-23,quarterly,3.78,USD,post-market,None,10207000000,0.0348,0.201,0.07,97.91,None,4767000000,719000000,1253000000,127.44,131.46,24.3421,285557000000,283154000000,266184000000,270232000000,2403000000,4048000000,27083000000,15325000000,11.35,-42000000,140.5,103.19
2025-12-28,HIG,12.22,27917001000.0,11.35,None,0.629,64.78,64000000,None,1273000000,1273000000,-800000000,-223000000,-41000000,-9000000,0,None,None,-86000000,3000000,305600000,None,19945000000,19945000000,64452000000,None,None,10094000000,None,None,561000000,124000000,2.08,0.0149,69000000,69000000,None,0.473,0.74,3237000000,3798000000,3.04,2014-12-31,10.25,1720000000,10171000000.0,7138000000,2985000000,711000000,1720000000,1720000000,None,252000000,None,None,None,None,4048000000,None,None,382000000,None,None,None,0.189,991000000,4153000000,2985000000,270534000000,201013000000,None,None,None,None,None,None,None,1.41,2.151,1.385,None,None,None,None,None,-300000000,None,0.128,None,683000000,2025-10-23,quarterly,3.78,USD,post-market,None,10207000000,0.0348,0.201,0.07,97.91,None,4767000000,719000000,1253000000,127.44,131.46,24.3421,285557000000,283154000000,266184000000,270232000000,2403000000,4048000000,27083000000,15325000000,11.35,-42000000,140.5,103.19
2025-12-28,HIG,12.22,27917001000.0,11.35,None,0.629,64.78,43000000,None,1273000000,1273000000,-1636000000,190000000,-1072000000,-11000000,0,None,None,254000000,3000000,305600000,None,19945000000,19945000000,64452000000,None,None,10094000000,None,None,561000000,92000000,2.08,0.0149,79000000,79000000,None,0.473,0.74,3237000000,3798000000,3.04,2014-09-30,10.25,1720000000,10171000000.0,7138000000,2985000000,711000000,1720000000,1720000000,None,252000000,None,None,None,None,4048000000,None,None,388000000,None,None,None,0.189,385000000,4153000000,2985000000,270534000000,201013000000,None,None,None,None,None,None,None,1.41,2.151,1.385,None,None,None,None,None,-845000000,None,0.128,None,683000000,2025-10-23,quarterly,3.78,USD,post-market,None,10207000000,0.0348,0.201,0.07,97.91,None,4767000000,719000000,1253000000,127.44,131.46,24.3421,285557000000,283154000000,266184000000,270232000000,2403000000,4048000000,27083000000,15325000000,11.35,-42000000,140.5,103.19
2025-12-28,HIG,12.22,27917001000.0,11.35,None,0.629,64.78,131000000,None,1273000000,1273000000,-1355000000,1533000000,227000000,-112000000,0,None,None,-149000000,3000000,305600000,None,19945000000,19945000000,64452000000,None,None,10094000000,None,None,561000000,60000000,2.08,0.0149,67000000,67000000,None,0.473,0.74,3237000000,3798000000,3.04,2014-06-30,10.25,1720000000,10171000000.0,7138000000,2985000000,711000000,1720000000,1720000000,None,252000000,None,None,None,None,4048000000,None,None,-467000000,None,None,None,0.189,161000000,4153000000,2985000000,270534000000,201013000000,None,None,None,None,None,None,None,1.41,2.151,1.385,None,None,None,None,None,-351000000,None,0.128,None,683000000,2025-10-23,quarterly,3.78,USD,post-market,None,10207000000,0.0348,0.201,0.07,97.91,None,4767000000,719000000,1253000000,127.44,131.46,24.3421,285557000000,283154000000,266184000000,270232000000,2403000000,4048000000,27083000000,15325000000,11.35,-42000000,140.5,103.19
2025-12-28,HIG,12.22,27917001000.0,11.35,None,0.629,64.78,33000000,None,1273000000,1273000000,-685000000,196000000,-143000000,-3000000,0,None,None,3000000,3000000,305600000,None,19945000000,19945000000,64452000000,None,None,10094000000,None,None,561000000,60000000,2.08,0.0149,67000000,67000000,None,0.473,0.74,3237000000,3798000000,3.04,2014-03-31,10.25,1720000000,10171000000.0,7138000000,2985000000,711000000,1720000000,1720000000,None,252000000,None,None,None,None,4048000000,None,None,495000000,None,None,None,0.189,349000000,4153000000,2985000000,270534000000,201013000000,None,None,None,None,None,None,None,1.41,2.151,1.385,None,None,None,None,None,-300000000,None,0.128,None,683000000,2025-10-23,quarterly,3.78,USD,post-market,None,10207000000,0.0348,0.201,0.07,97.91,None,4767000000,719000000,1253000000,127.44,131.46,24.3421,285557000000,283154000000,266184000000,270232000000,2403000000,4048000000,27083000000,15325000000,11.35,-42000000,140.5,103.19
2025-12-28,HIG,12.22,27917001000.0,11.35,None,0.629,64.78,73000000,None,1273000000,1273000000,-2366000000,2057000000,-109000000,-134000000,0,None,None,-156000000,3000000,305600000,None,19945000000,19945000000,64452000000,None,None,10094000000,None,None,561000000,49000000,2.08,0.0149,68000000,68000000,None,0.473,0.74,3237000000,3798000000,3.04,2013-12-31,10.25,1720000000,10171000000.0,7138000000,2985000000,711000000,1720000000,1720000000,None,252000000,None,None,None,None,4048000000,None,None,314000000,None,None,None,0.189,334000000,4153000000,2985000000,270534000000,201013000000,None,None,None,None,None,None,None,1.41,2.151,1.385,None,None,None,None,None,-225000000,None,0.128,None,683000000,2025-10-23,quarterly,3.78,USD,post-market,None,10207000000,0.0348,0.201,0.07,97.91,None,4767000000,719000000,1253000000,127.44,131.46,24.3421,285557000000,283154000000,266184000000,270232000000,2403000000,4048000000,27083000000,15325000000,11.35,-42000000,140.5,103.19
2025-12-28,HIG,12.22,27917001000.0,11.35,None,0.629,64.78,174000000,None,1273000000,1273000000,-1083000000,169000000,-306000000,113000000,0,None,None,-78000000,3000000,305600000,None,19945000000,19945000000,64452000000,None,None,10094000000,None,None,561000000,83000000,2.08,0.0149,47000000,47000000,None,0.473,0.74,3237000000,3798000000,3.04,2013-09-30,10.25,1720000000,10171000000.0,7138000000,2985000000,711000000,1720000000,1720000000,None,252000000,None,None,None,None,4048000000,None,None,293000000,None,None,None,0.189,495000000,4153000000,2985000000,270534000000,201013000000,None,None,None,None,None,None,None,1.41,2.151,1.385,None,None,None,None,None,-230000000,None,0.128,None,683000000,2025-10-23,quarterly,3.78,USD,post-market,None,10207000000,0.0348,0.201,0.07,97.91,None,4767000000,719000000,1253000000,127.44,131.46,24.3421,285557000000,283154000000,266184000000,270232000000,2403000000,4048000000,27083000000,15325000000,11.35,-42000000,140.5,103.19
2025-12-28,HIG,12.22,27917001000.0,11.35,None,0.629,64.78,133000000,None,1273000000,1273000000,-1519000000,1212000000,-142000000,-57000000,0,None,None,-297000000,3000000,305600000,None,19945000000,19945000000,64452000000,None,None,10094000000,None,None,561000000,5000000,2.08,0.0149,53000000,53000000,None,0.473,0.74,3237000000,3798000000,3.04,2013-06-30,10.25,1720000000,10171000000.0,7138000000,2985000000,711000000,1720000000,1720000000,None,252000000,None,None,None,None,4048000000,None,None,-190000000,None,None,None,0.189,222000000,4153000000,2985000000,270534000000,201013000000,None,None,None,None,None,None,None,1.41,2.151,1.385,None,None,None,None,None,-110000000,None,0.128,None,683000000,2025-10-23,quarterly,3.78,USD,post-market,None,10207000000,0.0348,0.201,0.07,97.91,None,4767000000,719000000,1253000000,127.44,131.46,24.3421,285557000000,283154000000,266184000000,270232000000,2403000000,4048000000,27083000000,15325000000,11.35,-42000000,140.5,103.19
2025-12-28,HIG,12.22,27917001000.0,11.35,None,0.629,64.78,125000000,None,1273000000,1273000000,-852000000,307000000,-436000000,-77000000,0,None,None,-30000000,3000000,305600000,None,19945000000,19945000000,64452000000,None,None,10094000000,None,None,561000000,52000000,2.08,0.0149,55000000,55000000,None,0.473,0.74,3237000000,3798000000,3.04,2013-03-31,10.25,1720000000,10171000000.0,7138000000,2985000000,711000000,1720000000,1720000000,None,252000000,None,None,None,None,4048000000,None,None,-241000000,None,None,None,0.189,186000000,4153000000,2985000000,270534000000,201013000000,None,None,None,None,None,None,None,1.41,2.151,1.385,None,None,None,None,None,-35000000,None,0.128,None,683000000,2025-10-23,quarterly,3.78,USD,post-market,None,10207000000,0.0348,0.201,0.07,97.91,None,4767000000,719000000,1253000000,127.44,131.46,24.3421,285557000000,283154000000,266184000000,270232000000,2403000000,4048000000,27083000000,15325000000,11.35,-42000000,140.5,103.19
2025-12-28,HIG,12.22,27917001000.0,11.35,None,0.629,64.78,170000000,None,1273000000,1273000000,-11000000,-695000000,None,None,0,None,None,None,3000000,305600000,None,19945000000,19945000000,64452000000,None,None,10094000000,None,None,561000000,101000000,2.08,0.0149,53000000,53000000,None,0.473,0.74,3237000000,3798000000,3.04,2012-12-31,10.25,1720000000,10171000000.0,7138000000,2985000000,711000000,1720000000,1720000000,None,252000000,None,None,None,None,4048000000,None,None,-434000000,None,None,None,0.189,469000000,4153000000,2985000000,270534000000,201013000000,None,None,None,None,None,None,None,1.41,2.151,1.385,None,None,None,None,None,300000000,None,0.128,None,683000000,2025-10-23,quarterly,3.78,USD,post-market,None,10207000000,0.0348,0.201,0.07,97.91,None,4767000000,719000000,1253000000,127.44,131.46,24.3421,285557000000,283154000000,266184000000,270232000000,2403000000,4048000000,27083000000,15325000000,11.35,-42000000,140.5,103.19
2025-12-28,HIG,12.22,27917001000.0,11.35,None,0.629,64.78,31000000,None,1273000000,1273000000,-326000000,-311000000,None,None,0,None,None,None,3000000,305600000,None,19945000000,19945000000,64452000000,None,None,10094000000,None,None,561000000,116000000,2.08,0.0149,54000000,54000000,None,0.473,0.74,3237000000,3798000000,3.04,2012-09-30,10.25,1720000000,10171000000.0,7138000000,2985000000,711000000,1720000000,1720000000,None,252000000,None,None,None,None,4048000000,None,None,401000000,None,None,None,0.189,976000000,4153000000,2985000000,270534000000,201013000000,None,None,None,None,None,None,None,1.41,2.151,1.385,None,None,None,None,None,3348000000,None,0.128,None,683000000,2025-10-23,quarterly,3.78,USD,post-market,None,10207000000,0.0348,0.201,0.07,97.91,None,4767000000,719000000,1253000000,127.44,131.46,24.3421,285557000000,283154000000,266184000000,270232000000,2403000000,4048000000,27083000000,15325000000,11.35,-42000000,140.5,103.19
2025-12-28,HIG,12.22,27917001000.0,11.35,None,0.629,64.78,586000000,None,1273000000,1273000000,342000000,-184000000,None,None,0,None,None,None,3000000,305600000,None,19945000000,19945000000,64452000000,None,None,10094000000,None,None,561000000,152000000,2.08,0.0149,55000000,55000000,None,0.473,0.74,3237000000,3798000000,3.04,2012-06-30,10.25,1720000000,10171000000.0,7138000000,2985000000,711000000,1720000000,1720000000,None,252000000,None,None,None,None,4048000000,None,None,-101000000,None,None,None,0.189,96000000,4153000000,2985000000,270534000000,201013000000,None,None,None,None,None,None,None,1.41,2.151,1.385,None,None,None,None,None,-106000000,None,0.128,None,683000000,2025-10-23,quarterly,3.78,USD,post-market,None,10207000000,0.0348,0.201,0.07,97.91,None,4767000000,719000000,1253000000,127.44,131.46,24.3421,285557000000,283154000000,266184000000,270232000000,2403000000,4048000000,27083000000,15325000000,11.35,-42000000,140.5,103.19
2025-12-28,HIG,12.22,27917001000.0,11.35,None,0.629,64.78,517000000,None,1273000000,1273000000,-233000000,-1367000000,None,None,0,None,None,None,3000000,305600000,None,19945000000,19945000000,64452000000,None,None,10094000000,None,None,561000000,98000000,2.08,0.0149,55000000,55000000,None,0.473,0.74,3237000000,3798000000,3.04,2012-03-31,10.25,1720000000,10171000000.0,7138000000,2985000000,711000000,1720000000,1720000000,None,252000000,None,None,None,None,4048000000,None,None,96000000,None,None,None,0.189,1140000000,4153000000,2985000000,270534000000,201013000000,None,None,None,None,None,None,None,1.41,2.151,1.385,None,None,None,None,None,-48000000,None,0.128,None,683000000,2025-10-23,quarterly,3.78,USD,post-market,None,10207000000,0.0348,0.201,0.07,97.91,None,4767000000,719000000,1253000000,127.44,131.46,24.3421,285557000000,283154000000,266184000000,270232000000,2403000000,4048000000,27083000000,15325000000,11.35,-42000000,140.5,103.19
2025-12-28,HIG,12.22,27917001000.0,11.35,None,0.629,64.78,27000000,None,1273000000,1273000000,-370000000,-286000000,None,None,0,None,None,None,3000000,305600000,None,19945000000,19945000000,64452000000,None,None,10094000000,None,None,561000000,136000000,2.08,0.0149,56000000,56000000,None,0.473,0.74,3237000000,3798000000,3.04,2011-12-31,10.25,1720000000,10171000000.0,7138000000,2985000000,711000000,1720000000,1720000000,None,252000000,None,None,None,None,4048000000,None,None,127000000,None,None,None,0.189,650000000,4153000000,2985000000,270534000000,201013000000,None,None,None,None,None,None,None,1.41,2.151,1.385,None,None,None,None,None,-46000000,None,0.128,None,683000000,2025-10-23,quarterly,3.78,USD,post-market,None,10207000000,0.0348,0.201,0.07,97.91,None,4767000000,719000000,1253000000,127.44,131.46,24.3421,285557000000,283154000000,266184000000,270232000000,2403000000,4048000000,27083000000,15325000000,11.35,-42000000,140.5,103.19
2025-12-28,HIG,12.22,27917001000.0,11.35,None,0.629,64.78,278000000,None,1273000000,1273000000,80000000,-89000000,691000000,40000000,0,None,None,2000000,3000000,305600000,None,19945000000,19945000000,64452000000,None,None,10094000000,None,None,561000000,148000000,2.08,0.0149,54000000,54000000,None,0.473,0.74,3237000000,3798000000,3.04,2011-09-30,10.25,1720000000,10171000000.0,7138000000,2985000000,711000000,1720000000,1720000000,None,252000000,None,None,None,None,4048000000,None,None,60000000,None,None,None,0.189,660000000,4153000000,2985000000,270534000000,201013000000,None,None,None,None,None,None,None,1.41,2.151,1.385,None,None,None,None,None,2012000000,None,0.128,None,683000000,2025-10-23,quarterly,3.78,USD,post-market,None,10207000000,0.0348,0.201,0.07,97.91,None,4767000000,719000000,1253000000,127.44,131.46,24.3421,285557000000,283154000000,266184000000,270232000000,2403000000,4048000000,27083000000,15325000000,11.35,-42000000,140.5,103.19
2025-12-28,HIG,12.22,27917001000.0,11.35,None,0.629,64.78,598000000,None,1273000000,1273000000,132000000,-1061000000,-419000000,20000000,0,None,None,-92000000,3000000,305600000,None,19945000000,19945000000,64452000000,None,None,10094000000,None,None,561000000,256000000,2.08,0.0149,55000000,55000000,None,0.473,0.74,3237000000,3798000000,3.04,2011-06-30,10.25,1720000000,10171000000.0,7138000000,2985000000,711000000,1720000000,1720000000,None,252000000,None,None,None,None,4048000000,None,None,24000000,None,None,None,0.189,490000000,4153000000,2985000000,270534000000,201013000000,None,None,None,None,None,None,None,1.41,2.151,1.385,None,None,None,None,None,3231000000,None,0.128,None,683000000,2025-10-23,quarterly,3.78,USD,post-market,None,10207000000,0.0348,0.201,0.07,97.91,None,4767000000,719000000,1253000000,127.44,131.46,24.3421,285557000000,283154000000,266184000000,270232000000,2403000000,4048000000,27083000000,15325000000,11.35,-42000000,140.5,103.19
2025-12-28,HIG,12.22,27917001000.0,11.35,None,0.629,64.78,256000000,None,1273000000,1273000000,-451000000,254000000,255000000,-22000000,0,None,None,59000000,3000000,305600000,None,19945000000,19945000000,64452000000,None,None,10094000000,None,None,561000000,128000000,2.08,0.0149,30000000,30000000,None,0.473,0.74,3237000000,3798000000,3.04,2011-03-31,10.25,1720000000,10171000000.0,7138000000,2985000000,711000000,1720000000,1720000000,None,252000000,None,None,None,None,4048000000,None,None,511000000,None,None,None,0.189,474000000,4153000000,2985000000,270534000000,201013000000,None,None,None,None,None,None,None,1.41,2.151,1.385,None,None,None,None,None,2418000000,None,0.128,None,683000000,2025-10-23,quarterly,3.78,USD,post-market,None,10207000000,0.0348,0.201,0.07,97.91,None,4767000000,719000000,1253000000,127.44,131.46,24.3421,285557000000,283154000000,266184000000,270232000000,2403000000,4048000000,27083000000,15325000000,11.35,-42000000,140.5,103.19
2025-12-28,HIG,12.22,27917001000.0,11.35,None,0.629,64.78,187000000,None,1273000000,1273000000,-560000000,-148000000,None,None,None,None,None,None,3000000,305600000,None,19945000000,19945000000,64452000000,None,None,10094000000,None,None,561000000,147000000,2.08,0.0149,33000000,33000000,None,0.473,0.74,3237000000,3798000000,3.04,2010-12-31,10.25,1720000000,10171000000.0,7138000000,2985000000,711000000,1720000000,1720000000,None,252000000,None,None,None,None,4048000000,None,None,619000000,None,None,None,0.189,1064000000,4153000000,2985000000,270534000000,201013000000,None,None,None,None,None,None,None,1.41,2.151,1.385,None,None,None,None,None,3400000000,None,0.128,None,683000000,2025-10-23,quarterly,3.78,USD,post-market,None,10207000000,0.0348,0.201,0.07,97.91,None,4767000000,719000000,1253000000,127.44,131.46,24.3421,285557000000,283154000000,266184000000,270232000000,2403000000,4048000000,27083000000,15325000000,11.35,-42000000,140.5,103.19
2025-12-28,HIG,12.22,27917001000.0,11.35,None,0.629,64.78,18000000,None,1273000000,1273000000,-428000000,-1886000000,None,None,0,None,None,None,3000000,305600000,None,19945000000,19945000000,64452000000,None,None,10094000000,None,None,561000000,134000000,2.08,0.0149,33000000,33000000,None,0.473,0.74,3237000000,3798000000,3.04,2010-09-30,10.25,1720000000,10171000000.0,7138000000,2985000000,711000000,1720000000,1720000000,None,252000000,None,None,None,None,4048000000,None,None,666000000,None,None,None,0.189,1045000000,4153000000,2985000000,270534000000,201013000000,None,None,None,None,None,None,None,1.41,2.151,1.385,None,None,None,None,None,1878000000,None,0.128,None,683000000,2025-10-23,quarterly,3.78,USD,post-market,None,10207000000,0.0348,0.201,0.07,97.91,None,4767000000,719000000,1253000000,127.44,131.46,24.3421,285557000000,283154000000,266184000000,270232000000,2403000000,4048000000,27083000000,15325000000,11.35,-42000000,140.5,103.19
2025-12-28,HIG,12.22,27917001000.0,11.35,None,0.629,64.78,515000000,None,1273000000,1273000000,-1315000000,1501000000,None,None,0,None,None,None,3000000,305600000,None,19945000000,19945000000,64452000000,None,None,10094000000,None,None,561000000,171000000,2.08,0.0149,20000000,20000000,None,0.473,0.74,3237000000,3798000000,3.04,2010-06-30,10.25,1720000000,10171000000.0,7138000000,2985000000,711000000,1720000000,1720000000,None,252000000,None,None,None,None,4048000000,None,None,76000000,None,None,None,0.189,712000000,4153000000,2985000000,270534000000,201013000000,None,None,None,None,None,None,None,1.41,2.151,1.385,None,None,None,None,None,3996000000,None,0.128,None,683000000,2025-10-23,quarterly,3.78,USD,post-market,None,10207000000,0.0348,0.201,0.07,97.91,None,4767000000,719000000,1253000000,127.44,131.46,24.3421,285557000000,283154000000,266184000000,270232000000,2403000000,4048000000,27083000000,15325000000,11.35,-42000000,140.5,103.19
2025-12-28,HIG,12.22,27917001000.0,11.35,None,0.629,64.78,705000000,None,1273000000,1273000000,-652000000,99000000,None,None,0,None,None,None,3000000,305600000,None,19945000000,19945000000,64452000000,None,None,10094000000,None,None,561000000,144000000,2.08,0.0149,84000000,84000000,None,0.473,0.74,3237000000,3798000000,3.04,2010-03-31,10.25,1720000000,10171000000.0,7138000000,2985000000,711000000,1720000000,1720000000,None,252000000,None,None,None,None,4048000000,None,None,319000000,None,None,None,0.189,488000000,4153000000,2985000000,270534000000,201013000000,None,None,None,None,None,None,None,1.41,2.151,1.385,None,None,None,None,None,-3400000000,None,0.128,None,683000000,2025-10-23,quarterly,3.78,USD,post-market,None,10207000000,0.0348,0.201,0.07,97.91,None,4767000000,719000000,1253000000,127.44,131.46,24.3421,285557000000,283154000000,266184000000,270232000000,2403000000,4048000000,27083000000,15325000000,11.35,-42000000,140.5,103.19
2025-12-28,HIG,12.22,27917001000.0,11.35,None,0.629,64.78,58000000,None,1273000000,1273000000,-1169000000,698000000,None,None,0,None,None,None,3000000,305600000,None,19945000000,19945000000,64452000000,None,None,10094000000,None,None,561000000,110000000,2.08,0.0149,62000000,62000000,None,0.473,0.74,3237000000,3798000000,3.04,2009-12-31,10.25,1720000000,10171000000.0,7138000000,2985000000,711000000,1720000000,1720000000,None,252000000,None,None,None,None,4048000000,None,None,557000000,None,None,None,0.189,229000000,4153000000,2985000000,270534000000,201013000000,None,None,None,None,None,None,None,1.41,2.151,1.385,None,None,None,None,None,-2513000000,None,0.128,None,683000000,2025-10-23,quarterly,3.78,USD,post-market,None,10207000000,0.0348,0.201,0.07,97.91,None,4767000000,719000000,1253000000,127.44,131.46,24.3421,285557000000,283154000000,266184000000,270232000000,2403000000,4048000000,27083000000,15325000000,11.35,-42000000,140.5,103.19
2025-12-28,HIG,12.22,27917001000.0,11.35,None,0.629,64.78,201000000,None,1273000000,1273000000,-646000000,-264000000,None,None,0,None,None,None,3000000,305600000,None,19945000000,19945000000,64452000000,None,None,10094000000,None,None,561000000,101000000,2.08,0.0149,37000000,37000000,None,0.473,0.74,3237000000,3798000000,3.04,2009-09-30,10.25,1720000000,10171000000.0,7138000000,2985000000,711000000,1720000000,1720000000,None,252000000,None,None,None,None,4048000000,None,None,-220000000,None,None,None,0.189,759000000,4153000000,2985000000,270534000000,201013000000,None,None,None,None,None,None,None,1.41,2.151,1.385,None,None,None,None,None,3000000,None,0.128,None,683000000,2025-10-23,quarterly,3.78,USD,post-market,None,10207000000,0.0348,0.201,0.07,97.91,None,4767000000,719000000,1253000000,127.44,131.46,24.3421,285557000000,283154000000,266184000000,270232000000,2403000000,4048000000,27083000000,15325000000,11.35,-42000000,140.5,103.19
2025-12-28,HIG,12.22,27917001000.0,11.35,None,0.629,64.78,9000000,None,1273000000,1273000000,2212000000,-2546000000,None,None,None,None,None,None,3000000,305600000,None,19945000000,19945000000,64452000000,None,None,10094000000,None,None,561000000,122000000,2.08,0.0149,16000000,16000000,None,0.473,0.74,3237000000,3798000000,3.04,2009-06-30,10.25,1720000000,10171000000.0,7138000000,2985000000,711000000,1720000000,1720000000,None,252000000,None,None,None,None,4048000000,None,None,-15000000,None,None,None,0.189,976000000,4153000000,2985000000,270534000000,201013000000,None,None,None,None,None,None,None,1.41,2.151,1.385,None,None,None,None,None,4910000000,None,0.128,None,683000000,2025-10-23,quarterly,3.78,USD,post-market,None,10207000000,0.0348,0.201,0.07,97.91,None,4767000000,719000000,1253000000,127.44,131.46,24.3421,285557000000,283154000000,266184000000,270232000000,2403000000,4048000000,27083000000,15325000000,11.35,-42000000,140.5,103.19
2025-12-28,HIG,12.22,27917001000.0,11.35,None,0.629,64.78,49000000,None,1273000000,1273000000,126000000,-1011000000,None,None,None,None,None,None,3000000,305600000,None,19945000000,19945000000,64452000000,None,None,10094000000,None,None,561000000,137000000,2.08,0.0149,107000000,107000000,None,0.473,0.74,3237000000,3798000000,3.04,2009-03-31,10.25,1720000000,10171000000.0,7138000000,2985000000,711000000,1720000000,1720000000,None,252000000,None,None,None,None,4048000000,None,None,-1209000000,None,None,None,0.189,1010000000,4153000000,2985000000,270534000000,201013000000,None,None,None,None,None,None,None,1.41,2.151,1.385,None,None,None,None,None,-3000000,None,0.128,None,683000000,2025-10-23,quarterly,3.78,USD,post-market,None,10207000000,0.0348,0.201,0.07,97.91,None,4767000000,719000000,1253000000,127.44,131.46,24.3421,285557000000,283154000000,266184000000,270232000000,2403000000,4048000000,27083000000,15325000000,11.35,-42000000,140.5,103.19
2025-12-28,HIG,12.22,27917001000.0,11.35,None,0.629,64.78,87000000,None,1273000000,1273000000,3240000000,-4778000000,None,None,None,None,None,None,3000000,305600000,None,19945000000,19945000000,64452000000,None,None,10094000000,None,None,561000000,98000000,2.08,0.0149,159000000,159000000,None,0.473,0.74,3237000000,3798000000,3.04,2008-12-31,10.25,1720000000,10171000000.0,7138000000,2985000000,711000000,1720000000,1720000000,None,252000000,None,None,None,None,4048000000,None,None,-806000000,None,None,None,0.189,1254000000,4153000000,2985000000,270534000000,201013000000,None,None,None,None,None,None,None,1.41,2.151,1.385,None,None,None,None,None,19000000,None,0.128,None,683000000,2025-10-23,quarterly,3.78,USD,post-market,None,10207000000,0.0348,0.201,0.07,97.91,None,4767000000,719000000,1253000000,127.44,131.46,24.3421,285557000000,283154000000,266184000000,270232000000,2403000000,4048000000,27083000000,15325000000,11.35,-42000000,140.5,103.19
2025-12-28,HIG,12.22,27917001000.0,11.35,None,0.629,64.78,10000000,None,1273000000,1273000000,-968000000,268000000,None,None,None,None,None,None,3000000,305600000,None,19945000000,19945000000,64452000000,None,None,10094000000,None,None,561000000,-213000000,2.08,0.0149,165000000,165000000,None,0.473,0.74,3237000000,3798000000,3.04,2008-09-30,10.25,1720000000,10171000000.0,7138000000,2985000000,711000000,1720000000,1720000000,None,252000000,None,None,None,None,4048000000,None,None,-2631000000,None,None,None,0.189,677000000,4153000000,2985000000,270534000000,201013000000,None,None,None,None,None,None,None,1.41,2.151,1.385,None,None,None,None,None,-172000000,None,0.128,None,683000000,2025-10-23,quarterly,3.78,USD,post-market,None,10207000000,0.0348,0.201,0.07,97.91,None,4767000000,719000000,1253000000,127.44,131.46,24.3421,285557000000,283154000000,266184000000,270232000000,2403000000,4048000000,27083000000,15325000000,11.35,-42000000,140.5,103.19
2025-12-28,HIG,12.22,27917001000.0,11.35,None,0.629,64.78,118000000,None,1273000000,1273000000,652000000,-2497000000,None,None,1487000000,None,None,None,3000000,305600000,None,19945000000,19945000000,64452000000,None,None,10094000000,None,None,561000000,286000000,2.08,0.0149,167000000,167000000,None,0.473,0.74,3237000000,3798000000,3.04,2008-06-30,10.25,1720000000,10171000000.0,7138000000,2985000000,711000000,1720000000,1720000000,None,252000000,None,None,None,None,4048000000,None,None,543000000,None,None,None,0.189,1694000000,4153000000,2985000000,270534000000,201013000000,None,None,None,None,None,None,None,1.41,2.151,1.385,None,None,None,None,None,-811000000,None,0.128,None,683000000,2025-10-23,quarterly,3.78,USD,post-market,None,10207000000,0.0348,0.201,0.07,97.91,None,4767000000,719000000,1253000000,127.44,131.46,24.3421,285557000000,283154000000,266184000000,270232000000,2403000000,4048000000,27083000000,15325000000,11.35,-42000000,140.5,103.19
2025-12-28,HIG,12.22,27917001000.0,11.35,None,0.629,64.78,67000000,None,1273000000,1273000000,1350000000,-1820000000,None,None,-1487000000,None,None,None,3000000,305600000,None,19945000000,19945000000,64452000000,None,None,10094000000,None,None,561000000,190000000,2.08,0.0149,169000000,169000000,None,0.473,0.74,3237000000,3798000000,3.04,2008-03-31,10.25,1720000000,10171000000.0,7138000000,2985000000,711000000,1720000000,1720000000,None,252000000,None,None,None,None,4048000000,None,None,145000000,None,None,None,0.189,567000000,4153000000,2985000000,270534000000,201013000000,None,None,None,None,None,None,None,1.41,2.151,1.385,None,None,None,None,None,-17000000,None,0.128,None,683000000,2025-10-23,quarterly,3.78,USD,post-market,None,10207000000,0.0348,0.201,0.07,97.91,None,4767000000,719000000,1253000000,127.44,131.46,24.3421,285557000000,283154000000,266184000000,270232000000,2403000000,4048000000,27083000000,15325000000,11.35,-42000000,140.5,103.19
2025-12-28,HIG,12.22,27917001000.0,11.35,None,0.629,64.78,24000000,None,1273000000,1273000000,-176000000,-1272000000,None,None,-3893000000,None,None,None,3000000,305600000,None,19945000000,19945000000,64452000000,None,None,10094000000,None,None,561000000,310000000,2.08,0.0149,155000000,155000000,None,0.473,0.74,3237000000,3798000000,3.04,2007-12-31,10.25,1720000000,10171000000.0,7138000000,2985000000,711000000,1720000000,1720000000,None,252000000,None,None,None,None,4048000000,None,None,595000000,None,None,None,0.189,1424000000,4153000000,2985000000,270534000000,201013000000,None,None,None,None,None,None,None,1.41,2.151,1.385,None,None,None,None,None,-41000000,None,0.128,None,683000000,2025-10-23,quarterly,3.78,USD,post-market,None,10207000000,0.0348,0.201,0.07,97.91,None,4767000000,719000000,1253000000,127.44,131.46,24.3421,285557000000,283154000000,266184000000,270232000000,2403000000,4048000000,27083000000,15325000000,11.35,-42000000,140.5,103.19
2025-12-28,HIG,12.22,27917001000.0,11.35,None,0.629,64.78,161000000,None,1273000000,1273000000,193000000,-1746000000,None,None,2255000000,None,None,None,3000000,305600000,None,19945000000,19945000000,64452000000,None,None,10094000000,None,None,561000000,202000000,2.08,0.0149,158000000,158000000,None,0.473,0.74,3237000000,3798000000,3.04,2007-09-30,10.25,1720000000,10171000000.0,7138000000,2985000000,711000000,1720000000,1720000000,None,252000000,None,None,None,None,4048000000,None,None,851000000,None,None,None,0.189,1620000000,4153000000,2985000000,270534000000,201013000000,None,None,None,None,None,None,None,1.41,2.151,1.385,None,None,None,None,None,-394000000,None,0.128,None,683000000,2025-10-23,quarterly,3.78,USD,post-market,None,10207000000,0.0348,0.201,0.07,97.91,None,4767000000,719000000,1253000000,127.44,131.46,24.3421,285557000000,283154000000,266184000000,270232000000,2403000000,4048000000,27083000000,15325000000,11.35,-42000000,140.5,103.19
2025-12-28,HIG,12.22,27917001000.0,11.35,None,0.629,64.78,29000000,None,1273000000,1273000000,210000000,-1962000000,None,None,-1710000000,None,None,None,3000000,305600000,None,19945000000,19945000000,64452000000,None,None,10094000000,None,None,561000000,170000000,2.08,0.0149,161000000,161000000,None,0.473,0.74,3237000000,3798000000,3.04,2007-06-30,10.25,1720000000,10171000000.0,7138000000,2985000000,711000000,1720000000,1720000000,None,252000000,None,None,None,None,4048000000,None,None,627000000,None,None,None,0.189,1642000000,4153000000,2985000000,270534000000,201013000000,None,None,None,None,None,None,None,1.41,2.151,1.385,None,None,None,None,None,-70000000,None,0.128,None,683000000,2025-10-23,quarterly,3.78,USD,post-market,None,10207000000,0.0348,0.201,0.07,97.91,None,4767000000,719000000,1253000000,127.44,131.46,24.3421,285557000000,283154000000,266184000000,270232000000,2403000000,4048000000,27083000000,15325000000,11.35,-42000000,140.5,103.19
2025-12-28,HIG,12.22,27917001000.0,11.35,None,0.629,64.78,61000000,None,1273000000,1273000000,272000000,-1196000000,None,None,75000000,None,None,None,3000000,305600000,None,19945000000,19945000000,64452000000,None,None,10094000000,None,None,561000000,112000000,2.08,0.0149,162000000,162000000,None,0.473,0.74,3237000000,3798000000,3.04,2007-03-31,10.25,1720000000,10171000000.0,7138000000,2985000000,711000000,1720000000,1720000000,None,252000000,None,None,None,None,4048000000,None,None,876000000,None,None,None,0.189,1305000000,4153000000,2985000000,270534000000,201013000000,None,None,None,None,None,None,None,1.41,2.151,1.385,None,None,None,None,None,-800000000,None,0.128,None,683000000,2025-10-23,quarterly,3.78,USD,post-market,None,10207000000,0.0348,0.201,0.07,97.91,None,4767000000,719000000,1253000000,127.44,131.46,24.3421,285557000000,283154000000,266184000000,270232000000,2403000000,4048000000,27083000000,15325000000,11.35,-42000000,140.5,103.19
2025-12-28,HIG,12.22,27917001000.0,11.35,None,0.629,64.78,79000000,None,1273000000,1273000000,808000000,-2580000000,None,None,-3443000000,None,None,None,3000000,305600000,None,19945000000,19945000000,64452000000,None,None,10094000000,None,None,561000000,219000000,2.08,0.0149,125000000,125000000,None,0.473,0.74,3237000000,3798000000,3.04,2006-12-31,10.25,1720000000,10171000000.0,7138000000,2985000000,711000000,1720000000,1720000000,None,252000000,None,None,None,None,4048000000,None,None,783000000,None,None,None,0.189,1852000000,4153000000,2985000000,270534000000,201013000000,None,None,None,None,None,None,None,1.41,2.151,1.385,None,None,None,None,None,-1000000,None,0.128,None,683000000,2025-10-23,quarterly,3.78,USD,post-market,None,10207000000,0.0348,0.201,0.07,97.91,None,4767000000,719000000,1253000000,127.44,131.46,24.3421,285557000000,283154000000,266184000000,270232000000,2403000000,4048000000,27083000000,15325000000,11.35,-42000000,140.5,103.19
2025-12-28,HIG,12.22,27917001000.0,11.35,None,0.629,64.78,51000000,None,1273000000,1273000000,490000000,-1441000000,None,None,-486000000,None,None,None,3000000,305600000,None,19945000000,19945000000,64452000000,None,None,10094000000,None,None,561000000,69000000,2.08,0.0149,123000000,123000000,None,0.473,0.74,3237000000,3798000000,3.04,2006-09-30,10.25,1720000000,10171000000.0,7138000000,2985000000,711000000,1720000000,1720000000,None,252000000,None,None,None,None,4048000000,None,None,758000000,None,None,None,0.189,1262000000,4153000000,2985000000,270534000000,201013000000,None,None,None,None,None,None,None,1.41,2.151,1.385,None,None,None,None,None,-449000000,None,0.128,None,683000000,2025-10-23,quarterly,3.78,USD,post-market,None,10207000000,0.0348,0.201,0.07,97.91,None,4767000000,719000000,1253000000,127.44,131.46,24.3421,285557000000,283154000000,266184000000,270232000000,2403000000,4048000000,27083000000,15325000000,11.35,-42000000,140.5,103.19
2025-12-28,HIG,12.22,27917001000.0,11.35,None,0.629,64.78,44000000,None,1273000000,1273000000,633000000,-2143000000,None,None,940000000,None,None,None,3000000,305600000,None,19945000000,19945000000,64452000000,None,None,10094000000,None,None,561000000,274000000,2.08,0.0149,121000000,121000000,None,0.473,0.74,3237000000,3798000000,3.04,2006-06-30,10.25,1720000000,10171000000.0,7138000000,2985000000,711000000,1720000000,1720000000,None,252000000,None,None,None,None,4048000000,None,None,476000000,None,None,None,0.189,1156000000,4153000000,2985000000,270534000000,201013000000,None,None,None,None,None,None,None,1.41,2.151,1.385,None,None,None,None,None,None,None,0.128,None,683000000,2025-10-23,quarterly,3.78,USD,post-market,None,10207000000,0.0348,0.201,0.07,97.91,None,4767000000,719000000,1253000000,127.44,131.46,24.3421,285557000000,283154000000,266184000000,270232000000,2403000000,4048000000,27083000000,15325000000,11.35,-42000000,140.5,103.19
2025-12-28,HIG,12.22,27917001000.0,11.35,None,0.629,64.78,21000000,None,1273000000,1273000000,-16000000,-1246000000,None,None,-353000000,None,None,None,3000000,305600000,None,19945000000,19945000000,64452000000,None,None,10094000000,None,None,561000000,44000000,2.08,0.0149,91000000,91000000,None,0.473,0.74,3237000000,3798000000,3.04,2006-03-31,10.25,1720000000,10171000000.0,7138000000,2985000000,711000000,1720000000,1720000000,None,252000000,None,None,None,None,4048000000,None,None,728000000,None,None,None,0.189,1368000000,4153000000,2985000000,270534000000,201013000000,None,None,None,None,None,None,None,1.41,2.151,1.385,None,None,None,None,None,None,None,0.128,None,683000000,2025-10-23,quarterly,3.78,USD,post-market,None,10207000000,0.0348,0.201,0.07,97.91,None,4767000000,719000000,1253000000,127.44,131.46,24.3421,285557000000,283154000000,266184000000,270232000000,2403000000,4048000000,27083000000,15325000000,11.35,-42000000,140.5,103.19
2025-12-28,HIG,12.22,27917001000.0,11.35,None,0.629,64.78,42000000,None,1273000000,1273000000,205000000,-1185000000,None,None,-4369000000,None,None,None,3000000,305600000,None,19945000000,19945000000,64452000000,None,None,10094000000,None,None,561000000,193000000,2.08,0.0149,87000000,87000000,None,0.473,0.74,3237000000,3798000000,3.04,2005-12-31,10.25,1720000000,10171000000.0,7138000000,2985000000,711000000,1720000000,1720000000,None,252000000,None,None,None,None,4048000000,None,None,467000000,None,None,None,0.189,785000000,4153000000,2985000000,270534000000,201013000000,None,None,None,None,None,None,None,1.41,2.151,1.385,None,None,None,None,None,-38000000,None,0.128,None,683000000,2025-10-23,quarterly,3.78,USD,post-market,None,10207000000,0.0348,0.201,0.07,97.91,None,4767000000,719000000,1253000000,127.44,131.46,24.3421,285557000000,283154000000,266184000000,270232000000,2403000000,4048000000,27083000000,15325000000,11.35,-42000000,140.5,103.19
2025-12-28,HIG,12.22,27917001000.0,11.35,None,0.629,64.78,53000000,None,1273000000,1273000000,701000000,-1776000000,None,None,-905000000,None,None,None,3000000,305600000,None,19945000000,19945000000,64452000000,None,None,10094000000,None,None,561000000,156000000,2.08,0.0149,86000000,86000000,None,0.473,0.74,3237000000,3798000000,3.04,2005-09-30,10.25,1720000000,10171000000.0,7138000000,2985000000,711000000,1720000000,1720000000,None,252000000,None,None,None,None,4048000000,None,None,539000000,None,None,None,0.189,1518000000,4153000000,2985000000,270534000000,201013000000,None,None,None,None,None,None,None,1.41,2.151,1.385,None,None,None,None,None,None,None,0.128,None,683000000,2025-10-23,quarterly,3.78,USD,post-market,None,10207000000,0.0348,0.201,0.07,97.91,None,4767000000,719000000,1253000000,127.44,131.46,24.3421,285557000000,283154000000,266184000000,270232000000,2403000000,4048000000,27083000000,15325000000,11.35,-42000000,140.5,103.19
2025-12-28,HIG,12.22,27917001000.0,11.35,None,0.629,64.78,145000000,None,1273000000,1273000000,-2076000000,-3768000000,None,None,None,None,None,None,3000000,305600000,None,19945000000,19945000000,64452000000,None,None,10094000000,None,None,561000000,356000000,2.08,0.0149,577000000,577000000,None,0.473,0.74,3237000000,3798000000,3.04,2024-12-31,10.25,1720000000,10171000000.0,7138000000,2985000000,711000000,1720000000,1720000000,None,252000000,None,None,None,None,4048000000,None,None,3111000000,None,None,None,0.189,5909000000,4153000000,2985000000,270534000000,201013000000,None,None,None,None,None,None,None,1.41,2.151,1.385,None,None,None,None,None,-1514000000,None,0.128,None,683000000,2025-10-23,annual,3.78,USD,post-market,None,10207000000,0.0348,0.201,0.07,97.91,None,4767000000,719000000,1253000000,127.44,131.46,24.3421,285557000000,283154000000,266184000000,270232000000,2403000000,4048000000,27083000000,15325000000,11.35,-42000000,140.5,103.19
2025-12-28,HIG,12.22,27917001000.0,11.35,None,0.629,64.78,215000000,None,1273000000,1273000000,-1947000000,-2431000000,None,None,None,None,None,None,3000000,305600000,None,19945000000,19945000000,64452000000,None,None,10094000000,None,None,561000000,510000000,2.08,0.0149,549000000,549000000,None,0.473,0.74,3237000000,3798000000,3.04,2023-12-31,10.25,1720000000,10171000000.0,7138000000,2985000000,711000000,1720000000,1720000000,None,252000000,None,None,None,None,4048000000,None,None,2504000000,None,None,None,0.189,4220000000,4153000000,2985000000,270534000000,201013000000,None,None,None,None,None,None,None,1.41,2.151,1.385,None,None,None,None,None,-1400000000,None,0.128,None,683000000,2025-10-23,annual,3.78,USD,post-market,None,10207000000,0.0348,0.201,0.07,97.91,None,4767000000,719000000,1253000000,127.44,131.46,24.3421,285557000000,283154000000,266184000000,270232000000,2403000000,4048000000,27083000000,15325000000,11.35,-42000000,140.5,103.19
2025-12-28,HIG,12.22,27917001000.0,11.35,None,0.629,64.78,175000000,None,1273000000,1273000000,-2710000000,-1277000000,21000000,None,None,None,None,-1035000000,3000000,305600000,None,19945000000,19945000000,64452000000,None,None,10094000000,None,None,561000000,625000000,2.08,0.0149,527000000,527000000,None,0.473,0.74,3237000000,3798000000,3.04,2022-12-31,10.25,1720000000,10171000000.0,7138000000,2985000000,711000000,1720000000,1720000000,None,252000000,None,None,None,None,4048000000,None,None,1815000000,None,None,None,0.189,4008000000,4153000000,2985000000,270534000000,201013000000,None,None,None,None,None,None,None,1.41,2.151,1.385,None,None,None,None,None,-1550000000,None,0.128,None,683000000,2025-10-23,annual,3.78,USD,post-market,None,10207000000,0.0348,0.201,0.07,97.91,None,4767000000,719000000,1253000000,127.44,131.46,24.3421,285557000000,283154000000,266184000000,270232000000,2403000000,4048000000,27083000000,15325000000,11.35,-42000000,140.5,103.19
2025-12-28,HIG,12.22,27917001000.0,11.35,None,0.629,64.78,133000000,None,1273000000,1273000000,-1581000000,-2466000000,40000000,-6000000,None,None,None,-582000000,3000000,305600000,None,19945000000,19945000000,64452000000,None,None,10094000000,None,None,561000000,680000000,2.08,0.0149,506000000,506000000,None,0.473,0.74,3237000000,3798000000,3.04,2021-12-31,10.25,1720000000,10171000000.0,7138000000,2985000000,711000000,1720000000,1720000000,None,252000000,None,None,None,None,4048000000,None,None,2365000000,None,None,None,0.189,4093000000,4153000000,2985000000,270534000000,201013000000,None,None,None,None,None,None,None,1.41,2.151,1.385,None,None,None,None,None,-1702000000,None,0.128,None,683000000,2025-10-23,annual,3.78,USD,post-market,None,10207000000,0.0348,0.201,0.07,97.91,None,4767000000,719000000,1253000000,127.44,131.46,24.3421,285557000000,283154000000,266184000000,270232000000,2403000000,4048000000,27083000000,15325000000,11.35,-42000000,140.5,103.19
2025-12-28,HIG,12.22,27917001000.0,11.35,None,0.629,64.78,114000000,None,1273000000,1273000000,-1778000000,-2066000000,35000000,8000000,None,None,None,-540000000,3000000,305600000,None,19945000000,19945000000,64452000000,None,None,10094000000,None,None,561000000,562000000,2.08,0.0149,478000000,478000000,None,0.473,0.74,3237000000,3798000000,3.04,2020-12-31,10.25,1720000000,10171000000.0,7138000000,2985000000,711000000,1720000000,1720000000,None,252000000,None,None,None,None,4048000000,None,None,1737000000,None,None,None,0.189,3871000000,4153000000,2985000000,270534000000,201013000000,None,None,None,None,None,None,None,1.41,2.151,1.385,None,None,None,None,None,-150000000,None,0.128,None,683000000,2025-10-23,annual,3.78,USD,post-market,None,10207000000,0.0348,0.201,0.07,97.91,None,4767000000,719000000,1253000000,127.44,131.46,24.3421,285557000000,283154000000,266184000000,270232000000,2403000000,4048000000,27083000000,15325000000,11.35,-42000000,140.5,103.19
2025-12-28,HIG,12.22,27917001000.0,11.35,None,0.629,64.78,105000000,None,1273000000,1273000000,-1191000000,-2148000000,141000000,-9000000,None,None,None,-81000000,3000000,305600000,None,19945000000,19945000000,64452000000,None,None,10094000000,None,None,561000000,451000000,2.08,0.0149,454000000,454000000,None,0.473,0.74,3237000000,3798000000,3.04,2019-12-31,10.25,1720000000,10171000000.0,7138000000,2985000000,711000000,1720000000,1720000000,None,252000000,None,None,None,None,4048000000,None,None,2085000000,None,None,None,0.189,3489000000,4153000000,2985000000,270534000000,201013000000,None,None,None,None,None,None,None,1.41,2.151,1.385,None,None,None,None,None,-200000000,None,0.128,None,683000000,2025-10-23,annual,3.78,USD,post-market,None,10207000000,0.0348,0.201,0.07,97.91,None,4767000000,719000000,1253000000,127.44,131.46,24.3421,285557000000,283154000000,266184000000,270232000000,2403000000,4048000000,27083000000,15325000000,11.35,-42000000,140.5,103.19
2025-12-28,HIG,12.22,27917001000.0,11.35,None,0.629,64.78,122000000,None,1273000000,1273000000,-1467000000,-1425000000,-59000000,-10000000,None,None,None,-323000000,3000000,305600000,None,19945000000,19945000000,64452000000,None,None,10094000000,None,None,561000000,467000000,2.08,0.0149,379000000,379000000,None,0.473,0.74,3237000000,3798000000,3.04,2018-12-31,10.25,1720000000,10171000000.0,7138000000,2985000000,711000000,1720000000,1720000000,None,252000000,None,None,None,None,4048000000,None,None,1807000000,None,None,None,0.189,2843000000,4153000000,2985000000,270534000000,201013000000,None,None,None,None,None,None,None,1.41,2.151,1.385,None,None,None,None,None,-147000000,None,0.128,None,683000000,2025-10-23,annual,3.78,USD,post-market,None,10207000000,0.0348,0.201,0.07,97.91,None,4767000000,719000000,1253000000,127.44,131.46,24.3421,285557000000,283154000000,266184000000,270232000000,2403000000,4048000000,27083000000,15325000000,11.35,-42000000,140.5,103.19
2025-12-28,HIG,12.22,27917001000.0,11.35,None,0.629,64.78,250000000,None,1273000000,1273000000,-979000000,-1425000000,-148000000,70000000,0,None,None,-935000000,3000000,305600000,None,19945000000,19945000000,64452000000,None,None,10094000000,None,None,561000000,399000000,2.08,0.0149,341000000,341000000,None,0.473,0.74,3237000000,3798000000,3.04,2017-12-31,10.25,1720000000,10171000000.0,7138000000,2985000000,711000000,1720000000,1720000000,None,252000000,None,None,None,None,4048000000,None,None,-3131000000,None,None,None,0.189,2186000000,4153000000,2985000000,270534000000,201013000000,None,None,None,None,None,None,None,1.41,2.151,1.385,None,None,None,None,None,-1028000000,None,0.128,None,683000000,2025-10-23,annual,3.78,USD,post-market,None,10207000000,0.0348,0.201,0.07,97.91,None,4767000000,719000000,1253000000,127.44,131.46,24.3421,285557000000,283154000000,266184000000,270232000000,2403000000,4048000000,27083000000,15325000000,11.35,-42000000,140.5,103.19
2025-12-28,HIG,12.22,27917001000.0,11.35,None,0.629,64.78,224000000,None,1273000000,1273000000,-2541000000,949000000,434000000,-40000000,0,None,None,241000000,3000000,305600000,None,19945000000,19945000000,64452000000,None,None,10094000000,None,None,561000000,398000000,2.08,0.0149,334000000,334000000,None,0.473,0.74,3237000000,3798000000,3.04,2016-12-31,10.25,1720000000,10171000000.0,7138000000,2985000000,711000000,1720000000,1720000000,None,252000000,None,None,None,None,4048000000,None,None,896000000,None,None,None,0.189,2066000000,4153000000,2985000000,270534000000,201013000000,None,None,None,None,None,None,None,1.41,2.151,1.385,None,None,None,None,None,-1330000000,None,0.128,None,683000000,2025-10-23,annual,3.78,USD,post-market,None,10207000000,0.0348,0.201,0.07,97.91,None,4767000000,719000000,1253000000,127.44,131.46,24.3421,285557000000,283154000000,266184000000,270232000000,2403000000,4048000000,27083000000,15325000000,11.35,-42000000,140.5,103.19
2025-12-28,HIG,12.22,27917001000.0,11.35,None,0.629,64.78,307000000,None,1273000000,1273000000,-3144000000,485000000,49000000,-48000000,0,None,None,329000000,3000000,305600000,None,19945000000,19945000000,64452000000,None,None,10094000000,None,None,561000000,373000000,2.08,0.0149,316000000,316000000,None,0.473,0.74,3237000000,3798000000,3.04,2015-12-31,10.25,1720000000,10171000000.0,7138000000,2985000000,711000000,1720000000,1720000000,None,252000000,None,None,None,None,4048000000,None,None,1682000000,None,None,None,0.189,2756000000,4153000000,2985000000,270534000000,201013000000,None,None,None,None,None,None,None,1.41,2.151,1.385,None,None,None,None,None,-1250000000,None,0.128,None,683000000,2025-10-23,annual,3.78,USD,post-market,None,10207000000,0.0348,0.201,0.07,97.91,None,4767000000,719000000,1253000000,127.44,131.46,24.3421,285557000000,283154000000,266184000000,270232000000,2403000000,4048000000,27083000000,15325000000,11.35,-42000000,140.5,103.19
2025-12-28,HIG,12.22,27917001000.0,11.35,None,0.629,64.78,121000000,None,1273000000,1273000000,-4476000000,1696000000,-1029000000,-135000000,0,None,None,22000000,3000000,305600000,None,19945000000,19945000000,64452000000,None,None,10094000000,None,None,561000000,276000000,2.08,0.0149,282000000,282000000,None,0.473,0.74,3237000000,3798000000,3.04,2014-12-31,10.25,1720000000,10171000000.0,7138000000,2985000000,711000000,1720000000,1720000000,None,252000000,None,None,None,None,4048000000,None,None,798000000,None,None,None,0.189,1886000000,4153000000,2985000000,270534000000,201013000000,None,None,None,None,None,None,None,1.41,2.151,1.385,None,None,None,None,None,-1796000000,None,0.128,None,683000000,2025-10-23,annual,3.78,USD,post-market,None,10207000000,0.0348,0.201,0.07,97.91,None,4767000000,719000000,1253000000,127.44,131.46,24.3421,285557000000,283154000000,266184000000,270232000000,2403000000,4048000000,27083000000,15325000000,11.35,-42000000,140.5,103.19
2025-12-28,HIG,12.22,27917001000.0,11.35,None,0.629,64.78,255000000,None,1273000000,1273000000,-5820000000,3745000000,-993000000,-155000000,0,None,None,-561000000,3000000,305600000,None,19945000000,19945000000,64452000000,None,None,10094000000,None,None,561000000,189000000,2.08,0.0149,223000000,223000000,None,0.473,0.74,3237000000,3798000000,3.04,2013-12-31,10.25,1720000000,10171000000.0,7138000000,2985000000,711000000,1720000000,1720000000,None,252000000,None,None,None,None,4048000000,None,None,176000000,None,None,None,0.189,1237000000,4153000000,2985000000,270534000000,201013000000,None,None,None,None,None,None,None,1.41,2.151,1.385,None,None,None,None,None,-600000000,None,0.128,None,683000000,2025-10-23,annual,3.78,USD,post-market,None,10207000000,0.0348,0.201,0.07,97.91,None,4767000000,719000000,1253000000,127.44,131.46,24.3421,285557000000,283154000000,266184000000,270232000000,2403000000,4048000000,27083000000,15325000000,11.35,-42000000,140.5,103.19
2025-12-28,HIG,12.22,27917001000.0,11.35,None,0.629,64.78,964000000,None,1273000000,1273000000,-228000000,-2557000000,-160000000,-56000000,0,None,None,-351000000,3000000,305600000,None,19945000000,19945000000,64452000000,None,None,10094000000,None,None,561000000,467000000,2.08,0.0149,217000000,217000000,None,0.473,0.74,3237000000,3798000000,3.04,2012-12-31,10.25,1720000000,10171000000.0,7138000000,2985000000,711000000,1720000000,1720000000,None,252000000,None,None,None,None,4048000000,None,None,-38000000,None,None,None,0.189,2681000000,4153000000,2985000000,270534000000,201013000000,None,None,None,None,None,None,None,1.41,2.151,1.385,None,None,None,None,None,-154000000,None,0.128,None,683000000,2025-10-23,annual,3.78,USD,post-market,None,10207000000,0.0348,0.201,0.07,97.91,None,4767000000,719000000,1253000000,127.44,131.46,24.3421,285557000000,283154000000,266184000000,270232000000,2403000000,4048000000,27083000000,15325000000,11.35,-42000000,140.5,103.19
2025-12-28,HIG,12.22,27917001000.0,11.35,None,0.629,64.78,1105000000,None,1273000000,1273000000,-609000000,-1182000000,None,None,0,None,None,None,3000000,305600000,None,19945000000,19945000000,64452000000,None,None,10094000000,None,None,561000000,668000000,2.08,0.0149,195000000,195000000,None,0.473,0.74,3237000000,3798000000,3.04,2011-12-31,10.25,1720000000,10171000000.0,7138000000,2985000000,711000000,1720000000,1720000000,None,252000000,None,None,None,None,4048000000,None,None,662000000,None,None,None,0.189,2274000000,4153000000,2985000000,270534000000,201013000000,None,None,None,None,None,None,None,1.41,2.151,1.385,None,None,None,None,None,-46000000,None,0.128,None,683000000,2025-10-23,annual,3.78,USD,post-market,None,10207000000,0.0348,0.201,0.07,97.91,None,4767000000,719000000,1253000000,127.44,131.46,24.3421,285557000000,283154000000,266184000000,270232000000,2403000000,4048000000,27083000000,15325000000,11.35,-42000000,140.5,103.19
2025-12-28,HIG,12.22,27917001000.0,11.35,None,0.629,64.78,1425000000,None,1273000000,1273000000,-2955000000,-434000000,-80000000,None,None,None,None,353000000,3000000,305600000,None,19945000000,19945000000,64452000000,None,None,10094000000,None,None,561000000,596000000,2.08,0.0149,170000000,170000000,None,0.473,0.74,3237000000,3798000000,3.04,2010-12-31,10.25,1720000000,10171000000.0,7138000000,2985000000,711000000,1720000000,1720000000,None,252000000,None,None,None,None,4048000000,None,None,1680000000,None,None,None,0.189,3309000000,4153000000,2985000000,270534000000,201013000000,None,None,None,None,None,None,None,1.41,2.151,1.385,None,None,None,None,None,-3400000000,None,0.128,None,683000000,2025-10-23,annual,3.78,USD,post-market,None,10207000000,0.0348,0.201,0.07,97.91,None,4767000000,719000000,1253000000,127.44,131.46,24.3421,285557000000,283154000000,266184000000,270232000000,2403000000,4048000000,27083000000,15325000000,11.35,-42000000,140.5,103.19
2025-12-28,HIG,12.22,27917001000.0,11.35,None,0.629,64.78,430000000,None,1273000000,1273000000,523000000,-3123000000,None,None,0,None,None,None,3000000,305600000,None,19945000000,19945000000,64452000000,None,None,10094000000,None,None,561000000,470000000,2.08,0.0149,222000000,222000000,None,0.473,0.74,3237000000,3798000000,3.04,2009-12-31,10.25,1720000000,10171000000.0,7138000000,2985000000,711000000,1720000000,1720000000,None,252000000,None,None,None,None,4048000000,None,None,-887000000,None,None,None,0.189,2974000000,4153000000,2985000000,270534000000,201013000000,None,None,None,None,None,None,None,1.41,2.151,1.385,None,None,None,None,None,3400000000,None,0.128,None,683000000,2025-10-23,annual,3.78,USD,post-market,None,10207000000,0.0348,0.201,0.07,97.91,None,4767000000,719000000,1253000000,127.44,131.46,24.3421,285557000000,283154000000,266184000000,270232000000,2403000000,4048000000,27083000000,15325000000,11.35,-42000000,140.5,103.19
2025-12-28,HIG,12.22,27917001000.0,11.35,None,0.629,64.78,282000000,None,1273000000,1273000000,4274000000,-8827000000,None,None,None,None,None,None,3000000,305600000,None,19945000000,19945000000,64452000000,None,None,10094000000,None,None,561000000,361000000,2.08,0.0149,660000000,660000000,None,0.473,0.74,3237000000,3798000000,3.04,2008-12-31,10.25,1720000000,10171000000.0,7138000000,2985000000,711000000,1720000000,1720000000,None,252000000,None,None,None,None,4048000000,None,None,-2749000000,None,None,None,0.189,4192000000,4153000000,2985000000,270534000000,201013000000,None,None,None,None,None,None,None,1.41,2.151,1.385,None,None,None,None,None,-1000000000,None,0.128,None,683000000,2025-10-23,annual,3.78,USD,post-market,None,10207000000,0.0348,0.201,0.07,97.91,None,4767000000,719000000,1253000000,127.44,131.46,24.3421,285557000000,283154000000,266184000000,270232000000,2403000000,4048000000,27083000000,15325000000,11.35,-42000000,140.5,103.19
2025-12-28,HIG,12.22,27917001000.0,11.35,None,0.629,64.78,275000000,None,1273000000,1273000000,499000000,-6176000000,None,None,-3273000000,None,None,None,3000000,305600000,None,19945000000,19945000000,64452000000,None,None,10094000000,None,None,561000000,794000000,2.08,0.0149,636000000,636000000,None,0.473,0.74,3237000000,3798000000,3.04,2007-12-31,10.25,1720000000,10171000000.0,7138000000,2985000000,711000000,1720000000,1720000000,None,252000000,None,None,None,None,4048000000,None,None,2949000000,None,None,None,0.189,5991000000,4153000000,2985000000,270534000000,201013000000,None,None,None,None,None,None,None,1.41,2.151,1.385,None,None,None,None,None,-1379000000,None,0.128,None,683000000,2025-10-23,annual,3.78,USD,post-market,None,10207000000,0.0348,0.201,0.07,97.91,None,4767000000,719000000,1253000000,127.44,131.46,24.3421,285557000000,283154000000,266184000000,270232000000,2403000000,4048000000,27083000000,15325000000,11.35,-42000000,140.5,103.19
2025-12-28,HIG,12.22,27917001000.0,11.35,None,0.629,64.78,195000000,None,1273000000,1273000000,1915000000,-7410000000,None,None,-3342000000,None,None,None,3000000,305600000,None,19945000000,19945000000,64452000000,None,None,10094000000,None,None,561000000,606000000,2.08,0.0149,460000000,460000000,None,0.473,0.74,3237000000,3798000000,3.04,2006-12-31,10.25,1720000000,10171000000.0,7138000000,2985000000,711000000,1720000000,1720000000,None,252000000,None,None,None,None,4048000000,None,None,2745000000,None,None,None,0.189,5638000000,4153000000,2985000000,270534000000,201013000000,None,None,None,None,None,None,None,1.41,2.151,1.385,None,None,None,None,None,-5000000,None,0.128,None,683000000,2025-10-23,annual,3.78,USD,post-market,None,10207000000,0.0348,0.201,0.07,97.91,None,4767000000,719000000,1253000000,127.44,131.46,24.3421,285557000000,283154000000,266184000000,270232000000,2403000000,4048000000,27083000000,15325000000,11.35,-42000000,140.5,103.19
2025-12-28,HIG,12.22,27917001000.0,11.35,None,0.629,64.78,211000000,None,1273000000,1273000000,1280000000,-4860000000,None,None,-5441000000,None,None,None,3000000,305600000,None,19945000000,19945000000,64452000000,None,None,10094000000,None,None,561000000,561000000,2.08,0.0149,345000000,345000000,None,0.473,0.74,3237000000,3798000000,3.04,2005-12-31,10.25,1720000000,10171000000.0,7138000000,2985000000,711000000,1720000000,1720000000,None,252000000,None,None,None,None,4048000000,None,None,2274000000,None,None,None,0.189,3732000000,4153000000,2985000000,270534000000,201013000000,None,None,None,None,None,None,None,1.41,2.151,1.385,None,None,None,None,None,-2000000,None,0.128,None,683000000,2025-10-23,annual,3.78,USD,post-market,None,10207000000,0.0348,0.201,0.07,97.91,None,4767000000,719000000,1253000000,127.44,131.46,24.3421,285557000000,283154000000,266184000000,270232000000,2403000000,4048000000,27083000000,15325000000,11.35,-42000000,140.5,103.19
