date,symbol,eps,revenue_ttm,pe_ratio,accumulateddepreciationamortizationppe,beta,book_value,capitalexpenditures,capitalleaseobligations,cashandcashequivalentsatcarryingvalue,cashandshortterminvestments,cashflowfromfinancing,cashflowfrominvestment,changeincashandcashequivalents,changeinexchangerate,changeininventory,changeinoperatingassets,changeinoperatingliabilities,changeinreceivables,commonstock,commonstocksharesoutstanding,comprehensiveincomenetoftax,costofgoodsandservicessold,costofrevenue,currentaccountspayable,currentdebt,currentlongtermdebt,currentnetreceivables,deferredrevenue,depreciation,depreciationandamortization,depreciationdepletionandamortization,dividendpayout,dividendpayoutcommonstock,dividendpayoutpreferredstock,earnings_growth_yoy,earnings_surprise,ebit,ebitda,estimated_eps,fiscaldateending,forward_pe,goodwill,gross_profit_ttm,grossprofit,incomebeforetax,incometaxexpense,intangibleassets,intangibleassetsexcludinggoodwill,interestanddebtexpense,interestexpense,interestincome,inventory,investmentincomenet,investments,longtermdebt,longtermdebtnoncurrent,longterminvestments,netincome,netincomefromcontinuingoperations,netinterestincome,noninterestincome,operating_margin_ttm,operatingcashflow,operatingexpenses,operatingincome,othercurrentassets,othercurrentliabilities,othernoncurrentassets,othernoncurrentliabilities,othernonoperatingincome,paymentsforoperatingactivities,paymentsforrepurchaseofcommonstock,paymentsforrepurchaseofequity,paymentsforrepurchaseofpreferredstock,price_to_book,price_to_sales_ttm,proceedsfromissuanceofcommonstock,proceedsfromissuanceoflongtermdebtandcapitalsecuritiesnet,proceedsfromissuanceofpreferredstock,proceedsfromoperatingactivities,proceedsfromrepaymentsofshorttermdebt,proceedsfromrepurchaseofequity,proceedsfromsaleoftreasurystock,profit_margin,profitloss,propertyplantequipment,report_date,report_type,reported_eps,reportedcurrency,reporttime,researchanddevelopment,retainedearnings,return_on_assets_ttm,return_on_equity_ttm,revenue_growth_yoy,revenue_per_share_ttm,sellinggeneralandadministrative,shortlongtermdebttotal,shorttermdebt,shortterminvestments,sma_200,sma_50,surprise_pct,totalassets,totalcurrentassets,totalcurrentliabilities,totalliabilities,totalnoncurrentassets,totalnoncurrentliabilities,totalrevenue,totalshareholderequity,trailing_pe,treasurystock,week_52_high,week_52_low
2019-12-31,HOOD,,,,,,,,,,,,,,,,,,,,,,,,,,,,,,,,,,,,-0.2336,,,0.0,,,,,,,,,,,,,,,,,,,,,,,,,,,,,,,,,,,,,,,,,,,,,,,,2020-03-31,,-0.2336,,pre-market,,,,,,,,,,,,,,,,,,,,,,,,,
2020-12-31,HOOD,,,,,,,,,,,,,,,,,,,,,,,,,,,,,,,,,,,,-6.2631,,,0.0,,,,,,,,,,,,,,,,,,,,,,,,,,,,,,,,,,,,,,,,,,,,,,,,2021-03-31,,-6.2631,,pre-market,,,,,,,,,,,,,,,,,,,,,,,,,
2021-03-31,HOOD,,,,,,,,,,,,,,,,,,,,,,,,,,,,,,,,,,,,-3.2,,,-3.06,,,,,,,,,,,,,,,,,,,,,,,,,,,,,,,,,,,,,,,,,,,,,,,,2021-06-02,,-6.26,,pre-market,,,,,,,,,,,,,-104.5752,,,,,,,,,,,,
2021-06-30,HOOD,,,,,,,,,,,,,,,,,,,,,,,,,,,,,,,,,,,,-2.01,,,-0.15,,,,,,,,,,,,,,,,,,,,,,,,,,,,,,,,,,,,,,,,,,,,,,,,2021-08-18,,-2.16,,post-market,,,,,,,,,,,,,-1340.0,,,,,,,,,,,,
2021-09-30,HOOD,,,,,,,,,,,,,,,,,,,,,,,,,,,,,,,,,,,,-1.1,,,-0.96,,,,,,,,,,,,,,,,,,,,,,,,,,,,,,,,,,,,,,,,,,,,,,,,2021-10-26,,-2.06,,post-market,,,,,,,,,,,,,-114.5833,,,,,,,,,,,,
2021-12-31,HOOD,,,,,,,,,,,,,,,,,,,,,,,,,,,,,,,,,,,,-0.04,,,-0.45,,,,,,,,,,,,,,,,,,,,,,,,,,,,,,,,,,,,,,,,,,,,,,,,2022-01-27,,-0.49,,post-market,,,,,,,,,,,,,-8.8889,,,,,,,,,,,,
2022-03-31,HOOD,,,,,,,,,,,,,,,,,,,,,,,,,,,,,,,,,,,,-0.09,,,-0.36,,,,,,,,,,,,,,,,,,,,,,,,,,,,,,,,,,,,,,,,,,,,,,,,2022-04-28,,-0.45,,post-market,,,,,,,,,,,,,-25.0,,,,,,,,,,,,
2022-06-30,HOOD,,,,,,,,,,,,,,,,,,,,,,,,,,,,,,,,,,,,0.05,,,-0.37,,,,,,,,,,,,,,,,,,,,,,,,,,,,,,,,,,,,,,,,,,,,,,,,2022-08-02,,-0.32,,post-market,,,,,,,,,,,,,13.5135,,,,,,,,,,,,
2022-09-30,HOOD,,,,,,,,,,,,,,,,,,,,,,,,,,,,,,,,,,,,0.11,,,-0.31,,,,,,,,,,,,,,,,,,,,,,,,,,,,,,,,,,,,,,,,,,,,,,,,2022-11-02,,-0.2,,post-market,,,,,,,,,,,,,35.4839,,,,,,,,,,,,
2022-12-31,HOOD,,,,,,,,,,,,,,,,,,,,,,,,,,,,,,,,,,,,0.03,,,-0.14,,,,,,,,,,,,,,,,,,,,,,,,,,,,,,,,,,,,,,,,,,,,,,,,2023-02-08,,-0.11,,post-market,,,,,,,,,,,,,21.4286,,,,,,,,,,,,
2023-03-31,HOOD,,,,,,,,,,,,,,,,,,,,,,,,,,,,,,,,,,,,0.04,,,-0.61,,,,,,,,,,,,,,,,,,,,,,,,,,,,,,,,,,,,,,,,,,,,,,,,2023-05-10,,-0.57,,post-market,,,,,,,,,,,,,6.5574,,,,,,,,,,,,
2023-06-30,HOOD,,,,,,,,,,,,,,,,,,,,,,,,,,,,,,,,,,,,0.04,,,-0.01,,,,,,,,,,,,,,,,,,,,,,,,,,,,,,,,,,,,,,,,,,,,,,,,2023-08-02,,0.03,,post-market,,,,,,,,,,,,,400.0,,,,,,,,,,,,
2023-09-30,HOOD,,,,,,,,,,,,,,,,,,,,,,,,,,,,,,,,,,,,0.01,,,-0.1,,,,,,,,,,,,,,,,,,,,,,,,,,,,,,,,,,,,,,,,,,,,,,,,2023-11-07,,-0.09,,post-market,,,,,,,,,,,,,10.0,,,,,,,,,,,,
2023-12-31,HOOD,,,,,,,,,,,,,,,,,,,,,,,,,,,,,,,,,,,,0.04,,,-0.01,,,,,,,,,,,,,,,,,,,,,,,,,,,,,,,,,,,,,,,,,,,,,,,,2024-02-13,,0.03,,post-market,,,,,,,,,,,,,400.0,,,,,,,,,,,,
2024-03-31,HOOD,,,,,,,,,,,,,,,,,,,,,,,,,,,,,,,,,,,,0.12,,,0.06,,,,,,,,,,,,,,,,,,,,,,,,,,,,,,,,,,,,,,,,,,,,,,,,2024-05-08,,0.18,,post-market,,,,,,,,,,,,,200.0,,,,,,,,,,,,
2024-06-30,HOOD,,,,,,,,,,,,,,,,,,,,,,,,,,,,,,,,,,,,0.06,,,0.15,,,,,,,,,,,,,,,,,,,,,,,,,,,,,,,,,,,,,,,,,,,,,,,,2024-08-07,,0.21,,post-market,,,,,,,,,,,,,40.0,,,,,,,,,,,,
2024-09-30,HOOD,,,,,,,,,,,,,,,,,,,,,,,,,,,,,,,,,,,,0.0,,,0.26,,,,,,,,,,,,,,,,,,,,,,,,,,,,,,,,,,,,,,,,,,,,,,,,2024-10-30,,0.26,,post-market,,,,,,,,,,,,,0.0,,,,,,,,,,,,
2024-12-31,HOOD,,,,,,,,,,,,,,,,,,,,,,,,,,,,,,,,,,,,0.52,,,0.52,,,,,,,,,,,,,,,,,,,,,,,,,,,,,,,,,,,,,,,,,,,,,,,,2025-02-12,,1.04,,post-market,,,,,,,,,,,,,100.0,,,,,,,,,,,,
2025-03-31,HOOD,,,,,,,,,,,,,,,,,,,,,,,,,,,,,,,,,,,,0.04,,,0.33,,,,,,,,,,,,,,,,,,,,,,,,,,,,,,,,,,,,,,,,,,,,,,,,2025-04-30,,0.37,,post-market,,,,,,,,,,,,,12.1212,,,,,,,,,,,,
2025-06-30,HOOD,,,,,,,,,,,,,,,,,,,,,,,,,,,,,,,,,,,,0.11,,,0.31,,,,,,,,,,,,,,,,,,,,,,,,,,,,,,,,,,,,,,,,,,,,,,,,2025-07-30,,0.42,,post-market,,,,,,,,,,,,,35.4839,,,,,,,,,,,,
2025-09-30,HOOD,,,,,,,,,,,,,,,,,,,,,,,,,,,,,,,,,,,,0.1,,,0.51,,,,,,,,,,,,,,,,,,,,,,,,,,,,,,,,,,,,,,,,,,,,,,,,2025-10-29,,0.61,,post-market,,,,,,,,,,,,,19.6078,,,,,,,,,,,,
2025-12-28,HOOD,2.4,4204000000.0,49.22,,2.433,9.53,,,,,,,,,,,,,,,,,,,,,,,,,,,,,2.595,0.1,,,0.51,,49.75,,3878000000.0,,,,,,,,,,,,,,,,,,,0.518,,,,,,,,,,,,,12.4,25.27,,,,,,,,0.522,,,2025-10-29,,0.61,,post-market,,,0.0518,0.278,1.0,4.75,,,,,95.52,128.37,19.6078,,,,,,,,,49.22,,153.86,29.66
2025-12-28,HOOD,2.4,4204000000.0,49.22,,2.433,9.53,,,,,,,,,,,,,,,None,293000000,293000000,,,,,,None,22000000,,,,,2.595,0.1,635000000,657000000,0.51,2025-09-30,49.75,,3878000000.0,981000000,634000000,78000000,,,None,None,None,,None,,,,,556000000,556000000,None,None,0.518,,346000000,635000000,,,,,None,,,,,12.4,25.27,,,,,,,,0.522,,,2025-10-29,quarterly,0.61,USD,post-market,237000000,,0.0518,0.278,1.0,4.75,185000000,,,,95.52,128.37,19.6078,,,,,,,1274000000,,49.22,,153.86,29.66
2025-12-28,HOOD,2.4,4204000000.0,49.22,,2.433,9.53,,,,,,,,,,,,,,,None,77000000,77000000,,,,,,None,15000000,,,,,2.595,0.1,442000000,457000000,0.51,2025-06-30,49.75,,3878000000.0,912000000,442000000,56000000,,,None,None,None,,None,,,,,386000000,386000000,None,None,0.518,,473000000,440000000,,,,,None,,,,,12.4,25.27,,,,,,,,0.522,,,2025-10-29,quarterly,0.61,USD,post-market,214000000,,0.0518,0.278,1.0,4.75,132000000,,,,95.52,128.37,19.6078,,,,,,,989000000,,49.22,,153.86,29.66
2025-12-28,HOOD,2.4,4204000000.0,49.22,,2.433,9.53,,,,,,,,,,,,,,,None,134000000,134000000,,,,,,None,20000000,,,,,2.595,0.1,372000000,392000000,0.51,2025-03-31,49.75,,3878000000.0,793000000,371000000,35000000,,,None,None,None,,None,,,,,336000000,336000000,None,None,0.518,,421000000,372000000,,,,,None,,,,,12.4,25.27,,,,,,,,0.522,,,2025-10-29,quarterly,0.61,USD,post-market,214000000,,0.0518,0.278,1.0,4.75,78000000,,,,95.52,128.37,19.6078,,,,,,,927000000,,49.22,,153.86,29.66
2025-12-28,HOOD,2.4,4204000000.0,49.22,,2.433,9.53,,,,,,,,,,,,,,,None,144000000,144000000,,,,,,None,22000000,,,,,2.595,0.1,558000000,580000000,0.51,2024-12-31,49.75,,3878000000.0,870000000,558000000,-358000000,,,None,None,None,,None,,,,,916000000,916000000,None,None,0.518,,312000000,558000000,,,,,None,,,,,12.4,25.27,,,,,,,,0.522,,,2025-10-29,quarterly,0.61,USD,post-market,208000000,,0.0518,0.278,1.0,4.75,5000000,,,,95.52,128.37,19.6078,,,,,,,1014000000,,49.22,,153.86,29.66
2025-12-28,HOOD,2.4,4204000000.0,49.22,,2.433,9.53,,,,,,,,,,,,,,,None,121000000,121000000,,,,,,None,20000000,,,,,2.595,0.1,151000000,171000000,0.51,2024-09-30,49.75,,3878000000.0,516000000,153000000,3000000,,,None,None,None,,None,,,,,150000000,150000000,None,None,0.518,,365000000,151000000,,,,,None,,,,,12.4,25.27,,,,,,,,0.522,,,2025-10-29,quarterly,0.61,USD,post-market,205000000,,0.0518,0.278,1.0,4.75,82000000,,,,95.52,128.37,19.6078,,,,,,,637000000,,49.22,,153.86,29.66
2025-12-28,HOOD,2.4,4204000000.0,49.22,,2.433,9.53,,,,,,,,,,,,,,,None,123000000,123000000,,,,,,None,18000000,,,,,2.595,0.1,189000000,207000000,0.51,2024-06-30,49.75,,3878000000.0,559000000,191000000,3000000,,,None,None,None,,None,,,,,188000000,188000000,None,None,0.518,,370000000,189000000,,,,,None,,,,,12.4,25.27,,,,,,,,0.522,,,2025-10-29,quarterly,0.61,USD,post-market,209000000,,0.0518,0.278,1.0,4.75,79000000,,,,95.52,128.37,19.6078,,,,,,,682000000,,49.22,,153.86,29.66
2025-12-28,HOOD,2.4,4204000000.0,49.22,,2.433,9.53,,,,,,,,,,,,,,,None,116000000,116000000,,,,,,None,17000000,,,,,2.595,0.1,160000000,177000000,0.51,2024-03-31,49.75,,3878000000.0,502000000,162000000,5000000,,,None,None,None,,None,,,,,157000000,157000000,None,None,0.518,,342000000,160000000,,,,,None,,,,,12.4,25.27,,,,,,,,0.522,,,2025-10-29,quarterly,0.61,USD,post-market,196000000,,0.0518,0.278,1.0,4.75,65000000,,,,95.52,128.37,19.6078,,,,,,,618000000,,49.22,,153.86,29.66
2025-12-28,HOOD,2.4,4204000000.0,49.22,,2.433,9.53,,,,,,,,,,,,,,,None,103000000,103000000,,,,,,None,17000000,,,,,2.595,0.1,30000000,47000000,0.51,2023-12-31,49.75,,3878000000.0,368000000,29000000,-1000000,,,None,17000000,None,,None,,,,,30000000,30000000,None,None,0.518,,338000000,30000000,,,,,None,,,,,12.4,25.27,,,,,,,,0.522,,,2025-10-29,quarterly,0.61,USD,post-market,197000000,,0.0518,0.278,1.0,4.75,84000000,,,,95.52,128.37,19.6078,,,,,,,471000000,,49.22,,153.86,29.66
2025-12-28,HOOD,2.4,4204000000.0,49.22,,2.433,9.53,,,,,,,,,,,,,,,None,90000000,90000000,,,,,,None,19000000,,,,,2.595,0.1,-75000000,-56000000,0.51,2023-09-30,49.75,,3878000000.0,377000000,-75000000,10000000,,,None,6000000,None,,None,,,,,-85000000,-85000000,None,None,0.518,,450000000,-73000000,,,,,None,,,,,12.4,25.27,,,,,,,,0.522,,,2025-10-29,quarterly,0.61,USD,post-market,202000000,,0.0518,0.278,1.0,4.75,182000000,,,,95.52,128.37,19.6078,,,,,,,467000000,,49.22,,153.86,29.66
2025-12-28,HOOD,2.4,4204000000.0,49.22,,2.433,9.53,,,,,,,,,,,,,,,None,122000000,122000000,,,,,,None,15000000,,,,,2.595,0.1,20000000,35000000,0.51,2023-06-30,49.75,,3878000000.0,364000000,22000000,-3000000,,,None,5000000,None,,None,,,,,25000000,25000000,None,None,0.518,,344000000,20000000,,,,,2000000,,,,,12.4,25.27,,,,,,,,0.522,,,2025-10-29,quarterly,0.61,USD,post-market,207000000,,0.0518,0.278,1.0,4.75,105000000,,,,95.52,128.37,19.6078,,,,,,,486000000,,49.22,,153.86,29.66
2025-12-28,HOOD,2.4,4204000000.0,49.22,,2.433,9.53,,,,,,,,,,,,,,,None,114000000,114000000,,,,,,None,20000000,,,,,2.595,0.1,-501000000,-481000000,0.51,2023-03-31,49.75,,3878000000.0,327000000,-509000000,2000000,,,None,6000000,None,,None,,,,,-511000000,-511000000,None,None,0.518,,828000000,-501000000,,,,,None,,,,,12.4,25.27,,,,,,,,0.522,,,2025-10-29,quarterly,0.61,USD,post-market,199000000,,0.0518,0.278,1.0,4.75,590000000,,,,95.52,128.37,19.6078,,,,,,,441000000,,49.22,,153.86,29.66
2025-12-28,HOOD,2.4,4204000000.0,49.22,,2.433,9.53,,,,,,,,,,,,,,,None,155000000,155000000,,,,,,None,17000000,,,,,2.595,0.1,-180000000,-163000000,0.51,2022-12-31,49.75,,3878000000.0,225000000,-168000000,-2000000,,,None,6000000,None,,None,,,,,-166000000,-166000000,None,None,0.518,,405000000,-180000000,,,,,None,,,,,12.4,25.27,,,,,,,,0.522,,,2025-10-29,quarterly,0.61,USD,post-market,183000000,,0.0518,0.278,1.0,4.75,178000000,,,,95.52,128.37,19.6078,,,,,,,380000000,,49.22,,153.86,29.66
2025-12-28,HOOD,2.4,4204000000.0,49.22,,2.433,9.53,,,,,,,,,,,,,,,None,137000000,137000000,,,,,,None,15000000,,,,,2.595,0.1,-127000000,-112000000,0.51,2022-09-30,49.75,,3878000000.0,224000000,-174000000,1000000,,,None,6000000,None,,None,,,,,-175000000,-175000000,None,None,0.518,,351000000,-127000000,,,,,None,,,,,12.4,25.27,,,,,,,,0.522,,,2025-10-29,quarterly,0.61,USD,post-market,185000000,,0.0518,0.278,1.0,4.75,126000000,,,,95.52,128.37,19.6078,,,,,,,361000000,,49.22,,153.86,29.66
2025-12-28,HOOD,2.4,4204000000.0,49.22,,2.433,9.53,,,,,,,,,,,,,,,None,142000000,142000000,,,,,,None,17000000,,,,,2.595,0.1,-292000000,-275000000,0.51,2022-06-30,49.75,,3878000000.0,176000000,-294000000,1000000,,,None,2000000,None,,None,,,,,-295000000,-295000000,None,None,0.518,,468000000,-292000000,,,,,-2000000,,,,,12.4,25.27,,,,,,,,0.522,,,2025-10-29,quarterly,0.61,USD,post-market,245000000,,0.0518,0.278,1.0,4.75,162000000,,,,95.52,128.37,19.6078,,,,,,,318000000,,49.22,,153.86,29.66
2025-12-28,HOOD,2.4,4204000000.0,49.22,,2.433,9.53,,,,,,,,,,,,,,,None,146000000,146000000,,,,,,None,12000000,,,,,2.595,0.1,-379000000,-367000000,0.51,2022-03-31,49.75,,3878000000.0,153000000,-391000000,1000000,,,None,None,None,,None,,,,,-392000000,-392000000,None,None,0.518,,532000000,-379000000,,,,,None,,,,,12.4,25.27,,,,,,,,0.522,,,2025-10-29,quarterly,0.61,USD,post-market,268000000,,0.0518,0.278,1.0,4.75,202000000,,,,95.52,128.37,19.6078,,,,,,,299000000,,49.22,,153.86,29.66
2025-12-28,HOOD,2.4,4204000000.0,49.22,,2.433,9.53,,,,,,,,,,,,,,,None,133205000,133205000,,,,,,None,9761000,,,,,2.595,0.1,-483485000,-473724000,0.51,2021-12-31,49.75,,3878000000.0,229508000,-420309000,2958000,,,None,2799000,None,,None,,,,,-423267000,-423267000,None,None,0.518,,712993000,-483485000,,,,,None,,,,,12.4,25.27,,,,,,,,0.522,,,2025-10-29,quarterly,0.61,USD,post-market,280420000,,0.0518,0.278,1.0,4.75,357035000,,,,95.52,128.37,19.6078,,,,,,,362713000,,49.22,,153.86,29.66
2025-12-28,HOOD,2.4,4204000000.0,49.22,,2.433,9.53,,,,,,,,,,,,,,,None,139000000,139000000,,,,,,None,8000000,,,,,2.595,0.1,-1343000000,-1335000000,0.51,2021-09-30,49.75,,3878000000.0,226000000,-1367000000,-50000000,,,None,None,None,,None,,,,,-1317000000,-10661000,None,None,0.518,,1569000000,-1343000000,,,,,1955000,,,,,12.4,25.27,,,,,,,,0.522,,,2025-10-29,quarterly,0.61,USD,post-market,679000000,,0.0518,0.278,1.0,4.75,795000000,,,,95.52,128.37,19.6078,,,,,,,365000000,,49.22,,153.86,29.66
2025-12-28,HOOD,2.4,4204000000.0,49.22,,2.433,9.53,,,,,,,,,,,,,,,None,121000000,121000000,,,,,,None,5000000,,,,,2.595,0.1,64000000,69000000,0.51,2021-06-30,49.75,,3878000000.0,444000000,-464000000,38000000,,,None,None,None,,None,,,,,-502000000,57584000,None,None,0.518,,380000000,64000000,,,,,-710000,,,,,12.4,25.27,,,,,,,,0.522,,,2025-10-29,quarterly,0.61,USD,post-market,156000000,,0.0518,0.278,1.0,4.75,68000000,,,,95.52,128.37,19.6078,,,,,,,565000000,,49.22,,153.86,29.66
2025-12-28,HOOD,2.4,4204000000.0,49.22,,2.433,9.53,,,,,,,,,,,,,,,None,97000000,97000000,,,,,,None,4000000,,,,,2.595,0.1,58000000,62000000,0.51,2021-03-31,49.75,,3878000000.0,425000000,-1433000000,12000000,,,None,2799000,65296000,,None,,,,,-1445000000,-1444803000,62497000,None,0.518,,367000000,58000000,,,,,None,,,,,12.4,25.27,,,,,,,,0.522,,,2025-10-29,quarterly,0.61,USD,post-market,117000000,,0.0518,0.278,1.0,4.75,103000000,,,,95.52,128.37,19.6078,,,,,,,522000000,,49.22,,153.86,29.66
2025-12-28,HOOD,2.4,4204000000.0,49.22,,2.433,9.53,,,,,,,,,,,,,,,None,68678000,68678000,,,,,,None,3366000,,,,,2.595,0.1,65032000,68398000,0.51,2020-12-31,49.75,,3878000000.0,248864000,19294000,6266000,,,None,None,None,,None,,,,,13028000,13028000,None,None,0.518,,183832000,65032000,,,,,None,,,,,12.4,25.27,,,,,,,,0.522,,,2025-10-29,quarterly,0.61,USD,post-market,81963000,,0.0518,0.278,1.0,4.75,38907000,,,,95.52,128.37,19.6078,,,,,,,317542000,,49.22,,153.86,29.66
2025-12-28,HOOD,2.4,4204000000.0,49.22,,2.433,9.53,,,,,,,,,,,,,,,None,63621000,63621000,,,,,,None,2659000,,,,,2.595,0.1,54712000,57371000,0.51,2020-09-30,49.75,,3878000000.0,205909000,-10994000,-333000,,,None,None,None,,None,,,,,-10661000,-10661000,None,None,0.518,,151197000,54712000,,,,,None,,,,,12.4,25.27,,,,,,,,0.522,,,2025-10-29,quarterly,0.61,USD,post-market,55491000,,0.0518,0.278,1.0,4.75,27145000,,,,95.52,128.37,19.6078,,,,,,,269530000,,49.22,,153.86,29.66
2025-12-28,HOOD,2.4,4204000000.0,49.22,,2.433,9.53,,,,,,,,,,,,,,,None,55255000,55255000,,,,,,None,2185000,,,,,2.595,0.1,58025000,60210000,0.51,2020-06-30,49.75,,3878000000.0,188956000,58118000,534000,,,None,None,None,,None,,,,,57584000,-501665000,None,None,0.518,,130931000,58025000,,,,,None,,,,,12.4,25.27,,,,,,,,0.522,,,2025-10-29,quarterly,0.61,USD,post-market,44971000,,0.0518,0.278,1.0,4.75,20065000,,,,95.52,128.37,19.6078,,,,,,,244211000,,49.22,,153.86,29.66
2025-12-28,HOOD,2.4,4204000000.0,49.22,,2.433,9.53,,,,,,,,,,,,,,,None,43863000,43863000,,,,,,None,1728000,,,,,2.595,0.1,-51999000,-50271000,0.51,2020-03-31,49.75,,3878000000.0,83687000,-52588000,-86000,,,None,1504000,None,,None,,,,,-52502000,None,None,None,0.518,,135686000,-51999000,,,,,None,,,,,12.4,25.27,,,,,,,,0.522,,,2025-10-29,quarterly,0.61,USD,post-market,33205000,,0.0518,0.278,1.0,4.75,16962000,,,,95.52,128.37,19.6078,,,,,,,127550000,,49.22,,153.86,29.66
2025-12-28,HOOD,2.4,4204000000.0,49.22,,2.433,9.53,,,,,,,,,,,,,,,None,55579000,55579000,,,,,,None,None,,,,,2.595,0.1,None,-45340000,0.51,2019-12-31,49.75,,3878000000.0,16586000,-45495000,-853000,,,None,None,None,,None,,,,,-44642000,None,None,None,0.518,,61926000,-45340000,,,,,None,,,,,12.4,25.27,,,,,,,,0.522,,,2025-10-29,quarterly,0.61,None,post-market,None,,0.0518,0.278,1.0,4.75,None,,,,95.52,128.37,19.6078,,,,,,,72165000,,49.22,,153.86,29.66
2025-12-28,HOOD,2.4,4204000000.0,49.22,,2.433,9.53,,,,,,,,,,,,,,,None,49729000,49729000,,,,,,None,None,,,,,2.595,0.1,None,-38201000,0.51,2019-09-30,49.75,,3878000000.0,27751000,-38481000,-55000,,,None,None,None,,None,,,,,-38426000,None,None,None,0.518,,65952000,-38201000,,,,,None,,,,,12.4,25.27,,,,,,,,0.522,,,2025-10-29,quarterly,0.61,None,post-market,None,,0.0518,0.278,1.0,4.75,None,,,,95.52,128.37,19.6078,,,,,,,77480000,,49.22,,153.86,29.66
2025-12-28,HOOD,2.4,4204000000.0,49.22,,2.433,9.53,,,,,,,,,,,,,,,None,38365000,38365000,,,,,,None,None,,,,,2.595,0.1,None,-11342000,0.51,2019-06-30,49.75,,3878000000.0,33367000,-11457000,-55000,,,None,None,None,,None,,,,,-11402000,None,None,None,0.518,,44709000,-11342000,,,,,None,,,,,12.4,25.27,,,,,,,,0.522,,,2025-10-29,quarterly,0.61,None,post-market,None,,0.0518,0.278,1.0,4.75,None,,,,95.52,128.37,19.6078,,,,,,,71732000,,49.22,,153.86,29.66
2025-12-28,HOOD,2.4,4204000000.0,49.22,,2.433,9.53,,,,,,,,,,,,,,,None,30587000,30587000,,,,,,None,None,,,,,2.595,0.1,None,-12047000,0.51,2019-03-31,49.75,,3878000000.0,25569000,-12154000,-55000,,,None,None,None,,None,,,,,-12099000,None,None,None,0.518,,37616000,-12047000,,,,,None,,,,,12.4,25.27,,,,,,,,0.522,,,2025-10-29,quarterly,0.61,None,post-market,None,,0.0518,0.278,1.0,4.75,None,,,,95.52,128.37,19.6078,,,,,,,56156000,,49.22,,153.86,29.66
2025-12-28,HOOD,2.4,4204000000.0,49.22,,2.433,9.53,,,,,,,,,,,,,,,None,504000000,504000000,,,,,,None,77000000,,,,,2.595,0.1,1056000000,1133000000,0.51,2024-12-31,49.75,,3878000000.0,2447000000,1064000000,-347000000,,,None,None,None,,None,,,,,1411000000,1411000000,None,None,0.518,,1391000000,1056000000,,,,,None,,,,,12.4,25.27,,,,,,,,0.522,,,2025-10-29,annual,0.61,USD,post-market,818000000,,0.0518,0.278,1.0,4.75,233000000,,,,95.52,128.37,19.6078,,,,,,,2951000000,,49.22,,153.86,29.66
2025-12-28,HOOD,2.4,4204000000.0,49.22,,2.433,9.53,,,,,,,,,,,,,,,None,459000000,459000000,,,,,,None,71000000,,,,,2.595,0.1,-531000000,-460000000,0.51,2023-12-31,49.75,,3878000000.0,1406000000,-533000000,8000000,,,None,23000000,None,,None,,,,,-541000000,-737000000,None,None,0.518,,1937000000,-531000000,,,,,None,,,,,12.4,25.27,,,,,,,,0.522,,,2025-10-29,annual,0.61,USD,post-market,805000000,,0.0518,0.278,1.0,4.75,961000000,,,,95.52,128.37,19.6078,,,,,,,1865000000,,49.22,,153.86,29.66
2025-12-28,HOOD,2.4,4204000000.0,49.22,,2.433,9.53,,,,,,,,,,,,,,,None,588000000,588000000,,,,,,None,61000000,,,,,2.595,0.1,-966000000,-905000000,0.51,2022-12-31,49.75,,3878000000.0,770000000,-1027000000,1000000,,,None,24000000,None,,None,,,,,-1028000000,-1028000000,None,None,0.518,,1736000000,-966000000,,,,,None,,,,,12.4,25.27,,,,,,,,0.522,,,2025-10-29,annual,0.61,USD,post-market,878000000,,0.0518,0.278,1.0,4.75,652000000,,,,95.52,128.37,19.6078,,,,,,,1358000000,,49.22,,153.86,29.66
2025-12-28,HOOD,2.4,4204000000.0,49.22,,2.433,9.53,,,,,,,,,,,,,,,None,509000000,509000000,,,,,,None,26000000,,,,,2.595,0.1,-1641000000,-1615000000,0.51,2021-12-31,49.75,,3878000000.0,1306000000,-3685000000,2000000,,,None,20218000,None,,None,,,,,-3687000000,-3686432000,None,None,0.518,,2947000000,-1641000000,,,,,2230000,,,,,12.4,25.27,,,,,,,,0.522,,,2025-10-29,annual,0.61,USD,post-market,1234000000,,0.0518,0.278,1.0,4.75,1252000000,,,,95.52,128.37,19.6078,,,,,,,1815000000,,49.22,,153.86,29.66
2025-12-28,HOOD,2.4,4204000000.0,49.22,,2.433,9.53,,,,,,,,,,,,,,,None,237000000,237000000,,,,,,None,10000000,,,,,2.595,0.1,13000000,23000000,0.51,2020-12-31,49.75,,3878000000.0,721000000,13000000,6000000,,,None,4882000,182319000,,None,,,,,7000000,7449000,177437000,None,0.518,,721000000,13780000,,,,,None,,,,,12.4,25.27,,,,,,,,0.522,,,2025-10-29,annual,0.61,USD,post-market,215000000,,0.0518,0.278,1.0,4.75,216000000,,,,95.52,128.37,19.6078,,,,,,,958000000,,49.22,,153.86,29.66
2025-12-28,HOOD,2.4,4204000000.0,49.22,,2.433,9.53,,,,,,,,,,,,,,,None,93202000,93202000,,,,,,None,5444000,,,,,2.595,0.1,-106930000,-101486000,0.51,2019-12-31,49.75,,3878000000.0,184331000,-107587000,-1018000,,,None,991000,71630000,,None,,,,,-106569000,-106569000,70639000,None,0.518,,291261000,-106930000,,,,,None,,,,,12.4,25.27,,,,,,,,0.522,,,2025-10-29,annual,0.61,USD,post-market,94932000,,0.0518,0.278,1.0,4.75,52105000,,,,95.52,128.37,19.6078,,,,,,,277533000,,49.22,,153.86,29.66
2025-12-28,HOOD,2.4,4204000000.0,49.22,None,2.433,9.53,,None,4331000000,4331000000,,,,,,,,,None,917940660,None,93202000,93202000,399000000,None,15666000000,14872000000,None,None,5444000,,,,,2.595,0.1,-106930000,-101486000,0.51,2025-09-30,49.75,386000000,3878000000.0,184331000,-107587000,-1018000,172000000,172000000,None,991000,71630000,None,None,None,None,None,None,-106569000,-106569000,70639000,None,0.518,,291261000,-106930000,10498000000,16697000000,None,123000000,None,,,,,12.4,25.27,,,,,,,,0.522,,None,2025-10-29,quarterly,0.61,USD,post-market,94932000,-2757000000,0.0518,0.278,1.0,4.75,52105000,15666000000,15666000000,10278000000,95.52,128.37,19.6078,41452000000,39979000000,32762000000,32885000000,1473000000,123000000,277533000,8567000000,49.22,None,153.86,29.66
2025-12-28,HOOD,2.4,4204000000.0,49.22,None,2.433,9.53,,None,4162000000,4162000000,,,,,,,,,None,909127658,None,93202000,93202000,369000000,None,12640000000,10059000000,None,None,5444000,,,,,2.595,0.1,-106930000,-101486000,0.51,2025-06-30,49.75,383000000,3878000000.0,184331000,-107587000,-1018000,191000000,191000000,None,991000,71630000,None,None,None,None,None,None,-106569000,-106569000,70639000,None,0.518,,291261000,-106930000,10236000000,14113000000,None,130000000,None,,,,,12.4,25.27,,,,,,,,0.522,,None,2025-10-29,quarterly,0.61,USD,post-market,94932000,-3313000000,0.0518,0.278,1.0,4.75,52105000,12640000000,12640000000,9376000000,95.52,128.37,19.6078,35324000000,33833000000,27122000000,27252000000,1491000000,130000000,277533000,8072000000,49.22,None,153.86,29.66
2025-12-28,HOOD,2.4,4204000000.0,49.22,None,2.433,9.53,,None,4416000000,4416000000,,,,,,,,,None,909241619,None,93202000,93202000,319000000,None,9098000000,9434000000,None,None,5444000,,,,,2.595,0.1,-106930000,-101486000,0.51,2025-03-31,49.75,292000000,3878000000.0,184331000,-107587000,-1018000,109000000,109000000,None,991000,71630000,None,None,None,None,None,None,-106569000,-106569000,70639000,None,0.518,,291261000,-106930000,5528000000,10014000000,None,133000000,None,,,,,12.4,25.27,,,,,,,,0.522,,None,2025-10-29,quarterly,0.61,USD,post-market,94932000,-3699000000,0.0518,0.278,1.0,4.75,52105000,9098000000,9098000000,6837000000,95.52,128.37,19.6078,27517000000,26215000000,19431000000,19564000000,1302000000,133000000,277533000,7953000000,49.22,None,153.86,29.66
2025-12-28,HOOD,2.4,4204000000.0,49.22,None,2.433,9.53,,None,4332000000,4332000000,,,,,,,,,None,907767796,None,93202000,93202000,397000000,None,7463000000,8710000000,None,None,5444000,,,,,2.595,0.1,-106930000,-101486000,0.51,2024-12-31,49.75,179000000,3878000000.0,184331000,-107587000,-1018000,38000000,38000000,None,991000,71630000,None,None,None,None,None,0,-106569000,-106569000,70639000,None,0.518,,291261000,-106930000,5897000000,10244000000,None,111000000,None,,,,,12.4,25.27,,,,,,,,0.522,,None,2025-10-29,quarterly,0.61,USD,post-market,94932000,-4035000000,0.0518,0.278,1.0,4.75,52105000,7463000000,7463000000,6164000000,95.52,128.37,19.6078,26187000000,25103000000,18104000000,18215000000,1084000000,111000000,277533000,7972000000,49.22,None,153.86,29.66
2025-12-28,HOOD,2.4,4204000000.0,49.22,None,2.433,9.53,,None,4611000000,4611000000,,,,,,,,,None,905544750,None,93202000,93202000,443000000,None,7306000000,5685000000,None,None,5444000,,,,,2.595,0.1,-106930000,-101486000,0.51,2024-09-30,49.75,179000000,3878000000.0,184331000,-107587000,-1018000,39000000,39000000,None,991000,71630000,-225000000,None,None,None,None,0,-106569000,-106569000,70639000,None,0.518,,291261000,-106930000,25877000000,28209000000,None,79000000,None,,,,,12.4,25.27,,,,,,,,0.522,,None,2025-10-29,quarterly,0.61,USD,post-market,94932000,-4951000000,0.0518,0.278,1.0,4.75,52105000,7306000000,7306000000,6432000000,95.52,128.37,19.6078,43245000000,42605000000,35958000000,36037000000,640000000,79000000,277533000,7208000000,49.22,None,153.86,29.66
2025-12-28,HOOD,2.4,4204000000.0,49.22,None,2.433,9.53,,None,4524000000,4524000000,,,,,,,,,None,904490572,None,93202000,93202000,386000000,None,5091000000,5189000000,None,None,5444000,,,,,2.595,0.1,-106930000,-101486000,0.51,2024-06-30,49.75,179000000,3878000000.0,184331000,-107587000,-1018000,45000000,45000000,None,991000,71630000,-31598000000,None,None,None,None,2000000,-106569000,-106569000,70639000,None,0.518,,291261000,-106930000,26262000000,28663000000,None,84000000,None,,,,,12.4,25.27,,,,,,,,0.522,,None,2025-10-29,quarterly,0.61,USD,post-market,94932000,-5101000000,0.0518,0.278,1.0,4.75,52105000,5091000000,5091000000,4731000000,95.52,128.37,19.6078,41346000000,40706000000,34140000000,34224000000,640000000,84000000,277533000,7122000000,49.22,None,153.86,29.66
2025-12-28,HOOD,2.4,4204000000.0,49.22,None,2.433,9.53,,None,4717000000,4717000000,,,,,,,,,None,875319407,None,93202000,93202000,351000000,None,4215000000,4510000000,None,None,5444000,,,,,2.595,0.1,-106930000,-101486000,0.51,2024-03-31,49.75,175000000,3878000000.0,184331000,-107587000,-1018000,46000000,46000000,None,991000,71630000,483000000,None,None,None,None,10000000,-106569000,-106569000,70639000,None,0.518,,291261000,-106930000,31741000000,34547000000,None,90000000,None,,,,,12.4,25.27,,,,,,,,0.522,,None,2025-10-29,quarterly,0.61,USD,post-market,94932000,-5289000000,0.0518,0.278,1.0,4.75,52105000,4215000000,4215000000,4577000000,95.52,128.37,19.6078,46088000000,45545000000,39113000000,39203000000,543000000,90000000,277533000,6885000000,49.22,None,153.86,29.66
2025-12-28,HOOD,2.4,4204000000.0,49.22,None,2.433,9.53,,None,4835000000,4835000000,,,,,,,,,None,883227967,None,93202000,93202000,384000000,None,3547000000,3584000000,None,None,5444000,,,,,2.595,0.1,-106930000,-101486000,0.51,2023-12-31,49.75,175000000,3878000000.0,184331000,-107587000,-1018000,48000000,48000000,None,991000,71630000,None,None,None,None,None,73000000,-106569000,-106569000,70639000,None,0.518,,291261000,-106930000,5056000000,6906000000,None,91000000,None,,,,,12.4,25.27,,,,,,,,0.522,,None,2025-10-29,quarterly,0.61,USD,post-market,94932000,-5446000000,0.0518,0.278,1.0,4.75,52105000,3547000000,3547000000,3607000000,95.52,128.37,19.6078,17624000000,17082000000,10837000000,10928000000,542000000,91000000,277533000,6696000000,49.22,None,153.86,29.66
2025-12-28,HOOD,2.4,4204000000.0,49.22,None,2.433,9.53,,None,4889000000,4889000000,,,,,,,,,None,895108790,None,93202000,93202000,373000000,None,3245000000,3767000000,None,None,5444000,,,,,2.595,0.1,-106930000,-101486000,0.51,2023-09-30,49.75,164000000,3878000000.0,184331000,-107587000,-1018000,53000000,53000000,None,991000,71630000,3798000000,None,None,None,None,118000000,-106569000,-106569000,70639000,None,0.518,,291261000,-106930000,14111000000,16030000000,None,96000000,None,,,,,12.4,25.27,,,,,,,,0.522,,None,2025-10-29,quarterly,0.61,USD,post-market,94932000,-5476000000,0.0518,0.278,1.0,4.75,52105000,3245000000,3245000000,2972000000,95.52,128.37,19.6078,26318000000,25739000000,19648000000,19744000000,579000000,96000000,277533000,6574000000,49.22,None,153.86,29.66
2025-12-28,HOOD,2.4,4204000000.0,49.22,None,2.433,9.53,,None,5829000000,5829000000,,,,,,,,,None,921269749,None,93202000,93202000,236000000,None,2982000000,3430000000,None,None,5444000,,,,,2.595,0.1,-106930000,-101486000,0.51,2023-06-30,49.75,100000000,3878000000.0,184331000,-107587000,-1018000,21000000,21000000,None,991000,71630000,4531000000,None,None,None,None,165000000,-106569000,-106569000,70639000,None,0.518,,291261000,-106930000,16157000000,18138000000,None,117000000,None,,,,,12.4,25.27,,,,,,,,0.522,,131000000,2025-10-29,quarterly,0.61,USD,post-market,94932000,-5391000000,0.0518,0.278,1.0,4.75,52105000,2982000000,2982000000,2690000000,95.52,128.37,19.6078,28660000000,28106000000,21356000000,21473000000,554000000,117000000,277533000,7187000000,49.22,None,153.86,29.66
2025-12-28,HOOD,2.4,4204000000.0,49.22,None,2.433,9.53,,None,5459000000,5459000000,,,,,,,,,None,896924695,None,93202000,93202000,203000000,None,1834000000,3264000000,None,None,5444000,,,,,2.595,0.1,-106930000,-101486000,0.51,2023-03-31,49.75,100000000,3878000000.0,184331000,-107587000,-1018000,23000000,23000000,None,991000,71630000,-2553000000,None,None,None,None,195000000,-106569000,-106569000,70639000,None,0.518,,291261000,-106930000,16114000000,17805000000,None,128000000,None,,,,,12.4,25.27,,,,,,,,0.522,,137000000,2025-10-29,quarterly,0.61,USD,post-market,94932000,-5416000000,0.0518,0.278,1.0,4.75,52105000,2609000000,2609000000,2351000000,95.52,128.37,19.6078,27785000000,27188000000,20617000000,20739000000,597000000,122000000,277533000,7046000000,49.22,None,153.86,29.66
2025-12-28,HOOD,2.4,4204000000.0,49.22,None,2.433,9.53,,None,6339000000,6339000000,,,,,,,,,None,889239632,None,93202000,93202000,185000000,None,1834000000,3294000000,None,None,5444000,,,,,2.595,0.1,-106930000,-101486000,0.51,2022-12-31,49.75,100000000,3878000000.0,184331000,-107587000,-1018000,25000000,25000000,None,991000,71630000,3267000000,None,None,None,None,0,-106569000,-106569000,70639000,None,0.518,,291261000,-106930000,11770000000,14234000000,None,128000000,None,,,,,12.4,25.27,,,,,,,,0.522,,238000000,2025-10-29,quarterly,0.61,USD,post-market,94932000,-4905000000,0.0518,0.278,1.0,4.75,52105000,1834000000,1834000000,1514000000,95.52,128.37,19.6078,23337000000,22917000000,16253000000,16381000000,420000000,128000000,277533000,6956000000,49.22,None,153.86,29.66
2025-12-28,HOOD,2.4,4204000000.0,49.22,None,2.433,9.53,,160000000,6187000000,6187000000,,,,,,,,,None,882356575,None,93202000,93202000,203000000,None,1423000000,4121000000,None,None,5444000,,,,,2.595,0.1,-106930000,-101486000,0.51,2022-09-30,49.75,100000000,3878000000.0,184331000,-107587000,-1018000,27000000,27000000,None,991000,71630000,3235000000,None,None,None,None,None,-106569000,-106569000,70639000,None,0.518,,291261000,-106930000,12637000000,15861000000,None,138000000,None,,,,,12.4,25.27,,,,,,,,0.522,,151000000,2025-10-29,quarterly,0.61,USD,post-market,94932000,-4739000000,0.0518,0.278,1.0,4.75,52105000,1583000000,1445000000,1200000000,95.52,128.37,19.6078,24601000000,24145000000,17509000000,17647000000,456000000,138000000,277533000,6954000000,49.22,None,153.86,29.66
2025-12-28,HOOD,2.4,4204000000.0,49.22,None,2.433,9.53,,154000000,5962000000,5962000000,,,,,,,,,None,874873301,None,93202000,93202000,243000000,None,1367000000,4235000000,None,None,5444000,,,,,2.595,0.1,-106930000,-101486000,0.51,2022-06-30,49.75,100000000,3878000000.0,184331000,-107587000,-1018000,30000000,30000000,None,991000,71630000,-9000000,None,None,None,None,None,-106569000,-106569000,70639000,None,0.518,,291261000,-106930000,12505000000,15767000000,None,132000000,None,,,,,12.4,25.27,,,,,,,,0.522,,170000000,2025-10-29,quarterly,0.61,USD,post-market,94932000,-4564000000,0.0518,0.278,1.0,4.75,52105000,1521000000,1389000000,1343000000,95.52,128.37,19.6078,24548000000,24045000000,17399000000,17531000000,503000000,132000000,277533000,7017000000,49.22,None,153.86,29.66
2025-12-28,HOOD,2.4,4204000000.0,49.22,None,2.433,9.53,,183000000,6191000000,6191000000,,,,,,,,,None,867769168,None,93202000,93202000,249000000,None,2151000000,5339000000,None,None,5444000,,,,,2.595,0.1,-106930000,-101486000,0.51,2022-03-31,49.75,100000000,3878000000.0,184331000,-107587000,-1018000,32000000,32000000,None,991000,71630000,4827000000,None,None,None,None,None,-106569000,-106569000,70639000,None,0.518,,291261000,-106930000,4856000000,9158000000,None,160000000,None,,,,,12.4,25.27,,,,,,,,0.522,,321000000,2025-10-29,quarterly,0.61,USD,post-market,94932000,-4269000000,0.0518,0.278,1.0,4.75,52105000,2334000000,2174000000,1969000000,95.52,128.37,19.6078,18872000000,18355000000,11581000000,11741000000,517000000,160000000,277533000,7131000000,49.22,None,153.86,29.66
2025-12-28,HOOD,2.4,4204000000.0,49.22,None,2.433,9.53,,None,6253000000,6253000000,,,,,,,,,86000,863912613,None,93202000,93202000,252000000,None,3651035000,6727000000,None,None,5444000,,,,,2.595,0.1,-106930000,-101486000,0.51,2021-12-31,49.75,101000000,3878000000.0,184331000,-107587000,-1018000,34000000,34000000,None,991000,71630000,-42130000,None,None,None,None,None,-106569000,-106569000,70639000,None,0.518,,291261000,-106930000,4469000000,8444000000,None,128745000,None,,,,,12.4,25.27,,,,,,,,0.522,,146419000,2025-10-29,quarterly,0.61,USD,post-market,94932000,-3877000000,0.0518,0.278,1.0,4.75,52105000,3651000000,3651000000,1834000000,95.52,128.37,19.6078,19769000000,19283000000,12347000000,12476000000,486000000,129000000,277533000,7293000000,49.22,None,153.86,29.66
2025-12-28,HOOD,2.4,4204000000.0,49.22,None,2.433,9.53,,None,6166705000,6166705000,,,,,,,,,86000,855385082,None,93202000,93202000,237147000,None,3129650000,6224459000,None,None,5444000,,,,,2.595,0.1,-106930000,-101486000,0.51,2021-09-30,49.75,95564000,3878000000.0,184331000,-107587000,-1018000,35227000,35227000,None,991000,71630000,4784519000,None,None,None,None,None,-106569000,-106569000,70639000,None,0.518,,291261000,-106930000,4904792000,8431621000,None,134368000,None,,,,,12.4,25.27,,,,,,,,0.522,,114666000,2025-10-29,quarterly,0.61,USD,post-market,94932000,-3453268000,0.0518,0.278,1.0,4.75,52105000,3129650000,3129650000,1553740000,95.52,128.37,19.6078,19317368000,18849696000,11798418000,11932786000,467672000,134368000,277533000,7384582000,49.22,None,153.86,29.66
2025-12-28,HOOD,2.4,4204000000.0,49.22,None,2.433,9.53,,None,5077752000,5077752000,,,,,,,,,1000,850178840,None,93202000,93202000,292851000,None,2642900000,5633435000,None,None,5444000,,,,,2.595,0.1,-106930000,-101486000,0.51,2021-06-30,49.75,None,3878000000.0,184331000,-107587000,-1018000,None,None,None,991000,71630000,5714210000,None,None,5189783000,None,None,-106569000,-106569000,70639000,None,0.518,,291261000,-106930000,5739971000,9304525000,None,463548000,None,,,,,12.4,25.27,,,,,,,,0.522,,145778000,2025-10-29,quarterly,0.61,USD,post-market,94932000,-2136571000,0.0518,0.278,1.0,4.75,52105000,7832683000,2642900000,1449729000,95.52,128.37,19.6078,18088582000,17900887000,12240276000,20073346000,187695000,7833070000,277533000,-1984764000,49.22,None,153.86,29.66
2025-12-28,HOOD,2.4,4204000000.0,49.22,None,2.433,9.53,,None,4794546000,4794546000,,,,,,,,,1000,850178840,None,93202000,93202000,231222000,None,2031134000,5542535000,None,None,5444000,,,,,2.595,0.1,-106930000,-101486000,0.51,2021-03-31,49.75,None,3878000000.0,184331000,-107587000,-1018000,None,None,None,991000,71630000,3418307000,None,None,4675082000,None,None,-106569000,-106569000,70639000,None,0.518,,291261000,-106930000,3453658000,7046580000,None,425922000,None,,,,,12.4,25.27,,,,,,,,0.522,,109423000,2025-10-29,quarterly,0.61,USD,post-market,94932000,-1634906000,0.0518,0.278,1.0,4.75,52105000,6706216000,2031134000,1176509000,95.52,128.37,19.6078,15104493000,14967248000,9308936000,16589679000,137245000,7280743000,277533000,-1485186000,49.22,None,153.86,29.66
2025-12-28,HOOD,2.4,4204000000.0,49.22,None,2.433,9.53,,None,1402629000,1402629000,,,,,,,,,1000,850178840,None,93202000,93202000,104649000,None,None,3478643000,None,None,5444000,,,,,2.595,0.1,-106930000,-101486000,0.51,2020-12-31,49.75,None,3878000000.0,184331000,-107587000,-1018000,185000,185000,None,991000,71630000,5168803000,None,None,None,None,None,-106569000,-106569000,70639000,None,0.518,,291261000,-106930000,5188829000,6790278000,None,48012000,None,,,,,12.4,25.27,,,,,,,,0.522,,None,2025-10-29,quarterly,0.61,USD,post-market,94932000,-190103000,0.0518,0.278,1.0,4.75,52105000,1921118000,1921118000,802483000,95.52,128.37,19.6078,10988474000,10872584000,8816045000,11043796000,115890000,2227751000,277533000,-55322000,49.22,None,153.86,29.66
2025-12-28,HOOD,2.4,4204000000.0,49.22,None,2.433,9.53,,None,1402629000,1402629000,,,,,,,,,1000,850178840,None,93202000,93202000,None,None,None,3354142000,None,None,5444000,,,,,2.595,0.1,-106930000,-101486000,0.51,2020-09-30,49.75,None,3878000000.0,184331000,-107587000,-1018000,185000,185000,None,991000,71630000,None,None,None,None,None,None,-106569000,-106569000,70639000,None,0.518,,291261000,-106930000,6115813000,8816045000,None,None,None,,,,,12.4,25.27,,,,,,,,0.522,,None,2025-10-29,quarterly,0.61,USD,post-market,94932000,-190103000,0.0518,0.278,1.0,4.75,52105000,None,None,None,95.52,128.37,19.6078,10988474000,10872584000,8816045000,11043796000,115890000,2227751000,277533000,-55322000,49.22,None,153.86,29.66
2025-12-28,HOOD,2.4,4204000000.0,49.22,None,2.433,9.53,,None,None,None,,,,,,,,,None,850178840,None,93202000,93202000,None,None,None,None,None,None,5444000,,,,,2.595,0.1,-106930000,-101486000,0.51,2020-06-30,49.75,None,3878000000.0,184331000,-107587000,-1018000,None,None,None,991000,71630000,None,None,None,None,None,None,-106569000,-106569000,70639000,None,0.518,,291261000,-106930000,None,None,None,None,None,,,,,12.4,25.27,,,,,,,,0.522,,None,2025-10-29,quarterly,0.61,USD,post-market,94932000,None,0.0518,0.278,1.0,4.75,52105000,None,None,None,95.52,128.37,19.6078,None,None,None,None,None,None,277533000,None,49.22,None,153.86,29.66
2025-12-28,HOOD,2.4,4204000000.0,49.22,None,2.433,9.53,,None,None,None,,,,,,,,,None,850178840,None,93202000,93202000,None,None,None,None,None,None,5444000,,,,,2.595,0.1,-106930000,-101486000,0.51,2020-03-31,49.75,None,3878000000.0,184331000,-107587000,-1018000,None,None,None,991000,71630000,None,None,None,None,None,None,-106569000,-106569000,70639000,None,0.518,,291261000,-106930000,None,None,None,None,None,,,,,12.4,25.27,,,,,,,,0.522,,None,2025-10-29,quarterly,0.61,USD,post-market,94932000,None,0.0518,0.278,1.0,4.75,52105000,None,None,None,95.52,128.37,19.6078,None,None,None,-815363000,None,-815363000,277533000,815363000,49.22,None,153.86,29.66
2025-12-28,HOOD,2.4,4204000000.0,49.22,None,2.433,9.53,,None,644050000,644050000,,,,,,,,,912412000,850178840,None,93202000,93202000,None,None,None,660885000,None,None,5444000,,,,,2.595,0.1,-106930000,-101486000,0.51,2019-12-31,49.75,None,3878000000.0,184331000,-107587000,-1018000,None,None,None,991000,71630000,None,None,None,None,None,None,-106569000,-106569000,70639000,None,0.518,,291261000,-106930000,-1304935000,-684429000,None,None,None,,,,,12.4,25.27,,,,,,,,0.522,,None,2025-10-29,quarterly,0.61,None,post-market,94932000,-196677000,0.0518,0.278,1.0,4.75,52105000,711829000,684429000,None,95.52,128.37,19.6078,3944400000,None,None,3129037000,None,None,277533000,815363000,49.22,None,153.86,29.66
2025-12-28,HOOD,2.4,4204000000.0,49.22,None,2.433,9.53,,None,None,None,,,,,,,,,None,850178840,None,93202000,93202000,None,None,None,None,None,None,5444000,,,,,2.595,0.1,-106930000,-101486000,0.51,2019-09-30,49.75,None,3878000000.0,184331000,-107587000,-1018000,None,None,None,991000,71630000,None,None,None,None,None,None,-106569000,-106569000,70639000,None,0.518,,291261000,-106930000,None,None,None,None,None,,,,,12.4,25.27,,,,,,,,0.522,,None,2025-10-29,quarterly,0.61,None,post-market,94932000,None,0.0518,0.278,1.0,4.75,52105000,None,None,None,95.52,128.37,19.6078,None,None,None,None,None,None,277533000,None,49.22,None,153.86,29.66
2025-12-28,HOOD,2.4,4204000000.0,49.22,None,2.433,9.53,,None,None,None,,,,,,,,,None,850178840,None,93202000,93202000,None,None,None,None,None,None,5444000,,,,,2.595,0.1,-106930000,-101486000,0.51,2019-06-30,49.75,None,3878000000.0,184331000,-107587000,-1018000,None,None,None,991000,71630000,None,None,None,None,None,None,-106569000,-106569000,70639000,None,0.518,,291261000,-106930000,None,None,None,None,None,,,,,12.4,25.27,,,,,,,,0.522,,None,2025-10-29,quarterly,0.61,None,post-market,94932000,None,0.0518,0.278,1.0,4.75,52105000,None,None,None,95.52,128.37,19.6078,None,None,None,None,None,None,277533000,None,49.22,None,153.86,29.66
2025-12-28,HOOD,2.4,4204000000.0,49.22,None,2.433,9.53,,None,None,None,,,,,,,,,None,850178840,None,93202000,93202000,None,None,None,None,None,None,5444000,,,,,2.595,0.1,-106930000,-101486000,0.51,2019-03-31,49.75,None,3878000000.0,184331000,-107587000,-1018000,None,None,None,991000,71630000,None,None,None,None,None,None,-106569000,-106569000,70639000,None,0.518,,291261000,-106930000,None,None,None,None,None,,,,,12.4,25.27,,,,,,,,0.522,,None,2025-10-29,quarterly,0.61,None,post-market,94932000,None,0.0518,0.278,1.0,4.75,52105000,None,None,None,95.52,128.37,19.6078,None,None,None,None,None,None,277533000,None,49.22,None,153.86,29.66
2025-12-28,HOOD,2.4,4204000000.0,49.22,None,2.433,9.53,,None,4332000000,4332000000,,,,,,,,,None,906171504,None,93202000,93202000,397000000,None,7463000000,8710000000,None,None,5444000,,,,,2.595,0.1,-106930000,-101486000,0.51,2024-12-31,49.75,179000000,3878000000.0,184331000,-107587000,-1018000,38000000,38000000,None,991000,71630000,None,None,None,None,None,0,-106569000,-106569000,70639000,None,0.518,,291261000,-106930000,5897000000,10244000000,None,111000000,None,,,,,12.4,25.27,,,,,,,,0.522,,None,2025-10-29,annual,0.61,USD,post-market,94932000,-4035000000,0.0518,0.278,1.0,4.75,52105000,7463000000,7463000000,6164000000,95.52,128.37,19.6078,26187000000,25103000000,18104000000,18215000000,1084000000,111000000,277533000,7972000000,49.22,None,153.86,29.66
2025-12-28,HOOD,2.4,4204000000.0,49.22,None,2.433,9.53,,None,4835000000,4835000000,,,,,,,,,None,890857659,None,93202000,93202000,384000000,None,3547000000,3584000000,None,None,5444000,,,,,2.595,0.1,-106930000,-101486000,0.51,2023-12-31,49.75,175000000,3878000000.0,184331000,-107587000,-1018000,48000000,48000000,None,991000,71630000,-152000000,None,None,None,None,73000000,-106569000,-106569000,70639000,None,0.518,,291261000,-106930000,5056000000,6906000000,None,91000000,None,,,,,12.4,25.27,,,,,,,,0.522,,None,2025-10-29,annual,0.61,USD,post-market,94932000,-5446000000,0.0518,0.278,1.0,4.75,52105000,3547000000,3547000000,3607000000,95.52,128.37,19.6078,17624000000,17082000000,10837000000,10928000000,542000000,91000000,277533000,6696000000,49.22,None,153.86,29.66
2025-12-28,HOOD,2.4,4204000000.0,49.22,None,2.433,9.53,,None,6339000000,6339000000,,,,,,,,,None,878630024,None,93202000,93202000,185000000,None,1834000000,3294000000,None,None,5444000,,,,,2.595,0.1,-106930000,-101486000,0.51,2022-12-31,49.75,100000000,3878000000.0,184331000,-107587000,-1018000,25000000,25000000,None,991000,71630000,3267000000,None,None,None,None,0,-106569000,-106569000,70639000,None,0.518,,291261000,-106930000,11770000000,14234000000,None,128000000,None,,,,,12.4,25.27,,,,,,,,0.522,,238000000,2025-10-29,annual,0.61,USD,post-market,94932000,-4905000000,0.0518,0.278,1.0,4.75,52105000,1834000000,1834000000,1514000000,95.52,128.37,19.6078,23337000000,22917000000,16253000000,16381000000,420000000,128000000,277533000,6956000000,49.22,None,153.86,29.66
2025-12-28,HOOD,2.4,4204000000.0,49.22,None,2.433,9.53,,None,6253000000,6253000000,,,,,,,,,86000,863912613,None,93202000,93202000,252000000,None,3651035000,6727000000,None,None,5444000,,,,,2.595,0.1,-106930000,-101486000,0.51,2021-12-31,49.75,101000000,3878000000.0,184331000,-107587000,-1018000,34000000,34000000,None,991000,71630000,-42130000,None,None,None,None,None,-106569000,-106569000,70639000,None,0.518,,291261000,-106930000,4469000000,8444000000,None,128745000,None,,,,,12.4,25.27,,,,,,,,0.522,,146419000,2025-10-29,annual,0.61,USD,post-market,94932000,-3877000000,0.0518,0.278,1.0,4.75,52105000,3651000000,3651000000,1834000000,95.52,128.37,19.6078,19769000000,19283000000,12347000000,12476000000,486000000,129000000,277533000,7293000000,49.22,None,153.86,29.66
2025-12-28,HOOD,2.4,4204000000.0,49.22,None,2.433,9.53,,None,1402629000,1402629000,,,,,,,,,1000,850178840,None,93202000,93202000,104649000,None,1921118000,3478643000,None,None,5444000,,,,,2.595,0.1,-106930000,-101486000,0.51,2020-12-31,49.75,0,3878000000.0,184331000,-107587000,-1018000,185000,185000,None,991000,71630000,802483000,None,None,None,None,None,-106569000,-106569000,70639000,None,0.518,,291261000,-106930000,5188829000,6790278000,None,48012000,None,,,,,12.4,25.27,,,,,,,,0.522,,95034000,2025-10-29,annual,0.61,USD,post-market,94932000,-190103000,0.0518,0.278,1.0,4.75,52105000,1921118000,1921118000,802483000,95.52,128.37,19.6078,10988474000,10872584000,8816045000,11043796000,115890000,2227751000,277533000,-55322000,49.22,None,153.86,29.66
2025-12-28,HOOD,2.4,4204000000.0,49.22,None,2.433,9.53,,None,644050000,644050000,,,,,,,,,1000,850178840,None,93202000,93202000,37587000,None,674029000,660885000,None,None,5444000,,,,,2.595,0.1,-106930000,-101486000,0.51,2019-12-31,49.75,None,3878000000.0,184331000,-107587000,-1018000,None,None,None,991000,71630000,2997000,None,None,None,None,None,-106569000,-106569000,70639000,None,0.518,,291261000,-106930000,2568176000,2389764000,None,27657000,None,,,,,12.4,25.27,,,,,,,,0.522,,56501000,2025-10-29,annual,0.61,USD,post-market,94932000,-196677000,0.0518,0.278,1.0,4.75,52105000,674029000,674029000,2997000,95.52,128.37,19.6078,3944400000,3876108000,3101380000,4041448000,68292000,940068000,277533000,-97048000,49.22,None,153.86,29.66
2025-12-28,HOOD,2.4,4204000000.0,49.22,None,2.433,9.53,12000000,None,644050000,644050000,-5000000,-142000000,None,None,None,None,None,None,1000,850178840,None,93202000,93202000,37587000,None,674029000,660885000,None,None,5444000,22000000,None,None,None,2.595,0.1,-106930000,-101486000,0.51,2025-09-30,49.75,None,3878000000.0,184331000,-107587000,-1018000,None,None,None,991000,71630000,2997000,None,None,None,None,None,556000000,-106569000,70639000,None,0.518,-1576000000,291261000,-106930000,2568176000,2389764000,None,27657000,None,None,None,None,None,12.4,25.27,None,None,None,None,None,-107000000,None,0.522,None,56501000,2025-10-29,quarterly,0.61,USD,post-market,94932000,-196677000,0.0518,0.278,1.0,4.75,52105000,674029000,674029000,2997000,95.52,128.37,19.6078,3944400000,3876108000,3101380000,4041448000,68292000,940068000,277533000,-97048000,49.22,None,153.86,29.66
2025-12-28,HOOD,2.4,4204000000.0,49.22,None,2.433,9.53,18000000,None,644050000,644050000,-286000000,832000000,None,None,None,None,None,None,1000,850178840,None,93202000,93202000,37587000,None,674029000,660885000,None,None,5444000,21000000,None,None,None,2.595,0.1,-106930000,-101486000,0.51,2025-06-30,49.75,None,3878000000.0,184331000,-107587000,-1018000,None,None,None,991000,71630000,2997000,None,None,None,None,None,386000000,-106569000,70639000,None,0.518,3509000000,291261000,-106930000,2568176000,2389764000,None,27657000,None,None,None,None,None,12.4,25.27,None,None,None,None,None,-124000000,None,0.522,None,56501000,2025-10-29,quarterly,0.61,USD,post-market,94932000,-196677000,0.0518,0.278,1.0,4.75,52105000,674029000,674029000,2997000,95.52,128.37,19.6078,3944400000,3876108000,3101380000,4041448000,68292000,940068000,277533000,-97048000,49.22,None,153.86,29.66
2025-12-28,HOOD,2.4,4204000000.0,49.22,None,2.433,9.53,11000000,None,644050000,644050000,-417000000,9000000,None,None,None,None,None,None,1000,850178840,None,93202000,93202000,37587000,None,674029000,660885000,None,None,5444000,20000000,None,None,None,2.595,0.1,-106930000,-101486000,0.51,2025-03-31,49.75,None,3878000000.0,184331000,-107587000,-1018000,None,None,None,991000,71630000,2997000,None,None,None,None,None,336000000,-106569000,70639000,None,0.518,642000000,291261000,-106930000,2568176000,2389764000,None,27657000,None,None,None,None,None,12.4,25.27,None,None,None,None,None,-322000000,None,0.522,None,56501000,2025-10-29,quarterly,0.61,USD,post-market,94932000,-196677000,0.0518,0.278,1.0,4.75,52105000,674029000,674029000,2997000,95.52,128.37,19.6078,3944400000,3876108000,3101380000,4041448000,68292000,940068000,277533000,-97048000,49.22,None,153.86,29.66
2025-12-28,HOOD,2.4,4204000000.0,49.22,None,2.433,9.53,15000000,None,644050000,644050000,-178000000,34000000,None,None,None,None,None,None,1000,850178840,None,93202000,93202000,37587000,None,674029000,660885000,None,None,5444000,22000000,None,None,None,2.595,0.1,-106930000,-101486000,0.51,2024-12-31,49.75,None,3878000000.0,184331000,-107587000,-1018000,None,None,None,991000,71630000,2997000,None,None,None,None,None,916000000,-106569000,70639000,None,0.518,-1400000000,291261000,-106930000,2568176000,2389764000,None,27657000,None,None,None,None,None,12.4,25.27,None,None,None,None,None,-160000000,None,0.522,None,56501000,2025-10-29,quarterly,0.61,USD,post-market,94932000,-196677000,0.0518,0.278,1.0,4.75,52105000,674029000,674029000,2997000,95.52,128.37,19.6078,3944400000,3876108000,3101380000,4041448000,68292000,940068000,277533000,-97048000,49.22,None,153.86,29.66
2025-12-28,HOOD,2.4,4204000000.0,49.22,None,2.433,9.53,19000000,None,644050000,644050000,-95000000,-123000000,None,None,None,None,None,None,1000,850178840,None,93202000,93202000,37587000,None,674029000,660885000,None,None,5444000,20000000,None,None,None,2.595,0.1,-106930000,-101486000,0.51,2024-09-30,49.75,None,3878000000.0,184331000,-107587000,-1018000,None,None,None,991000,71630000,2997000,None,None,None,None,None,150000000,-106569000,70639000,None,0.518,1812000000,291261000,-106930000,2568176000,2389764000,None,27657000,None,None,None,None,None,12.4,25.27,None,None,None,None,None,109000000,None,0.522,None,56501000,2025-10-29,quarterly,0.61,USD,post-market,94932000,-196677000,0.0518,0.278,1.0,4.75,52105000,674029000,674029000,2997000,95.52,128.37,19.6078,3944400000,3876108000,3101380000,4041448000,68292000,940068000,277533000,-97048000,49.22,None,153.86,29.66
2025-12-28,HOOD,2.4,4204000000.0,49.22,None,2.433,9.53,7000000,None,644050000,644050000,-42000000,-12000000,None,None,None,None,None,None,1000,850178840,None,93202000,93202000,37587000,None,674029000,660885000,None,None,5444000,18000000,None,None,None,2.595,0.1,-106930000,-101486000,0.51,2024-06-30,49.75,None,3878000000.0,184331000,-107587000,-1018000,None,None,None,991000,71630000,2997000,None,None,None,None,None,188000000,-106569000,70639000,None,0.518,54000000,291261000,-106930000,2568176000,2389764000,None,27657000,None,None,None,None,None,12.4,25.27,None,None,None,None,None,-59000000,None,0.522,None,56501000,2025-10-29,quarterly,0.61,USD,post-market,94932000,-196677000,0.0518,0.278,1.0,4.75,52105000,674029000,674029000,2997000,95.52,128.37,19.6078,3944400000,3876108000,3101380000,4041448000,68292000,940068000,277533000,-97048000,49.22,None,153.86,29.66
2025-12-28,HOOD,2.4,4204000000.0,49.22,None,2.433,9.53,9000000,None,644050000,644050000,-30000000,-47000000,None,None,None,None,None,None,1000,850178840,None,93202000,93202000,37587000,None,674029000,660885000,None,None,5444000,17000000,None,None,None,2.595,0.1,-106930000,-101486000,0.51,2024-03-31,49.75,None,3878000000.0,184331000,-107587000,-1018000,None,None,None,991000,71630000,2997000,None,None,None,None,None,157000000,-106569000,70639000,None,0.518,-623000000,291261000,-106930000,2568176000,2389764000,None,27657000,None,None,None,None,None,12.4,25.27,None,None,None,None,None,-40000000,None,0.522,None,56501000,2025-10-29,quarterly,0.61,USD,post-market,94932000,-196677000,0.0518,0.278,1.0,4.75,52105000,674029000,674029000,2997000,95.52,128.37,19.6078,3944400000,3876108000,3101380000,4041448000,68292000,940068000,277533000,-97048000,49.22,None,153.86,29.66
2025-12-28,HOOD,2.4,4204000000.0,49.22,None,2.433,9.53,6000000,None,644050000,644050000,9000000,-3000000,None,None,None,None,None,None,1000,850178840,None,93202000,93202000,37587000,None,674029000,660885000,None,None,5444000,17000000,15000000,15000000,None,2.595,0.1,-106930000,-101486000,0.51,2023-12-31,49.75,None,3878000000.0,184331000,-107587000,-1018000,None,None,None,991000,71630000,2997000,None,None,None,None,None,30000000,-106569000,70639000,None,0.518,960000000,291261000,-106930000,2568176000,2389764000,None,27657000,None,None,None,None,None,12.4,25.27,None,None,None,None,None,-3000000,None,0.522,None,56501000,2025-10-29,quarterly,0.61,USD,post-market,94932000,-196677000,0.0518,0.278,1.0,4.75,52105000,674029000,674029000,2997000,95.52,128.37,19.6078,3944400000,3876108000,3101380000,4041448000,68292000,940068000,277533000,-97048000,49.22,None,153.86,29.66
2025-12-28,HOOD,2.4,4204000000.0,49.22,None,2.433,9.53,6000000,None,644050000,644050000,-615000000,-97000000,None,None,None,None,None,None,1000,850178840,None,93202000,93202000,37587000,None,674029000,660885000,None,None,5444000,19000000,None,None,None,2.595,0.1,-106930000,-101486000,0.51,2023-09-30,49.75,None,3878000000.0,184331000,-107587000,-1018000,None,None,None,991000,71630000,2997000,None,None,None,None,None,-85000000,-106569000,70639000,None,0.518,-977000000,291261000,-106930000,2568176000,2389764000,None,27657000,None,None,None,None,None,12.4,25.27,None,None,None,None,None,-608000000,None,0.522,None,56501000,2025-10-29,quarterly,0.61,USD,post-market,94932000,-196677000,0.0518,0.278,1.0,4.75,52105000,674029000,674029000,2997000,95.52,128.37,19.6078,3944400000,3876108000,3101380000,4041448000,68292000,940068000,277533000,-97048000,49.22,None,153.86,29.66
2025-12-28,HOOD,2.4,4204000000.0,49.22,None,2.433,9.53,4000000,None,644050000,644050000,7000000,-1000000,376000000,None,None,None,None,-173000000,1000,850178840,None,93202000,93202000,37587000,None,674029000,660885000,None,None,5444000,15000000,13000000,13000000,None,2.595,0.1,-106930000,-101486000,0.51,2023-06-30,49.75,None,3878000000.0,184331000,-107587000,-1018000,None,None,None,991000,71630000,2997000,None,None,None,None,None,25000000,-106569000,70639000,None,0.518,370000000,291261000,-106930000,2568176000,2389764000,None,27657000,None,None,None,None,None,12.4,25.27,None,None,None,None,None,-3000000,None,0.522,None,56501000,2025-10-29,quarterly,0.61,USD,post-market,94932000,-196677000,0.0518,0.278,1.0,4.75,52105000,674029000,674029000,2997000,95.52,128.37,19.6078,3944400000,3876108000,3101380000,4041448000,68292000,940068000,277533000,-97048000,49.22,None,153.86,29.66
2025-12-28,HOOD,2.4,4204000000.0,49.22,None,2.433,9.53,5000000,None,644050000,644050000,-11000000,-481000000,336000000,None,None,None,None,21000000,1000,850178840,None,93202000,93202000,37587000,None,674029000,660885000,None,None,5444000,20000000,2000000,2000000,None,2.595,0.1,-106930000,-101486000,0.51,2023-03-31,49.75,None,3878000000.0,184331000,-107587000,-1018000,None,None,None,991000,71630000,2997000,None,None,None,None,None,-511000000,-106569000,70639000,None,0.518,828000000,291261000,-106930000,2568176000,2389764000,None,27657000,None,None,None,None,None,12.4,25.27,None,None,None,None,None,-2000000,None,0.522,None,56501000,2025-10-29,quarterly,0.61,USD,post-market,94932000,-196677000,0.0518,0.278,1.0,4.75,52105000,674029000,674029000,2997000,95.52,128.37,19.6078,3944400000,3876108000,3101380000,4041448000,68292000,940068000,277533000,-97048000,49.22,None,153.86,29.66
2025-12-28,HOOD,2.4,4204000000.0,49.22,None,2.433,9.53,10000000,None,644050000,644050000,411000000,11000000,None,None,None,None,None,None,1000,850178840,None,93202000,93202000,37587000,None,674029000,660885000,None,None,5444000,17000000,None,None,None,2.595,0.1,-106930000,-101486000,0.51,2022-12-31,49.75,None,3878000000.0,184331000,-107587000,-1018000,None,None,None,991000,71630000,2997000,None,None,None,None,None,-166000000,-106569000,70639000,None,0.518,181000000,291261000,-106930000,2568176000,2389764000,None,27657000,None,None,None,None,None,12.4,25.27,None,None,None,None,None,-3000000,None,0.522,None,56501000,2025-10-29,quarterly,0.61,USD,post-market,94932000,-196677000,0.0518,0.278,1.0,4.75,52105000,674029000,674029000,2997000,95.52,128.37,19.6078,3944400000,3876108000,3101380000,4041448000,68292000,940068000,277533000,-97048000,49.22,None,153.86,29.66
2025-12-28,HOOD,2.4,4204000000.0,49.22,None,2.433,9.53,14000000,None,644050000,644050000,-1000000,-11000000,-219000000,None,None,None,None,106000000,1000,850178840,None,93202000,93202000,37587000,None,674029000,660885000,None,None,5444000,15000000,2000000,2000000,None,2.595,0.1,-106930000,-101486000,0.51,2022-09-30,49.75,None,3878000000.0,184331000,-107587000,-1018000,None,None,None,991000,71630000,2997000,None,None,None,None,None,-175000000,-106569000,70639000,None,0.518,-207000000,291261000,-106930000,2568176000,2389764000,None,27657000,None,None,None,None,None,12.4,25.27,None,None,None,None,None,-2000000,None,0.522,None,56501000,2025-10-29,quarterly,0.61,USD,post-market,94932000,-196677000,0.0518,0.278,1.0,4.75,52105000,674029000,674029000,2997000,95.52,128.37,19.6078,3944400000,3876108000,3101380000,4041448000,68292000,940068000,277533000,-97048000,49.22,None,153.86,29.66
2025-12-28,HOOD,2.4,4204000000.0,49.22,None,2.433,9.53,12000000,None,644050000,644050000,1000000,-26000000,-1288000000,None,None,None,None,1091000000,1000,850178840,None,93202000,93202000,37587000,None,674029000,660885000,None,None,5444000,17000000,None,None,None,2.595,0.1,-106930000,-101486000,0.51,2022-06-30,49.75,None,3878000000.0,184331000,-107587000,-1018000,None,None,None,991000,71630000,2997000,None,None,None,None,None,-295000000,-106569000,70639000,None,0.518,-1263000000,291261000,-106930000,2568176000,2389764000,None,27657000,None,None,None,None,None,12.4,25.27,None,None,None,None,None,-4000000,None,0.522,None,56501000,2025-10-29,quarterly,0.61,USD,post-market,94932000,-196677000,0.0518,0.278,1.0,4.75,52105000,674029000,674029000,2997000,95.52,128.37,19.6078,3944400000,3876108000,3101380000,4041448000,68292000,940068000,277533000,-97048000,49.22,None,153.86,29.66
2025-12-28,HOOD,2.4,4204000000.0,49.22,None,2.433,9.53,21000000,None,644050000,644050000,-14000000,-34000000,403000000,None,None,None,None,1381000000,1000,850178840,None,93202000,93202000,37587000,None,674029000,660885000,None,None,5444000,12000000,None,None,None,2.595,0.1,-106930000,-101486000,0.51,2022-03-31,49.75,None,3878000000.0,184331000,-107587000,-1018000,None,None,None,991000,71630000,2997000,None,None,None,None,None,-392000000,-106569000,70639000,None,0.518,437000000,291261000,-106930000,2568176000,2389764000,None,27657000,None,None,None,None,None,12.4,25.27,None,None,None,None,None,-3000000,None,0.522,None,56501000,2025-10-29,quarterly,0.61,USD,post-market,94932000,-196677000,0.0518,0.278,1.0,4.75,52105000,674029000,674029000,2997000,95.52,128.37,19.6078,3944400000,3876108000,3101380000,4041448000,68292000,940068000,277533000,-97048000,49.22,None,153.86,29.66
2025-12-28,HOOD,2.4,4204000000.0,49.22,None,2.433,9.53,24927000,None,644050000,644050000,-6092000,-58405000,None,None,258093000,None,None,None,1000,850178840,None,93202000,93202000,37587000,None,674029000,660885000,None,None,5444000,9761000,24508000,24508000,None,2.595,0.1,-106930000,-101486000,0.51,2021-12-31,49.75,None,3878000000.0,184331000,-107587000,-1018000,None,None,None,991000,71630000,2997000,None,None,None,None,None,-423267000,-106569000,70639000,None,0.518,-275632000,291261000,-106930000,2568176000,2389764000,None,27657000,None,None,None,None,None,12.4,25.27,None,None,None,None,None,-5148000,None,0.522,None,56501000,2025-10-29,quarterly,0.61,USD,post-market,94932000,-196677000,0.0518,0.278,1.0,4.75,52105000,674029000,674029000,2997000,95.52,128.37,19.6078,3944400000,3876108000,3101380000,4041448000,68292000,940068000,277533000,-97048000,49.22,None,153.86,29.66
2025-12-28,HOOD,2.4,4204000000.0,49.22,None,2.433,9.53,30864000,None,644050000,644050000,1650848000,-151613000,None,None,-611778000,None,None,None,1000,850178840,None,93202000,93202000,37587000,None,674029000,660885000,None,None,5444000,7040000,None,None,None,2.595,0.1,-106930000,-101486000,0.51,2021-09-30,49.75,None,3878000000.0,184331000,-107587000,-1018000,None,None,None,991000,71630000,2997000,None,None,None,None,None,-1316697000,-106569000,70639000,None,0.518,-1008262000,291261000,-106930000,2568176000,2389764000,None,27657000,None,None,None,None,None,12.4,25.27,None,None,None,None,None,None,None,0.522,None,56501000,2025-10-29,quarterly,0.61,USD,post-market,94932000,-196677000,0.0518,0.278,1.0,4.75,52105000,674029000,674029000,2997000,95.52,128.37,19.6078,3944400000,3876108000,3101380000,4041448000,68292000,940068000,277533000,-97048000,49.22,None,153.86,29.66
2025-12-28,HOOD,2.4,4204000000.0,49.22,None,2.433,9.53,16500000,None,644050000,644050000,1000000,-16500000,None,None,2631990000,None,None,None,1000,850178840,None,93202000,93202000,37587000,None,674029000,660885000,None,None,5444000,4873000,None,None,None,2.595,0.1,-106930000,-101486000,0.51,2021-06-30,49.75,None,3878000000.0,184331000,-107587000,-1018000,None,None,None,991000,71630000,2997000,None,None,None,None,None,-501665000,-106569000,70639000,None,0.518,2281317000,291261000,-106930000,2568176000,2389764000,None,27657000,None,None,None,None,None,12.4,25.27,None,None,None,None,None,None,None,0.522,None,56501000,2025-10-29,quarterly,0.61,USD,post-market,94932000,-196677000,0.0518,0.278,1.0,4.75,52105000,674029000,674029000,2997000,95.52,128.37,19.6078,3944400000,3876108000,3101380000,4041448000,68292000,940068000,277533000,-97048000,49.22,None,153.86,29.66
2025-12-28,HOOD,2.4,4204000000.0,49.22,None,2.433,9.53,11362000,None,644050000,644050000,3557772000,-11362000,None,None,-139799000,None,None,None,1000,850178840,None,93202000,93202000,37587000,None,674029000,660885000,None,None,5444000,3821000,None,None,None,2.595,0.1,-106930000,-101486000,0.51,2021-03-31,49.75,None,3878000000.0,184331000,-107587000,-1018000,None,None,None,991000,71630000,2997000,None,None,None,None,None,-1444803000,-106569000,70639000,None,0.518,-1882196000,291261000,-106930000,2568176000,2389764000,None,27657000,None,None,None,None,None,12.4,25.27,None,None,None,None,None,None,None,0.522,None,56501000,2025-10-29,quarterly,0.61,USD,post-market,94932000,-196677000,0.0518,0.278,1.0,4.75,52105000,674029000,674029000,2997000,95.52,128.37,19.6078,3944400000,3876108000,3101380000,4041448000,68292000,940068000,277533000,-97048000,49.22,None,153.86,29.66
2025-12-28,HOOD,2.4,4204000000.0,49.22,None,2.433,9.53,9040000,None,644050000,644050000,4946000,-9040000,None,None,1619262000,None,None,None,1000,850178840,None,93202000,93202000,37587000,None,674029000,660885000,None,None,5444000,3366000,None,None,None,2.595,0.1,-106930000,-101486000,0.51,2020-12-31,49.75,None,3878000000.0,184331000,-107587000,-1018000,None,None,None,991000,71630000,2997000,None,None,None,None,None,13028000,-106569000,70639000,None,0.518,346706000,291261000,-106930000,2568176000,2389764000,None,27657000,None,None,None,None,None,12.4,25.27,None,None,None,None,None,None,None,0.522,None,56501000,2025-10-29,quarterly,0.61,USD,post-market,94932000,-196677000,0.0518,0.278,1.0,4.75,52105000,674029000,674029000,2997000,95.52,128.37,19.6078,3944400000,3876108000,3101380000,4041448000,68292000,940068000,277533000,-97048000,49.22,None,153.86,29.66
2025-12-28,HOOD,2.4,4204000000.0,49.22,None,2.433,9.53,7028000,None,644050000,644050000,698056000,-7028000,None,None,-1858468000,None,None,None,1000,850178840,None,93202000,93202000,37587000,None,674029000,660885000,None,None,5444000,2659000,None,None,None,2.595,0.1,-106930000,-101486000,0.51,2020-09-30,49.75,None,3878000000.0,184331000,-107587000,-1018000,None,None,None,991000,71630000,2997000,None,None,None,None,None,-10661000,-106569000,70639000,None,0.518,-533615000,291261000,-106930000,2568176000,2389764000,None,27657000,None,None,None,None,None,12.4,25.27,None,None,None,None,None,None,None,0.522,None,56501000,2025-10-29,quarterly,0.61,USD,post-market,94932000,-196677000,0.0518,0.278,1.0,4.75,52105000,674029000,674029000,2997000,95.52,128.37,19.6078,3944400000,3876108000,3101380000,4041448000,68292000,940068000,277533000,-97048000,49.22,None,153.86,29.66
2025-12-28,HOOD,2.4,4204000000.0,49.22,None,2.433,9.53,7824000,None,644050000,644050000,382825000,-7824000,None,None,628085000,None,None,None,1000,850178840,None,93202000,93202000,37587000,None,674029000,660885000,None,None,5444000,2185000,None,None,None,2.595,0.1,-106930000,-101486000,0.51,2020-06-30,49.75,None,3878000000.0,184331000,-107587000,-1018000,None,None,None,991000,71630000,2997000,None,None,None,None,None,57584000,-106569000,70639000,None,0.518,-81532000,291261000,-106930000,2568176000,2389764000,None,27657000,None,None,None,None,None,12.4,25.27,None,None,None,None,None,None,None,0.522,None,56501000,2025-10-29,quarterly,0.61,USD,post-market,94932000,-196677000,0.0518,0.278,1.0,4.75,52105000,674029000,674029000,2997000,95.52,128.37,19.6078,3944400000,3876108000,3101380000,4041448000,68292000,940068000,277533000,-97048000,49.22,None,153.86,29.66
2025-12-28,HOOD,2.4,4204000000.0,49.22,None,2.433,9.53,8438000,None,644050000,644050000,190056000,-8438000,None,None,2234123000,None,None,None,1000,850178840,None,93202000,93202000,37587000,None,674029000,660885000,None,None,5444000,1728000,None,None,None,2.595,0.1,-106930000,-101486000,0.51,2020-03-31,49.75,None,3878000000.0,184331000,-107587000,-1018000,None,None,None,991000,71630000,2997000,None,None,None,None,None,-52502000,-106569000,70639000,None,0.518,2144695000,291261000,-106930000,2568176000,2389764000,None,27657000,None,None,None,None,None,12.4,25.27,None,None,None,None,None,None,None,0.522,None,56501000,2025-10-29,quarterly,0.61,USD,post-market,94932000,-196677000,0.0518,0.278,1.0,4.75,52105000,674029000,674029000,2997000,95.52,128.37,19.6078,3944400000,3876108000,3101380000,4041448000,68292000,940068000,277533000,-97048000,49.22,None,153.86,29.66
2025-12-28,HOOD,2.4,4204000000.0,49.22,None,2.433,9.53,13000000,None,644050000,644050000,-345000000,-148000000,None,None,None,None,None,None,1000,850178840,None,93202000,93202000,37587000,None,674029000,660885000,None,None,5444000,77000000,None,None,None,2.595,0.1,-106930000,-101486000,0.51,2024-12-31,49.75,None,3878000000.0,184331000,-107587000,-1018000,None,None,None,991000,71630000,2997000,None,None,None,None,None,1411000000,-106569000,70639000,None,0.518,-157000000,291261000,-106930000,2568176000,2389764000,None,27657000,None,None,None,None,None,12.4,25.27,None,None,None,None,None,-257000000,None,0.522,None,56501000,2025-10-29,annual,0.61,USD,post-market,94932000,-196677000,0.0518,0.278,1.0,4.75,52105000,674029000,674029000,2997000,95.52,128.37,19.6078,3944400000,3876108000,3101380000,4041448000,68292000,940068000,277533000,-97048000,49.22,None,153.86,29.66
2025-12-28,HOOD,2.4,4204000000.0,49.22,None,2.433,9.53,21000000,None,644050000,644050000,1103000000,None,None,None,None,None,None,None,1000,850178840,None,93202000,93202000,37587000,None,674029000,660885000,None,None,5444000,71000000,None,None,None,2.595,0.1,-106930000,-101486000,0.51,2023-12-31,49.75,None,3878000000.0,184331000,-107587000,-1018000,None,None,None,991000,71630000,2997000,None,None,None,None,None,-541000000,-106569000,70639000,None,0.518,553000000,291261000,-106930000,2568176000,2389764000,None,27657000,None,None,None,None,None,12.4,25.27,None,None,None,None,None,-608000000,None,0.522,None,56501000,2025-10-29,annual,0.61,USD,post-market,94932000,-196677000,0.0518,0.278,1.0,4.75,52105000,674029000,674029000,2997000,95.52,128.37,19.6078,3944400000,3876108000,3101380000,4041448000,68292000,940068000,277533000,-97048000,49.22,None,153.86,29.66
2025-12-28,HOOD,2.4,4204000000.0,49.22,None,2.433,9.53,57000000,None,644050000,644050000,-1817000000,-60000000,None,None,None,None,None,None,1000,850178840,None,93202000,93202000,37587000,None,674029000,660885000,None,None,5444000,61000000,None,None,None,2.595,0.1,-106930000,-101486000,0.51,2022-12-31,49.75,None,3878000000.0,184331000,-107587000,-1018000,None,None,None,991000,71630000,2997000,None,None,None,None,None,-1028000000,-106569000,70639000,None,0.518,-852000000,291261000,-106930000,2568176000,2389764000,None,27657000,None,None,None,None,None,12.4,25.27,None,None,None,None,None,-12000000,None,0.522,None,56501000,2025-10-29,annual,0.61,USD,post-market,94932000,-196677000,0.0518,0.278,1.0,4.75,52105000,674029000,674029000,2997000,95.52,128.37,19.6078,3944400000,3876108000,3101380000,4041448000,68292000,940068000,277533000,-97048000,49.22,None,153.86,29.66
2025-12-28,HOOD,2.4,4204000000.0,49.22,None,2.433,9.53,83653000,None,644050000,644050000,5203421000,-237880000,4080768000,None,2138506000,None,None,-3325697000,1000,850178840,None,93202000,93202000,37587000,None,674029000,660885000,None,None,5444000,25495000,7344000,7344000,None,2.595,0.1,-106930000,-101486000,0.51,2021-12-31,49.75,None,3878000000.0,184331000,-107587000,-1018000,None,None,None,991000,71630000,2997000,None,None,None,None,None,-3686432000,-106569000,70639000,None,0.518,-884773000,291261000,-106930000,2568176000,2389764000,None,27657000,None,None,None,None,None,12.4,25.27,None,None,None,None,None,7344000,None,0.522,None,56501000,2025-10-29,annual,0.61,USD,post-market,94932000,-196677000,0.0518,0.278,1.0,4.75,52105000,674029000,674029000,2997000,95.52,128.37,19.6078,3944400000,3876108000,3101380000,4041448000,68292000,940068000,277533000,-97048000,49.22,None,153.86,29.66
2025-12-28,HOOD,2.4,4204000000.0,49.22,None,2.433,9.53,32330000,None,644050000,644050000,1275883000,-32330000,None,None,4716895000,None,None,None,1000,850178840,None,93202000,93202000,37587000,None,674029000,660885000,None,None,5444000,9938000,None,None,None,2.595,0.1,-106930000,-101486000,0.51,2020-12-31,49.75,None,3878000000.0,184331000,-107587000,-1018000,None,None,None,991000,71630000,2997000,None,None,None,None,None,7449000,-106569000,70639000,None,0.518,1876254000,291261000,-106930000,2568176000,2389764000,None,27657000,None,None,None,None,None,12.4,25.27,None,None,None,None,None,None,None,0.522,None,56501000,2025-10-29,annual,0.61,USD,post-market,94932000,-196677000,0.0518,0.278,1.0,4.75,52105000,674029000,674029000,2997000,95.52,128.37,19.6078,3944400000,3876108000,3101380000,4041448000,68292000,940068000,277533000,-97048000,49.22,None,153.86,29.66
2025-12-28,HOOD,2.4,4204000000.0,49.22,None,2.433,9.53,12453000,None,644050000,644050000,375350000,-12312000,None,None,1468709000,None,None,None,1000,850178840,None,93202000,93202000,37587000,None,674029000,660885000,None,None,5444000,5444000,None,None,None,2.595,0.1,-106930000,-101486000,0.51,2019-12-31,49.75,None,3878000000.0,184331000,-107587000,-1018000,None,None,None,991000,71630000,2997000,None,None,None,None,None,-106569000,-106569000,70639000,None,0.518,1260085000,291261000,-106930000,2568176000,2389764000,None,27657000,None,None,None,None,None,12.4,25.27,None,None,None,None,None,None,None,0.522,None,56501000,2025-10-29,annual,0.61,USD,post-market,94932000,-196677000,0.0518,0.278,1.0,4.75,52105000,674029000,674029000,2997000,95.52,128.37,19.6078,3944400000,3876108000,3101380000,4041448000,68292000,940068000,277533000,-97048000,49.22,None,153.86,29.66
