date,symbol,eps,revenue_ttm,pe_ratio,accumulateddepreciationamortizationppe,beta,book_value,capitalexpenditures,capitalleaseobligations,cashandcashequivalentsatcarryingvalue,cashandshortterminvestments,cashflowfromfinancing,cashflowfrominvestment,changeincashandcashequivalents,changeinexchangerate,changeininventory,changeinoperatingassets,changeinoperatingliabilities,changeinreceivables,commonstock,commonstocksharesoutstanding,comprehensiveincomenetoftax,costofgoodsandservicessold,costofrevenue,currentaccountspayable,currentdebt,currentlongtermdebt,currentnetreceivables,deferredrevenue,depreciation,depreciationandamortization,depreciationdepletionandamortization,dividend_per_share,dividend_yield,dividendpayout,dividendpayoutcommonstock,dividendpayoutpreferredstock,earnings_growth_yoy,earnings_surprise,ebit,ebitda,estimated_eps,fiscaldateending,forward_pe,goodwill,gross_profit_ttm,grossprofit,incomebeforetax,incometaxexpense,intangibleassets,intangibleassetsexcludinggoodwill,interestanddebtexpense,interestexpense,interestincome,inventory,investmentincomenet,investments,longtermdebt,longtermdebtnoncurrent,longterminvestments,netincome,netincomefromcontinuingoperations,netinterestincome,noninterestincome,operating_margin_ttm,operatingcashflow,operatingexpenses,operatingincome,othercurrentassets,othercurrentliabilities,othernoncurrentassets,othernoncurrentliabilities,othernonoperatingincome,paymentsforoperatingactivities,paymentsforrepurchaseofcommonstock,paymentsforrepurchaseofequity,paymentsforrepurchaseofpreferredstock,peg_ratio,price_to_book,price_to_sales_ttm,proceedsfromissuanceofcommonstock,proceedsfromissuanceoflongtermdebtandcapitalsecuritiesnet,proceedsfromissuanceofpreferredstock,proceedsfromoperatingactivities,proceedsfromrepaymentsofshorttermdebt,proceedsfromrepurchaseofequity,proceedsfromsaleoftreasurystock,profit_margin,profitloss,propertyplantequipment,report_date,report_type,reported_eps,reportedcurrency,reporttime,researchanddevelopment,retainedearnings,return_on_assets_ttm,return_on_equity_ttm,revenue_growth_yoy,revenue_per_share_ttm,sellinggeneralandadministrative,shortlongtermdebttotal,shorttermdebt,shortterminvestments,sma_200,sma_50,surprise_pct,totalassets,totalcurrentassets,totalcurrentliabilities,totalliabilities,totalnoncurrentassets,totalnoncurrentliabilities,totalrevenue,totalshareholderequity,trailing_pe,treasurystock,week_52_high,week_52_low
1996-03-31,HSY,,,,,,,,,,,,,,,,,,,,,,,,,,,,,,,,,,,,,,0.0,,,0.19,,,,,,,,,,,,,,,,,,,,,,,,,,,,,,,,,,,,,,,,,,,,,,,,,1996-04-22,,0.19,,pre-market,,,,,,,,,,,,,0.0,,,,,,,,,,,,
1996-06-30,HSY,,,,,,,,,,,,,,,,,,,,,,,,,,,,,,,,,,,,,,0.02,,,0.11,,,,,,,,,,,,,,,,,,,,,,,,,,,,,,,,,,,,,,,,,,,,,,,,,1996-07-23,,0.13,,pre-market,,,,,,,,,,,,,18.1818,,,,,,,,,,,,
1996-09-30,HSY,,,,,,,,,,,,,,,,,,,,,,,,,,,,,,,,,,,,,,0.02,,,0.29,,,,,,,,,,,,,,,,,,,,,,,,,,,,,,,,,,,,,,,,,,,,,,,,,1996-10-18,,0.31,,pre-market,,,,,,,,,,,,,6.8966,,,,,,,,,,,,
1996-12-31,HSY,,,,,,,,,,,,,,,,,,,,,,,,,,,,,,,,,,,,,,-0.01,,,0.38,,,,,,,,,,,,,,,,,,,,,,,,,,,,,,,,,,,,,,,,,,,,,,,,,1997-01-28,,0.37,,pre-market,,,,,,,,,,,,,-2.6316,,,,,,,,,,,,
1997-03-31,HSY,,,,,,,,,,,,,,,,,,,,,,,,,,,,,,,,,,,,,,0.01,,,0.22,,,,,,,,,,,,,,,,,,,,,,,,,,,,,,,,,,,,,,,,,,,,,,,,,1997-04-18,,0.23,,pre-market,,,,,,,,,,,,,4.5455,,,,,,,,,,,,
1997-06-30,HSY,,,,,,,,,,,,,,,,,,,,,,,,,,,,,,,,,,,,,,0.01,,,0.16,,,,,,,,,,,,,,,,,,,,,,,,,,,,,,,,,,,,,,,,,,,,,,,,,1997-07-25,,0.17,,pre-market,,,,,,,,,,,,,6.25,,,,,,,,,,,,
1997-09-30,HSY,,,,,,,,,,,,,,,,,,,,,,,,,,,,,,,,,,,,,,0.01,,,0.33,,,,,,,,,,,,,,,,,,,,,,,,,,,,,,,,,,,,,,,,,,,,,,,,,1997-10-21,,0.34,,pre-market,,,,,,,,,,,,,3.0303,,,,,,,,,,,,
1997-12-31,HSY,,,,,,,,,,,,,,,,,,,,,,,,,,,,,,,,,,,,,,0.0,,,0.4,,,,,,,,,,,,,,,,,,,,,,,,,,,,,,,,,,,,,,,,,,,,,,,,,1998-01-28,,0.4,,pre-market,,,,,,,,,,,,,0.0,,,,,,,,,,,,
1998-03-31,HSY,,,,,,,,,,,,,,,,,,,,,,,,,,,,,,,,,,,,,,0.0,,,0.26,,,,,,,,,,,,,,,,,,,,,,,,,,,,,,,,,,,,,,,,,,,,,,,,,1998-04-24,,0.26,,pre-market,,,,,,,,,,,,,0.0,,,,,,,,,,,,
1998-06-30,HSY,,,,,,,,,,,,,,,,,,,,,,,,,,,,,,,,,,,,,,0.01,,,0.16,,,,,,,,,,,,,,,,,,,,,,,,,,,,,,,,,,,,,,,,,,,,,,,,,1998-07-24,,0.17,,pre-market,,,,,,,,,,,,,6.25,,,,,,,,,,,,
1998-09-30,HSY,,,,,,,,,,,,,,,,,,,,,,,,,,,,,,,,,,,,,,0.0,,,0.37,,,,,,,,,,,,,,,,,,,,,,,,,,,,,,,,,,,,,,,,,,,,,,,,,1998-10-28,,0.37,,pre-market,,,,,,,,,,,,,0.0,,,,,,,,,,,,
1998-12-31,HSY,,,,,,,,,,,,,,,,,,,,,,,,,,,,,,,,,,,,,,-0.04,,,0.42,,,,,,,,,,,,,,,,,,,,,,,,,,,,,,,,,,,,,,,,,,,,,,,,,1999-01-29,,0.38,,pre-market,,,,,,,,,,,,,-9.5238,,,,,,,,,,,,
1999-03-31,HSY,,,,,,,,,,,,,,,,,,,,,,,,,,,,,,,,,,,,,,0.0,,,0.21,,,,,,,,,,,,,,,,,,,,,,,,,,,,,,,,,,,,,,,,,,,,,,,,,1999-04-23,,0.21,,pre-market,,,,,,,,,,,,,0.0,,,,,,,,,,,,
1999-06-30,HSY,,,,,,,,,,,,,,,,,,,,,,,,,,,,,,,,,,,,,,0.03,,,0.15,,,,,,,,,,,,,,,,,,,,,,,,,,,,,,,,,,,,,,,,,,,,,,,,,1999-07-26,,0.18,,pre-market,,,,,,,,,,,,,20.0,,,,,,,,,,,,
1999-09-30,HSY,,,,,,,,,,,,,,,,,,,,,,,,,,,,,,,,,,,,,,0.01,,,0.3,,,,,,,,,,,,,,,,,,,,,,,,,,,,,,,,,,,,,,,,,,,,,,,,,1999-10-25,,0.31,,pre-market,,,,,,,,,,,,,3.3333,,,,,,,,,,,,
1999-12-31,HSY,,,,,,,,,,,,,,,,,,,,,,,,,,,,,,,,,,,,,,0.0,,,0.35,,,,,,,,,,,,,,,,,,,,,,,,,,,,,,,,,,,,,,,,,,,,,,,,,2000-01-31,,0.35,,pre-market,,,,,,,,,,,,,0.0,,,,,,,,,,,,
2000-03-31,HSY,,,,,,,,,,,,,,,,,,,,,,,,,,,,,,,,,,,,,,0.05,,,0.21,,,,,,,,,,,,,,,,,,,,,,,,,,,,,,,,,,,,,,,,,,,,,,,,,2000-04-24,,0.26,,pre-market,,,,,,,,,,,,,23.8095,,,,,,,,,,,,
2000-06-30,HSY,,,,,,,,,,,,,,,,,,,,,,,,,,,,,,,,,,,,,,-0.01,,,0.15,,,,,,,,,,,,,,,,,,,,,,,,,,,,,,,,,,,,,,,,,,,,,,,,,2000-07-26,,0.14,,pre-market,,,,,,,,,,,,,-6.6667,,,,,,,,,,,,
2000-09-30,HSY,,,,,,,,,,,,,,,,,,,,,,,,,,,,,,,,,,,,,,0.01,,,0.38,,,,,,,,,,,,,,,,,,,,,,,,,,,,,,,,,,,,,,,,,,,,,,,,,2000-10-24,,0.39,,pre-market,,,,,,,,,,,,,2.6316,,,,,,,,,,,,
2000-12-31,HSY,,,,,,,,,,,,,,,,,,,,,,,,,,,,,,,,,,,,,,0.01,,,0.41,,,,,,,,,,,,,,,,,,,,,,,,,,,,,,,,,,,,,,,,,,,,,,,,,2001-01-30,,0.42,,pre-market,,,,,,,,,,,,,2.439,,,,,,,,,,,,
2001-03-31,HSY,,,,,,,,,,,,,,,,,,,,,,,,,,,,,,,,,,,,,,0.0,,,0.28,,,,,,,,,,,,,,,,,,,,,,,,,,,,,,,,,,,,,,,,,,,,,,,,,2001-04-20,,0.28,,pre-market,,,,,,,,,,,,,0.0,,,,,,,,,,,,
2001-06-30,HSY,,,,,,,,,,,,,,,,,,,,,,,,,,,,,,,,,,,,,,0.0,,,0.19,,,,,,,,,,,,,,,,,,,,,,,,,,,,,,,,,,,,,,,,,,,,,,,,,2001-07-20,,0.19,,pre-market,,,,,,,,,,,,,0.0,,,,,,,,,,,,
2001-09-30,HSY,,,,,,,,,,,,,,,,,,,,,,,,,,,,,,,,,,,,,,0.01,,,0.43,,,,,,,,,,,,,,,,,,,,,,,,,,,,,,,,,,,,,,,,,,,,,,,,,2001-10-18,,0.44,,pre-market,,,,,,,,,,,,,2.3256,,,,,,,,,,,,
2001-12-31,HSY,,,,,,,,,,,,,,,,,,,,,,,,,,,,,,,,,,,,,,0.01,,,0.45,,,,,,,,,,,,,,,,,,,,,,,,,,,,,,,,,,,,,,,,,,,,,,,,,2002-01-24,,0.46,,pre-market,,,,,,,,,,,,,2.2222,,,,,,,,,,,,
2002-03-31,HSY,,,,,,,,,,,,,,,,,,,,,,,,,,,,,,,,,,,,,,0.01,,,0.33,,,,,,,,,,,,,,,,,,,,,,,,,,,,,,,,,,,,,,,,,,,,,,,,,2002-04-18,,0.34,,pre-market,,,,,,,,,,,,,3.0303,,,,,,,,,,,,
2002-06-30,HSY,,,,,,,,,,,,,,,,,,,,,,,,,,,,,,,,,,,,,,0.02,,,0.22,,,,,,,,,,,,,,,,,,,,,,,,,,,,,,,,,,,,,,,,,,,,,,,,,2002-07-23,,0.24,,pre-market,,,,,,,,,,,,,9.0909,,,,,,,,,,,,
2002-09-30,HSY,,,,,,,,,,,,,,,,,,,,,,,,,,,,,,,,,,,,,,0.02,,,0.49,,,,,,,,,,,,,,,,,,,,,,,,,,,,,,,,,,,,,,,,,,,,,,,,,2002-10-17,,0.51,,pre-market,,,,,,,,,,,,,4.0816,,,,,,,,,,,,
2002-12-31,HSY,,,,,,,,,,,,,,,,,,,,,,,,,,,,,,,,,,,,,,0.0,,,0.51,,,,,,,,,,,,,,,,,,,,,,,,,,,,,,,,,,,,,,,,,,,,,,,,,2003-01-29,,0.51,,pre-market,,,,,,,,,,,,,0.0,,,,,,,,,,,,
2003-03-31,HSY,,,,,,,,,,,,,,,,,,,,,,,,,,,,,,,,,,,,,,0.0,,,0.37,,,,,,,,,,,,,,,,,,,,,,,,,,,,,,,,,,,,,,,,,,,,,,,,,2003-04-17,,0.37,,pre-market,,,,,,,,,,,,,0.0,,,,,,,,,,,,
2003-06-30,HSY,,,,,,,,,,,,,,,,,,,,,,,,,,,,,,,,,,,,,,0.02,,,0.26,,,,,,,,,,,,,,,,,,,,,,,,,,,,,,,,,,,,,,,,,,,,,,,,,2003-07-17,,0.28,,pre-market,,,,,,,,,,,,,7.6923,,,,,,,,,,,,
2003-09-30,HSY,,,,,,,,,,,,,,,,,,,,,,,,,,,,,,,,,,,,,,0.0,,,0.57,,,,,,,,,,,,,,,,,,,,,,,,,,,,,,,,,,,,,,,,,,,,,,,,,2003-10-16,,0.57,,pre-market,,,,,,,,,,,,,0.0,,,,,,,,,,,,
2003-12-31,HSY,,,,,,,,,,,,,,,,,,,,,,,,,,,,,,,,,,,,,,0.01,,,0.57,,,,,,,,,,,,,,,,,,,,,,,,,,,,,,,,,,,,,,,,,,,,,,,,,2004-01-28,,0.58,,pre-market,,,,,,,,,,,,,1.7544,,,,,,,,,,,,
2004-03-31,HSY,,,,,,,,,,,,,,,,,,,,,,,,,,,,,,,,,,,,,,0.0,,,0.41,,,,,,,,,,,,,,,,,,,,,,,,,,,,,,,,,,,,,,,,,,,,,,,,,2004-04-22,,0.41,,pre-market,,,,,,,,,,,,,0.0,,,,,,,,,,,,
2004-06-30,HSY,,,,,,,,,,,,,,,,,,,,,,,,,,,,,,,,,,,,,,-0.02,,,0.35,,,,,,,,,,,,,,,,,,,,,,,,,,,,,,,,,,,,,,,,,,,,,,,,,2004-07-22,,0.33,,pre-market,,,,,,,,,,,,,-5.7143,,,,,,,,,,,,
2004-09-30,HSY,,,,,,,,,,,,,,,,,,,,,,,,,,,,,,,,,,,,,,-0.06,,,0.72,,,,,,,,,,,,,,,,,,,,,,,,,,,,,,,,,,,,,,,,,,,,,,,,,2004-10-21,,0.66,,pre-market,,,,,,,,,,,,,-8.3333,,,,,,,,,,,,
2004-12-31,HSY,,,,,,,,,,,,,,,,,,,,,,,,,,,,,,,,,,,,,,0.02,,,0.66,,,,,,,,,,,,,,,,,,,,,,,,,,,,,,,,,,,,,,,,,,,,,,,,,2005-01-26,,0.68,,pre-market,,,,,,,,,,,,,3.0303,,,,,,,,,,,,
2005-03-31,HSY,,,,,,,,,,,,,,,,,,,,,,,,,,,,,,,,,,,,,,0.01,,,0.46,,,,,,,,,,,,,,,,,,,,,,,,,,,,,,,,,,,,,,,,,,,,,,,,,2005-04-21,,0.47,,post-market,,,,,,,,,,,,,2.1739,,,,,,,,,,,,
2005-06-30,HSY,,,,,,,,,,,,,,,,,,,,,,,,,,,,,,,,,,,,,,0.01,,,0.38,,,,,,,,,,,,,,,,,,,,,,,,,,,,,,,,,,,,,,,,,,,,,,,,,2005-07-21,,0.39,,pre-market,,,,,,,,,,,,,2.6316,,,,,,,,,,,,
2005-09-30,HSY,,,,,,,,,,,,,,,,,,,,,,,,,,,,,,,,,,,,,,0.01,,,0.74,,,,,,,,,,,,,,,,,,,,,,,,,,,,,,,,,,,,,,,,,,,,,,,,,2005-10-20,,0.75,,pre-market,,,,,,,,,,,,,1.3514,,,,,,,,,,,,
2005-12-31,HSY,,,,,,,,,,,,,,,,,,,,,,,,,,,,,,,,,,,,,,0.01,,,0.75,,,,,,,,,,,,,,,,,,,,,,,,,,,,,,,,,,,,,,,,,,,,,,,,,2006-01-25,,0.76,,pre-market,,,,,,,,,,,,,1.3333,,,,,,,,,,,,
2006-03-31,HSY,,,,,,,,,,,,,,,,,,,,,,,,,,,,,,,,,,,,,,-0.01,,,0.51,,,,,,,,,,,,,,,,,,,,,,,,,,,,,,,,,,,,,,,,,,,,,,,,,2006-04-20,,0.5,,pre-market,,,,,,,,,,,,,-1.9608,,,,,,,,,,,,
2006-06-30,HSY,,,,,,,,,,,,,,,,,,,,,,,,,,,,,,,,,,,,,,0.0,,,0.42,,,,,,,,,,,,,,,,,,,,,,,,,,,,,,,,,,,,,,,,,,,,,,,,,2006-07-20,,0.42,,pre-market,,,,,,,,,,,,,0.0,,,,,,,,,,,,
2006-09-30,HSY,,,,,,,,,,,,,,,,,,,,,,,,,,,,,,,,,,,,,,-0.03,,,0.81,,,,,,,,,,,,,,,,,,,,,,,,,,,,,,,,,,,,,,,,,,,,,,,,,2006-10-19,,0.78,,pre-market,,,,,,,,,,,,,-3.7037,,,,,,,,,,,,
2006-12-31,HSY,,,,,,,,,,,,,,,,,,,,,,,,,,,,,,,,,,,,,,-0.04,,,0.71,,,,,,,,,,,,,,,,,,,,,,,,,,,,,,,,,,,,,,,,,,,,,,,,,2007-01-24,,0.67,,pre-market,,,,,,,,,,,,,-5.6338,,,,,,,,,,,,
2007-03-31,HSY,,,,,,,,,,,,,,,,,,,,,,,,,,,,,,,,,,,,,,0.0,,,0.51,,,,,,,,,,,,,,,,,,,,,,,,,,,,,,,,,,,,,,,,,,,,,,,,,2007-04-19,,0.51,,pre-market,,,,,,,,,,,,,0.0,,,,,,,,,,,,
2007-06-30,HSY,,,,,,,,,,,,,,,,,,,,,,,,,,,,,,,,,,,,,,0.0,,,0.35,,,,,,,,,,,,,,,,,,,,,,,,,,,,,,,,,,,,,,,,,,,,,,,,,2007-07-19,,0.35,,pre-market,,,,,,,,,,,,,0.0,,,,,,,,,,,,
2007-09-30,HSY,,,,,,,,,,,,,,,,,,,,,,,,,,,,,,,,,,,,,,-0.03,,,0.71,,,,,,,,,,,,,,,,,,,,,,,,,,,,,,,,,,,,,,,,,,,,,,,,,2007-10-17,,0.68,,post-market,,,,,,,,,,,,,-4.2254,,,,,,,,,,,,
2007-12-31,HSY,,,,,,,,,,,,,,,,,,,,,,,,,,,,,,,,,,,,,,-0.01,,,0.55,,,,,,,,,,,,,,,,,,,,,,,,,,,,,,,,,,,,,,,,,,,,,,,,,2008-01-24,,0.54,,pre-market,,,,,,,,,,,,,-1.8182,,,,,,,,,,,,
2008-03-31,HSY,,,,,,,,,,,,,,,,,,,,,,,,,,,,,,,,,,,,,,-0.02,,,0.39,,,,,,,,,,,,,,,,,,,,,,,,,,,,,,,,,,,,,,,,,,,,,,,,,2008-04-24,,0.37,,pre-market,,,,,,,,,,,,,-5.1282,,,,,,,,,,,,
2008-06-30,HSY,,,,,,,,,,,,,,,,,,,,,,,,,,,,,,,,,,,,,,0.01,,,0.28,,,,,,,,,,,,,,,,,,,,,,,,,,,,,,,,,,,,,,,,,,,,,,,,,2008-07-23,,0.29,,pre-market,,,,,,,,,,,,,3.5714,,,,,,,,,,,,
2008-09-30,HSY,,,,,,,,,,,,,,,,,,,,,,,,,,,,,,,,,,,,,,0.0,,,0.64,,,,,,,,,,,,,,,,,,,,,,,,,,,,,,,,,,,,,,,,,,,,,,,,,2008-10-16,,0.64,,pre-market,,,,,,,,,,,,,0.0,,,,,,,,,,,,
2008-12-31,HSY,,,,,,,,,,,,,,,,,,,,,,,,,,,,,,,,,,,,,,0.05,,,0.54,,,,,,,,,,,,,,,,,,,,,,,,,,,,,,,,,,,,,,,,,,,,,,,,,2009-01-27,,0.59,,pre-market,,,,,,,,,,,,,9.2593,,,,,,,,,,,,
2009-03-31,HSY,,,,,,,,,,,,,,,,,,,,,,,,,,,,,,,,,,,,,,0.03,,,0.35,,,,,,,,,,,,,,,,,,,,,,,,,,,,,,,,,,,,,,,,,,,,,,,,,2009-04-23,,0.38,,pre-market,,,,,,,,,,,,,8.5714,,,,,,,,,,,,
2009-06-30,HSY,,,,,,,,,,,,,,,,,,,,,,,,,,,,,,,,,,,,,,0.08,,,0.35,,,,,,,,,,,,,,,,,,,,,,,,,,,,,,,,,,,,,,,,,,,,,,,,,2009-07-23,,0.43,,pre-market,,,,,,,,,,,,,22.8571,,,,,,,,,,,,
2009-09-30,HSY,,,,,,,,,,,,,,,,,,,,,,,,,,,,,,,,,,,,,,0.06,,,0.67,,,,,,,,,,,,,,,,,,,,,,,,,,,,,,,,,,,,,,,,,,,,,,,,,2009-10-22,,0.73,,pre-market,,,,,,,,,,,,,8.9552,,,,,,,,,,,,
2009-12-31,HSY,,,,,,,,,,,,,,,,,,,,,,,,,,,,,,,,,,,,,,0.03,,,0.6,,,,,,,,,,,,,,,,,,,,,,,,,,,,,,,,,,,,,,,,,,,,,,,,,2010-02-02,,0.63,,pre-market,,,,,,,,,,,,,5.0,,,,,,,,,,,,
2010-03-31,HSY,,,,,,,,,,,,,,,,,,,,,,,,,,,,,,,,,,,,,,0.17,,,0.47,,,,,,,,,,,,,,,,,,,,,,,,,,,,,,,,,,,,,,,,,,,,,,,,,2010-04-22,,0.64,,pre-market,,,,,,,,,,,,,36.1702,,,,,,,,,,,,
2010-06-30,HSY,,,,,,,,,,,,,,,,,,,,,,,,,,,,,,,,,,,,,,0.05,,,0.46,,,,,,,,,,,,,,,,,,,,,,,,,,,,,,,,,,,,,,,,,,,,,,,,,2010-07-22,,0.51,,pre-market,,,,,,,,,,,,,10.8696,,,,,,,,,,,,
2010-09-30,HSY,,,,,,,,,,,,,,,,,,,,,,,,,,,,,,,,,,,,,,0.01,,,0.78,,,,,,,,,,,,,,,,,,,,,,,,,,,,,,,,,,,,,,,,,,,,,,,,,2010-10-21,,0.79,,pre-market,,,,,,,,,,,,,1.2821,,,,,,,,,,,,
2010-12-31,HSY,,,,,,,,,,,,,,,,,,,,,,,,,,,,,,,,,,,,,,0.0,,,0.61,,,,,,,,,,,,,,,,,,,,,,,,,,,,,,,,,,,,,,,,,,,,,,,,,2011-02-02,,0.61,,pre-market,,,,,,,,,,,,,0.0,,,,,,,,,,,,
2011-03-31,HSY,,,,,,,,,,,,,,,,,,,,,,,,,,,,,,,,,,,,,,0.02,,,0.7,,,,,,,,,,,,,,,,,,,,,,,,,,,,,,,,,,,,,,,,,,,,,,,,,2011-04-26,,0.72,,pre-market,,,,,,,,,,,,,2.8571,,,,,,,,,,,,
2011-06-30,HSY,,,,,,,,,,,,,,,,,,,,,,,,,,,,,,,,,,,,,,0.01,,,0.55,,,,,,,,,,,,,,,,,,,,,,,,,,,,,,,,,,,,,,,,,,,,,,,,,2011-07-26,,0.56,,pre-market,,,,,,,,,,,,,1.8182,,,,,,,,,,,,
2011-09-30,HSY,,,,,,,,,,,,,,,,,,,,,,,,,,,,,,,,,,,,,,0.0,,,0.84,,,,,,,,,,,,,,,,,,,,,,,,,,,,,,,,,,,,,,,,,,,,,,,,,2011-10-27,,0.84,,pre-market,,,,,,,,,,,,,0.0,,,,,,,,,,,,
2011-12-31,HSY,,,,,,,,,,,,,,,,,,,,,,,,,,,,,,,,,,,,,,0.0,,,0.7,,,,,,,,,,,,,,,,,,,,,,,,,,,,,,,,,,,,,,,,,,,,,,,,,2012-02-01,,0.7,,pre-market,,,,,,,,,,,,,0.0,,,,,,,,,,,,
2012-03-31,HSY,,,,,,,,,,,,,,,,,,,,,,,,,,,,,,,,,,,,,,0.15,,,0.81,,,,,,,,,,,,,,,,,,,,,,,,,,,,,,,,,,,,,,,,,,,,,,,,,2012-04-24,,0.96,,pre-market,,,,,,,,,,,,,18.5185,,,,,,,,,,,,
2012-06-30,HSY,,,,,,,,,,,,,,,,,,,,,,,,,,,,,,,,,,,,,,0.05,,,0.61,,,,,,,,,,,,,,,,,,,,,,,,,,,,,,,,,,,,,,,,,,,,,,,,,2012-07-26,,0.66,,pre-market,,,,,,,,,,,,,8.1967,,,,,,,,,,,,
2012-09-30,HSY,,,,,,,,,,,,,,,,,,,,,,,,,,,,,,,,,,,,,,0.01,,,0.86,,,,,,,,,,,,,,,,,,,,,,,,,,,,,,,,,,,,,,,,,,,,,,,,,2012-10-25,,0.87,,pre-market,,,,,,,,,,,,,1.1628,,,,,,,,,,,,
2012-12-31,HSY,,,,,,,,,,,,,,,,,,,,,,,,,,,,,,,,,,,,,,-0.02,,,0.76,,,,,,,,,,,,,,,,,,,,,,,,,,,,,,,,,,,,,,,,,,,,,,,,,2013-01-31,,0.74,,pre-market,,,,,,,,,,,,,-2.6316,,,,,,,,,,,,
2013-03-31,HSY,,,,,,,,,,,,,,,,,,,,,,,,,,,,,,,,,,,,,,0.05,,,1.04,,,,,,,,,,,,,,,,,,,,,,,,,,,,,,,,,,,,,,,,,,,,,,,,,2013-04-25,,1.09,,pre-market,,,,,,,,,,,,,4.8077,,,,,,,,,,,,
2013-06-30,HSY,,,,,,,,,,,,,,,,,,,,,,,,,,,,,,,,,,,,,,0.01,,,0.71,,,,,,,,,,,,,,,,,,,,,,,,,,,,,,,,,,,,,,,,,,,,,,,,,2013-07-25,,0.72,,pre-market,,,,,,,,,,,,,1.4085,,,,,,,,,,,,
2013-09-30,HSY,,,,,,,,,,,,,,,,,,,,,,,,,,,,,,,,,,,,,,0.03,,,1.01,,,,,,,,,,,,,,,,,,,,,,,,,,,,,,,,,,,,,,,,,,,,,,,,,2013-10-24,,1.04,,pre-market,,,,,,,,,,,,,2.9703,,,,,,,,,,,,
2013-12-31,HSY,,,,,,,,,,,,,,,,,,,,,,,,,,,,,,,,,,,,,,0.0,,,0.86,,,,,,,,,,,,,,,,,,,,,,,,,,,,,,,,,,,,,,,,,,,,,,,,,2014-01-30,,0.86,,pre-market,,,,,,,,,,,,,0.0,,,,,,,,,,,,
2014-03-31,HSY,,,,,,,,,,,,,,,,,,,,,,,,,,,,,,,,,,,,,,0.01,,,1.14,,,,,,,,,,,,,,,,,,,,,,,,,,,,,,,,,,,,,,,,,,,,,,,,,2014-04-24,,1.15,,pre-market,,,,,,,,,,,,,0.8772,,,,,,,,,,,,
2014-06-30,HSY,,,,,,,,,,,,,,,,,,,,,,,,,,,,,,,,,,,,,,0.0,,,0.76,,,,,,,,,,,,,,,,,,,,,,,,,,,,,,,,,,,,,,,,,,,,,,,,,2014-07-24,,0.76,,pre-market,,,,,,,,,,,,,0.0,,,,,,,,,,,,
2014-09-30,HSY,,,,,,,,,,,,,,,,,,,,,,,,,,,,,,,,,,,,,,-0.03,,,1.08,,,,,,,,,,,,,,,,,,,,,,,,,,,,,,,,,,,,,,,,,,,,,,,,,2014-10-29,,1.05,,pre-market,,,,,,,,,,,,,-2.7778,,,,,,,,,,,,
2014-12-31,HSY,,,,,,,,,,,,,,,,,,,,,,,,,,,,,,,,,,,,,,-0.02,,,1.06,,,,,,,,,,,,,,,,,,,,,,,,,,,,,,,,,,,,,,,,,,,,,,,,,2015-01-29,,1.04,,pre-market,,,,,,,,,,,,,-1.8868,,,,,,,,,,,,
2015-03-31,HSY,,,,,,,,,,,,,,,,,,,,,,,,,,,,,,,,,,,,,,-0.07,,,1.16,,,,,,,,,,,,,,,,,,,,,,,,,,,,,,,,,,,,,,,,,,,,,,,,,2015-04-23,,1.09,,pre-market,,,,,,,,,,,,,-6.0345,,,,,,,,,,,,
2015-06-30,HSY,,,,,,,,,,,,,,,,,,,,,,,,,,,,,,,,,,,,,,0.03,,,0.75,,,,,,,,,,,,,,,,,,,,,,,,,,,,,,,,,,,,,,,,,,,,,,,,,2015-08-07,,0.78,,pre-market,,,,,,,,,,,,,4.0,,,,,,,,,,,,
2015-09-30,HSY,,,,,,,,,,,,,,,,,,,,,,,,,,,,,,,,,,,,,,0.04,,,1.13,,,,,,,,,,,,,,,,,,,,,,,,,,,,,,,,,,,,,,,,,,,,,,,,,2015-10-28,,1.17,,pre-market,,,,,,,,,,,,,3.5398,,,,,,,,,,,,
2015-12-31,HSY,,,,,,,,,,,,,,,,,,,,,,,,,,,,,,,,,,,,,,0.03,,,1.05,,,,,,,,,,,,,,,,,,,,,,,,,,,,,,,,,,,,,,,,,,,,,,,,,2016-01-28,,1.08,,pre-market,,,,,,,,,,,,,2.8571,,,,,,,,,,,,
2016-03-31,HSY,,,,,,,,,,,,,,,,,,,,,,,,,,,,,,,,,,,,,,0.03,,,1.07,,,,,,,,,,,,,,,,,,,,,,,,,,,,,,,,,,,,,,,,,,,,,,,,,2016-04-26,,1.1,,pre-market,,,,,,,,,,,,,2.8037,,,,,,,,,,,,
2016-06-30,HSY,,,,,,,,,,,,,,,,,,,,,,,,,,,,,,,,,,,,,,0.07,,,0.78,,,,,,,,,,,,,,,,,,,,,,,,,,,,,,,,,,,,,,,,,,,,,,,,,2016-07-28,,0.85,,pre-market,,,,,,,,,,,,,8.9744,,,,,,,,,,,,
2016-09-30,HSY,,,,,,,,,,,,,,,,,,,,,,,,,,,,,,,,,,,,,,0.11,,,1.18,,,,,,,,,,,,,,,,,,,,,,,,,,,,,,,,,,,,,,,,,,,,,,,,,2016-10-28,,1.29,,pre-market,,,,,,,,,,,,,9.322,,,,,,,,,,,,
2016-12-31,HSY,,,,,,,,,,,,,,,,,,,,,,,,,,,,,,,,,,,,,,0.09,,,1.08,,,,,,,,,,,,,,,,,,,,,,,,,,,,,,,,,,,,,,,,,,,,,,,,,2017-02-03,,1.17,,pre-market,,,,,,,,,,,,,8.3333,,,,,,,,,,,,
2017-03-31,HSY,,,,,,,,,,,,,,,,,,,,,,,,,,,,,,,,,,,,,,0.06,,,1.25,,,,,,,,,,,,,,,,,,,,,,,,,,,,,,,,,,,,,,,,,,,,,,,,,2017-04-26,,1.31,,pre-market,,,,,,,,,,,,,4.8,,,,,,,,,,,,
2017-06-30,HSY,,,,,,,,,,,,,,,,,,,,,,,,,,,,,,,,,,,,,,0.19,,,0.9,,,,,,,,,,,,,,,,,,,,,,,,,,,,,,,,,,,,,,,,,,,,,,,,,2017-07-26,,1.09,,pre-market,,,,,,,,,,,,,21.1111,,,,,,,,,,,,
2017-09-30,HSY,,,,,,,,,,,,,,,,,,,,,,,,,,,,,,,,,,,,,,0.04,,,1.29,,,,,,,,,,,,,,,,,,,,,,,,,,,,,,,,,,,,,,,,,,,,,,,,,2017-10-26,,1.33,,pre-market,,,,,,,,,,,,,3.1008,,,,,,,,,,,,
2017-12-31,HSY,,,,,,,,,,,,,,,,,,,,,,,,,,,,,,,,,,,,,,-0.04,,,1.07,,,,,,,,,,,,,,,,,,,,,,,,,,,,,,,,,,,,,,,,,,,,,,,,,2018-02-01,,1.03,,pre-market,,,,,,,,,,,,,-3.7383,,,,,,,,,,,,
2018-03-31,HSY,,,,,,,,,,,,,,,,,,,,,,,,,,,,,,,,,,,,,,0.01,,,1.4,,,,,,,,,,,,,,,,,,,,,,,,,,,,,,,,,,,,,,,,,,,,,,,,,2018-04-26,,1.41,,pre-market,,,,,,,,,,,,,0.7143,,,,,,,,,,,,
2018-06-30,HSY,,,,,,,,,,,,,,,,,,,,,,,,,,,,,,,,,,,,,,0.04,,,1.1,,,,,,,,,,,,,,,,,,,,,,,,,,,,,,,,,,,,,,,,,,,,,,,,,2018-07-26,,1.14,,pre-market,,,,,,,,,,,,,3.6364,,,,,,,,,,,,
2018-09-30,HSY,,,,,,,,,,,,,,,,,,,,,,,,,,,,,,,,,,,,,,0.0,,,1.55,,,,,,,,,,,,,,,,,,,,,,,,,,,,,,,,,,,,,,,,,,,,,,,,,2018-10-25,,1.55,,pre-market,,,,,,,,,,,,,0.0,,,,,,,,,,,,
2018-12-31,HSY,,,,,,,,,,,,,,,,,,,,,,,,,,,,,,,,,,,,,,-0.01,,,1.27,,,,,,,,,,,,,,,,,,,,,,,,,,,,,,,,,,,,,,,,,,,,,,,,,2019-01-31,,1.26,,pre-market,,,,,,,,,,,,,-0.7874,,,,,,,,,,,,
2019-03-31,HSY,,,,,,,,,,,,,,,,,,,,,,,,,,,,,,,,,,,,,,0.13,,,1.46,,,,,,,,,,,,,,,,,,,,,,,,,,,,,,,,,,,,,,,,,,,,,,,,,2019-04-25,,1.59,,pre-market,,,,,,,,,,,,,8.9041,,,,,,,,,,,,
2019-06-30,HSY,,,,,,,,,,,,,,,,,,,,,,,,,,,,,,,,,,,,,,0.14,,,1.17,,,,,,,,,,,,,,,,,,,,,,,,,,,,,,,,,,,,,,,,,,,,,,,,,2019-07-25,,1.31,,pre-market,,,,,,,,,,,,,11.9658,,,,,,,,,,,,
2019-09-30,HSY,,,,,,,,,,,,,,,,,,,,,,,,,,,,,,,,,,,,,,0.01,,,1.6,,,,,,,,,,,,,,,,,,,,,,,,,,,,,,,,,,,,,,,,,,,,,,,,,2019-10-24,,1.61,,pre-market,,,,,,,,,,,,,0.625,,,,,,,,,,,,
2019-12-31,HSY,,,,,,,,,,,,,,,,,,,,,,,,,,,,,,,,,,,,,,0.04,,,1.24,,,,,,,,,,,,,,,,,,,,,,,,,,,,,,,,,,,,,,,,,,,,,,,,,2020-01-30,,1.28,,pre-market,,,,,,,,,,,,,3.2258,,,,,,,,,,,,
2020-03-31,HSY,,,,,,,,,,,,,,,,,,,,,,,,,,,,,,,,,,,,,,-0.08,,,1.71,,,,,,,,,,,,,,,,,,,,,,,,,,,,,,,,,,,,,,,,,,,,,,,,,2020-04-23,,1.63,,pre-market,,,,,,,,,,,,,-4.6784,,,,,,,,,,,,
2020-06-30,HSY,,,,,,,,,,,,,,,,,,,,,,,,,,,,,,,,,,,,,,0.18,,,1.13,,,,,,,,,,,,,,,,,,,,,,,,,,,,,,,,,,,,,,,,,,,,,,,,,2020-07-23,,1.31,,pre-market,,,,,,,,,,,,,15.9292,,,,,,,,,,,,
2020-09-30,HSY,,,,,,,,,,,,,,,,,,,,,,,,,,,,,,,,,,,,,,0.14,,,1.72,,,,,,,,,,,,,,,,,,,,,,,,,,,,,,,,,,,,,,,,,,,,,,,,,2020-11-06,,1.86,,pre-market,,,,,,,,,,,,,8.1395,,,,,,,,,,,,
2020-12-31,HSY,,,,,,,,,,,,,,,,,,,,,,,,,,,,,,,,,,,,,,0.06,,,1.43,,,,,,,,,,,,,,,,,,,,,,,,,,,,,,,,,,,,,,,,,,,,,,,,,2021-02-04,,1.49,,pre-market,,,,,,,,,,,,,4.1958,,,,,,,,,,,,
2021-03-31,HSY,,,,,,,,,,,,,,,,,,,,,,,,,,,,,,,,,,,,,,0.12,,,1.8,,,,,,,,,,,,,,,,,,,,,,,,,,,,,,,,,,,,,,,,,,,,,,,,,2021-04-29,,1.92,,pre-market,,,,,,,,,,,,,6.6667,,,,,,,,,,,,
2021-06-30,HSY,,,,,,,,,,,,,,,,,,,,,,,,,,,,,,,,,,,,,,0.05,,,1.42,,,,,,,,,,,,,,,,,,,,,,,,,,,,,,,,,,,,,,,,,,,,,,,,,2021-07-29,,1.47,,pre-market,,,,,,,,,,,,,3.5211,,,,,,,,,,,,
2021-09-30,HSY,,,,,,,,,,,,,,,,,,,,,,,,,,,,,,,,,,,,,,0.1,,,2.0,,,,,,,,,,,,,,,,,,,,,,,,,,,,,,,,,,,,,,,,,,,,,,,,,2021-10-28,,2.1,,pre-market,,,,,,,,,,,,,5.0,,,,,,,,,,,,
2021-12-31,HSY,,,,,,,,,,,,,,,,,,,,,,,,,,,,,,,,,,,,,,0.08,,,1.61,,,,,,,,,,,,,,,,,,,,,,,,,,,,,,,,,,,,,,,,,,,,,,,,,2022-02-03,,1.69,,pre-market,,,,,,,,,,,,,4.9689,,,,,,,,,,,,
2022-03-31,HSY,,,,,,,,,,,,,,,,,,,,,,,,,,,,,,,,,,,,,,0.43,,,2.1,,,,,,,,,,,,,,,,,,,,,,,,,,,,,,,,,,,,,,,,,,,,,,,,,2022-04-28,,2.53,,pre-market,,,,,,,,,,,,,20.4762,,,,,,,,,,,,
2022-06-30,HSY,,,,,,,,,,,,,,,,,,,,,,,,,,,,,,,,,,,,,,0.12,,,1.68,,,,,,,,,,,,,,,,,,,,,,,,,,,,,,,,,,,,,,,,,,,,,,,,,2022-07-28,,1.8,,pre-market,,,,,,,,,,,,,7.1429,,,,,,,,,,,,
2022-09-30,HSY,,,,,,,,,,,,,,,,,,,,,,,,,,,,,,,,,,,,,,0.07,,,2.1,,,,,,,,,,,,,,,,,,,,,,,,,,,,,,,,,,,,,,,,,,,,,,,,,2022-11-04,,2.17,,pre-market,,,,,,,,,,,,,3.3333,,,,,,,,,,,,
2022-12-31,HSY,,,,,,,,,,,,,,,,,,,,,,,,,,,,,,,,,,,,,,0.25,,,1.77,,,,,,,,,,,,,,,,,,,,,,,,,,,,,,,,,,,,,,,,,,,,,,,,,2023-02-02,,2.02,,pre-market,,,,,,,,,,,,,14.1243,,,,,,,,,,,,
2023-03-31,HSY,,,,,,,,,,,,,,,,,,,,,,,,,,,,,,,,,,,,,,0.29,,,2.67,,,,,,,,,,,,,,,,,,,,,,,,,,,,,,,,,,,,,,,,,,,,,,,,,2023-04-27,,2.96,,pre-market,,,,,,,,,,,,,10.8614,,,,,,,,,,,,
2023-06-30,HSY,,,,,,,,,,,,,,,,,,,,,,,,,,,,,,,,,,,,,,0.1,,,1.91,,,,,,,,,,,,,,,,,,,,,,,,,,,,,,,,,,,,,,,,,,,,,,,,,2023-07-27,,2.01,,pre-market,,,,,,,,,,,,,5.2356,,,,,,,,,,,,
2023-09-30,HSY,,,,,,,,,,,,,,,,,,,,,,,,,,,,,,,,,,,,,,0.15,,,2.45,,,,,,,,,,,,,,,,,,,,,,,,,,,,,,,,,,,,,,,,,,,,,,,,,2023-10-26,,2.6,,pre-market,,,,,,,,,,,,,6.1224,,,,,,,,,,,,
2023-12-31,HSY,,,,,,,,,,,,,,,,,,,,,,,,,,,,,,,,,,,,,,0.06,,,1.96,,,,,,,,,,,,,,,,,,,,,,,,,,,,,,,,,,,,,,,,,,,,,,,,,2024-02-08,,2.02,,pre-market,,,,,,,,,,,,,3.0612,,,,,,,,,,,,
2024-03-31,HSY,,,,,,,,,,,,,,,,,,,,,,,,,,,,,,,,,,,,,,0.31,,,2.76,,,,,,,,,,,,,,,,,,,,,,,,,,,,,,,,,,,,,,,,,,,,,,,,,2024-05-03,,3.07,,pre-market,,,,,,,,,,,,,11.2319,,,,,,,,,,,,
2024-06-30,HSY,,,,,,,,,,,,,,,,,,,,,,,,,,,,,,,,,,,,,,-0.18,,,1.45,,,,,,,,,,,,,,,,,,,,,,,,,,,,,,,,,,,,,,,,,,,,,,,,,2024-08-01,,1.27,,pre-market,,,,,,,,,,,,,-12.4138,,,,,,,,,,,,
2024-09-30,HSY,,,,,,,,,,,,,,,,,,,,,,,,,,,,,,,,,,,,,,-0.21,,,2.55,,,,,,,,,,,,,,,,,,,,,,,,,,,,,,,,,,,,,,,,,,,,,,,,,2024-11-07,,2.34,,pre-market,,,,,,,,,,,,,-8.2353,,,,,,,,,,,,
2024-12-31,HSY,,,,,,,,,,,,,,,,,,,,,,,,,,,,,,,,,,,,,,0.31,,,2.38,,,,,,,,,,,,,,,,,,,,,,,,,,,,,,,,,,,,,,,,,,,,,,,,,2025-02-06,,2.69,,pre-market,,,,,,,,,,,,,13.0252,,,,,,,,,,,,
2025-03-31,HSY,,,,,,,,,,,,,,,,,,,,,,,,,,,,,,,,,,,,,,0.16,,,1.93,,,,,,,,,,,,,,,,,,,,,,,,,,,,,,,,,,,,,,,,,,,,,,,,,2025-05-01,,2.09,,pre-market,,,,,,,,,,,,,8.2902,,,,,,,,,,,,
2025-06-30,HSY,,,,,,,,,,,,,,,,,,,,,,,,,,,,,,,,,,,,,,0.21,,,1.0,,,,,,,,,,,,,,,,,,,,,,,,,,,,,,,,,,,,,,,,,,,,,,,,,2025-07-30,,1.21,,pre-market,,,,,,,,,,,,,21.0,,,,,,,,,,,,
2025-09-30,HSY,,,,,,,,,,,,,,,,,,,,,,,,,,,,,,,,,,,,,,0.24,,,1.06,,,,,,,,,,,,,,,,,,,,,,,,,,,,,,,,,,,,,,,,,,,,,,,,,2025-10-30,,1.3,,pre-market,,,,,,,,,,,,,22.6415,,,,,,,,,,,,
2025-12-28,HSY,6.69,11489095000.0,27.53,,0.177,22.51,,,,,,,,,,,,,,,,,,,,,,,,,,5.48,0.0297,,,,-0.382,0.24,,,1.06,,27.62,,4334866000.0,,,,,,,,,,,,,,,,,,,0.135,,,,,,,,,,,,,48.57,8.21,3.251,,,,,,,,0.118,,,2025-10-30,,1.3,,pre-market,,,0.0933,0.31,0.065,56.66,,,,,175.93,180.99,22.6415,,,,,,,,,27.53,,195.98,135.68
2025-12-28,HSY,6.69,11489095000.0,27.53,,0.177,22.51,,,,,,,,,,,,,,,None,2176829000,2176829000,,,,,,None,127784000,,5.48,0.0297,,,,-0.382,0.24,423384000,551168000,1.06,2025-09-30,27.62,,4334866000.0,1004589000,371910000,95590000,,,None,51474000,7725000,,None,,,,,276320000,276320000,-51474000,None,0.135,,594579000,410010000,,,,,None,,,,,48.57,8.21,3.251,,,,,,,,0.118,,,2025-10-30,quarterly,1.3,USD,pre-market,None,,0.0933,0.31,0.065,56.66,600540000,,,,175.93,180.99,22.6415,,,,,,,3181418000,,27.53,,195.98,135.68
2025-12-28,HSY,6.69,11489095000.0,27.53,,0.177,22.51,,,,,,,,,,,,,,,None,1818445000,1818445000,,,,,,None,123833000,,5.48,0.0297,,,,-0.382,0.24,206391000,330224000,1.06,2025-06-30,27.62,,4334866000.0,796273000,149112000,86393000,,,None,57279000,11244000,,None,,,,,62719000,62719000,-46035000,None,0.135,,603462000,192811000,,,,,None,,,,,48.57,8.21,3.251,,,,,,,,0.118,,,2025-10-30,quarterly,1.3,USD,pre-market,None,,0.0933,0.31,0.065,56.66,559992000,,,,175.93,180.99,22.6415,,,,,,,2614718000,,27.53,,195.98,135.68
2025-12-28,HSY,6.69,11489095000.0,27.53,,0.177,22.51,,,,,,,,,,,,,,,None,1861152000,1861152000,,,,,,None,119564000,,5.48,0.0297,,,,-0.382,0.24,374261000,493825000,1.06,2025-03-31,27.62,,4334866000.0,944267000,323654000,99451000,,,None,50607000,5985000,,None,,,,,224203000,224203000,-44622000,None,0.135,,575046000,369221000,,,,,None,,,,,48.57,8.21,3.251,,,,,,,,0.118,,,2025-10-30,quarterly,1.3,USD,pre-market,None,,0.0933,0.31,0.065,56.66,559992000,,,,175.93,180.99,22.6415,,,,,,,2805419000,,27.53,,195.98,135.68
2025-12-28,HSY,6.69,11489095000.0,27.53,,0.177,22.51,,,,,,,,,,,,,,,None,1329197000,1329197000,,,,,,None,123815000,,5.48,0.0297,,,,-0.382,0.24,764895000,888710000,1.06,2024-12-31,27.62,,4334866000.0,1558343000,723057000,-73534000,,,None,41838000,1694000,,None,,,,,796591000,796591000,-40144000,None,0.135,,619196000,939147000,,,,,None,,,,,48.57,8.21,3.251,,,,,,,,0.118,,,2025-10-30,quarterly,1.3,USD,pre-market,55798000,,0.0933,0.31,0.065,56.66,-37433000,,,,175.93,180.99,22.6415,,,,,,,2887540000,,27.53,,195.98,135.68
2025-12-28,HSY,6.69,11489095000.0,27.53,,0.177,22.51,,,,,,,,,,,,,,,None,1754775000,1754775000,,,,,,None,113255000,,5.48,0.0297,,,,-0.382,0.24,565310000,678565000,1.06,2024-09-30,27.62,,4334866000.0,1232719000,518747000,72446000,,,None,46563000,2247000,,None,,,,,446301000,446301000,-44316000,None,0.135,,619555000,613164000,,,,,None,,,,,48.57,8.21,3.251,,,,,,,,0.118,,,2025-10-30,quarterly,1.3,USD,pre-market,None,,0.0933,0.31,0.065,56.66,539923000,,,,175.93,180.99,22.6415,,,,,,,2987494000,,27.53,,195.98,135.68
2025-12-28,HSY,6.69,11489095000.0,27.53,,0.177,22.51,,,,,,,,,,,,,,,None,1240735000,1240735000,,,,,,None,110421000,,5.48,0.0297,,,,-0.382,0.24,290182000,400603000,1.06,2024-06-30,27.62,,4334866000.0,833745000,245874000,64980000,,,None,44308000,2935000,,None,,,,,180894000,180894000,-41373000,None,0.135,,545924000,287821000,,,,,None,,,,,48.57,8.21,3.251,,,,,,,,0.118,,,2025-10-30,quarterly,1.3,USD,pre-market,None,,0.0933,0.31,0.065,56.66,541584000,,,,175.93,180.99,22.6415,,,,,,,2074480000,,27.53,,195.98,135.68
2025-12-28,HSY,6.69,11489095000.0,27.53,,0.177,22.51,,,,,,,,,,,,,,,None,1576668000,1576668000,,,,,,None,107764000,,5.48,0.0297,,,,-0.382,0.24,1027866000,1135630000,1.06,2024-03-31,27.62,,4334866000.0,1676081000,986258000,188805000,,,None,41608000,1786000,,None,,,,,797453000,797453000,-39822000,None,0.135,,617981000,1058100000,,,,,None,,,,,48.57,8.21,3.251,,,,,,,,0.118,,,2025-10-30,quarterly,1.3,USD,pre-market,None,,0.0933,0.31,0.065,56.66,618619000,,,,175.93,180.99,22.6415,,,,,,,3252749000,,27.53,,195.98,135.68
2025-12-28,HSY,6.69,11489095000.0,27.53,,0.177,22.51,,,,,,,,,,,,,,,None,1533969000,1533969000,,,,,,None,116719000,,5.48,0.0297,,,,-0.382,0.24,359731000,476450000,1.06,2023-12-31,27.62,,4334866000.0,1123142000,319675000,-29367000,,,None,40056000,2372000,,None,,,,,349042000,349042000,-37684000,None,0.135,,658813000,464329000,,,,,None,,,,,48.57,8.21,3.251,,,,,,,,0.118,,,2025-10-30,quarterly,1.3,USD,pre-market,50030000,,0.0933,0.31,0.065,56.66,686823000,,,,175.93,180.99,22.6415,,,,,,,2657111000,,27.53,,195.98,135.68
2025-12-28,HSY,6.69,11489095000.0,27.53,,0.177,22.51,,,,,,,,,,,,,,,None,1669734000,1669734000,,,,,,None,103309000,,5.48,0.0297,,,,-0.382,0.24,695257000,798566000,1.06,2023-09-30,27.62,,4334866000.0,1360253000,653413000,134836000,,,None,41844000,2089000,,None,,,,,518577000,518577000,-39755000,None,0.135,,624304000,735949000,,,,,None,,,,,48.57,8.21,3.251,,,,,,,,0.118,,,2025-10-30,quarterly,1.3,USD,pre-market,None,,0.0933,0.31,0.065,56.66,624304000,,,,175.93,180.99,22.6415,,,,,,,3029987000,,27.53,,195.98,135.68
2025-12-28,HSY,6.69,11489095000.0,27.53,,0.177,22.51,,,,,,,,,,,,,,,None,1358181000,1358181000,,,,,,None,101588000,,5.48,0.0297,,,,-0.382,0.24,479692000,581280000,1.06,2023-06-30,27.62,,4334866000.0,1132099000,439520000,32537000,,,None,40172000,36661000,,None,,,,,406983000,406983000,-36661000,None,0.135,,571434000,560665000,,,,,-84484000,,,,,48.57,8.21,3.251,,,,,,,,0.118,,,2025-10-30,quarterly,1.3,USD,pre-market,None,,0.0933,0.31,0.065,56.66,579465000,,,,175.93,180.99,22.6415,,,,,,,2490280000,,27.53,,195.98,135.68
2025-12-28,HSY,6.69,11489095000.0,27.53,,0.177,22.51,,,,,,,,,,,,,,,None,1605292000,1605292000,,,,,,None,98199000,,5.48,0.0297,,,,-0.382,0.24,798695000,896894000,1.06,2023-03-31,27.62,,4334866000.0,1382322000,759256000,172071000,,,None,39439000,37685000,,None,,,,,587185000,587185000,-37685000,None,0.135,,582398000,799924000,,,,,-2983000,,,,,48.57,8.21,3.251,,,,,,,,0.118,,,2025-10-30,quarterly,1.3,USD,pre-market,None,,0.0933,0.31,0.065,56.66,584798000,,,,175.93,180.99,22.6415,,,,,,,2987614000,,27.53,,195.98,135.68
2025-12-28,HSY,6.69,11489095000.0,27.53,,0.177,22.51,,,,,,,,,,,,,,,None,1507532000,1507532000,,,,,,None,99877000,,5.48,0.0297,,,,-0.382,0.24,399846000,499723000,1.06,2022-12-31,27.62,,4334866000.0,1144806000,363122000,-33174000,,,None,36724000,35587000,,None,,,,,396296000,396296000,-35587000,None,0.135,,618160000,526646000,,,,,-127937000,,,,,48.57,8.21,3.251,,,,,,,,0.118,,,2025-10-30,quarterly,1.3,USD,pre-market,46943000,,0.0933,0.31,0.065,56.66,64972000,,,,175.93,180.99,22.6415,,,,,,,2652338000,,27.53,,195.98,135.68
2025-12-28,HSY,6.69,11489095000.0,27.53,,0.177,22.51,,,,,,,,,,,,,,,None,1619653000,1619653000,,,,,,None,94200000,,5.48,0.0297,,,,-0.382,0.24,509118000,603318000,1.06,2022-09-30,27.62,,4334866000.0,1108500000,473085000,73598000,,,None,36033000,655000,,None,,,,,399487000,399487000,-35378000,None,0.135,,551880000,556620000,,,,,-48157000,,,,,48.57,8.21,3.251,,,,,,,,0.118,,,2025-10-30,quarterly,1.3,USD,pre-market,None,,0.0933,0.31,0.065,56.66,551880000,,,,175.93,180.99,22.6415,,,,,,,2728153000,,27.53,,195.98,135.68
2025-12-28,HSY,6.69,11489095000.0,27.53,,0.177,22.51,,,,,,,,,,,,,,,None,1372583000,1372583000,,,,,,None,93846000,,5.48,0.0297,,,,-0.382,0.24,437262000,531108000,1.06,2022-06-30,27.62,,4334866000.0,999999000,403460000,87904000,,,None,33802000,389000,,None,,,,,315556000,315556000,-33413000,None,0.135,,543468000,456531000,,,,,-19658000,,,,,48.57,8.21,3.251,,,,,,,,0.118,,,2025-10-30,quarterly,1.3,USD,pre-market,None,,0.0933,0.31,0.065,56.66,543468000,,,,175.93,180.99,22.6415,,,,,,,2372582000,,27.53,,195.98,135.68
2025-12-28,HSY,6.69,11489095000.0,27.53,,0.177,22.51,,,,,,,,,,,,,,,None,1420741000,1420741000,,,,,,None,91036000,,5.48,0.0297,,,,-0.382,0.24,710940000,801976000,1.06,2022-03-31,27.62,,4334866000.0,1245480000,677404000,143926000,,,None,33536000,357000,,None,,,,,533478000,533478000,-33179000,None,0.135,,524490000,720990000,,,,,-10407000,,,,,48.57,8.21,3.251,,,,,,,,0.118,,,2025-10-30,quarterly,1.3,USD,pre-market,None,,0.0933,0.31,0.065,56.66,524216000,,,,175.93,180.99,22.6415,,,,,,,2666221000,,27.53,,195.98,135.68
2025-12-28,HSY,6.69,11489095000.0,27.53,,0.177,22.51,,,,,,,,,,,,,,,None,1313261000,1313261000,,,,,,None,83049000,,5.48,0.0297,,,,-0.382,0.24,373371000,456420000,1.06,2021-12-31,27.62,,4334866000.0,1012867000,342941000,3150000,,,None,30430000,29762000,,None,,,,,335556000,339791000,-29762000,None,0.135,,553695000,459172000,,,,,-86469000,,,,,48.57,8.21,3.251,,,,,,,,0.118,,,2025-10-30,quarterly,1.3,USD,pre-market,40107000,,0.0933,0.31,0.065,56.66,41120000,,,,175.93,180.99,22.6415,,,,,,,2326128000,,27.53,,195.98,135.68
2025-12-28,HSY,6.69,11489095000.0,27.53,,0.177,22.51,,,,,,,,,,,,,,,None,1298504000,1298504000,,,,,,None,78024000,,5.48,0.0297,,,,-0.382,0.24,552359000,630383000,1.06,2021-09-30,27.62,,4334866000.0,1061335000,521673000,76746000,,,None,30686000,532000,,None,,,,,444927000,444927000,-30154000,None,0.135,,486504000,574831000,,,,,-23004000,,,,,48.57,8.21,3.251,,,,,,,,0.118,,,2025-10-30,quarterly,1.3,USD,pre-market,None,,0.0933,0.31,0.065,56.66,486139000,,,,175.93,180.99,22.6415,,,,,,,2359839000,,27.53,,195.98,135.68
2025-12-28,HSY,6.69,11489095000.0,27.53,,0.177,22.51,,,,,,,,,,,,,,,None,1063977000,1063977000,,,,,,None,76032000,,5.48,0.0297,,,,-0.382,0.24,450100000,526132000,1.06,2021-06-30,27.62,,4334866000.0,925445000,418416000,117186000,,,None,31684000,619000,,None,,,,,301230000,301230000,-31065000,None,0.135,,468770000,456675000,,,,,-7194000,,,,,48.57,8.21,3.251,,,,,,,,0.118,,,2025-10-30,quarterly,1.3,USD,pre-market,None,,0.0933,0.31,0.065,56.66,467629000,,,,175.93,180.99,22.6415,,,,,,,1989422000,,27.53,,195.98,135.68
2025-12-28,HSY,6.69,11489095000.0,27.53,,0.177,22.51,,,,,,,,,,,,,,,None,1246997000,1246997000,,,,,,None,77897000,,5.48,0.0297,,,,-0.382,0.24,551240000,629137000,1.06,2021-03-31,27.62,,4334866000.0,1048951000,514194000,117323000,,,None,37046000,610000,,None,,,,,395799000,396871000,-36436000,None,0.135,,495907000,553044000,,,,,-2414000,,,,,48.57,8.21,3.251,,,,,,,,0.118,,,2025-10-30,quarterly,1.3,USD,pre-market,None,,0.0933,0.31,0.065,56.66,494665000,,,,175.93,180.99,22.6415,,,,,,,2295948000,,27.53,,195.98,135.68
2025-12-28,HSY,6.69,11489095000.0,27.53,,0.177,22.51,,,,,,,,,,,,,,,None,1223173000,1223173000,,,,,,None,77218000,,5.48,0.0297,,,,-0.382,0.24,302120000,379338000,1.06,2020-12-31,27.62,,4334866000.0,962071000,263400000,-27930000,,,None,38720000,37782000,,None,,,,,291387000,291330000,-37782000,None,0.135,,556956000,405115000,,,,,-103933000,,,,,48.57,8.21,3.251,,,,,,,,0.118,,,2025-10-30,quarterly,1.3,USD,pre-market,37577000,,0.0933,0.31,0.065,56.66,21042000,,,,175.93,180.99,22.6415,,,,,,,2185244000,,27.53,,195.98,135.68
2025-12-28,HSY,6.69,11489095000.0,27.53,,0.177,22.51,,,,,,,,,,,,,,,None,1139805000,1139805000,,,,,,None,75165000,,5.48,0.0297,,,,-0.382,0.24,600564000,675729000,1.06,2020-09-30,27.62,,4334866000.0,1080024000,562508000,115250000,,,None,38056000,37258000,,None,,,,,447283000,447258000,-37258000,None,0.135,,468614000,611410000,,,,,-11644000,,,,,48.57,8.21,3.251,,,,,,,,0.118,,,2025-10-30,quarterly,1.3,USD,pre-market,None,,0.0933,0.31,0.065,56.66,468614000,,,,175.93,180.99,22.6415,,,,,,,2219829000,,27.53,,195.98,135.68
2025-12-28,HSY,6.69,11489095000.0,27.53,,0.177,22.51,,,,,,,,,,,,,,,None,914777000,914777000,,,,,,None,71900000,,5.48,0.0297,,,,-0.382,0.24,372933000,444833000,1.06,2020-06-30,27.62,,4334866000.0,792552000,334077000,66035000,,,None,38856000,777000,,None,,,,,268901000,268042000,-38079000,None,0.135,,409179000,383373000,,,,,-11217000,,,,,48.57,8.21,3.251,,,,,,,,0.118,,,2025-10-30,quarterly,1.3,USD,pre-market,None,,0.0933,0.31,0.065,56.66,2645000,,,,175.93,180.99,22.6415,,,,,,,1707329000,,27.53,,195.98,135.68
2025-12-28,HSY,6.69,11489095000.0,27.53,,0.177,22.51,,,,,,,,,,,,,,,None,1170695000,1170695000,,,,,,None,70624000,,5.48,0.0297,,,,-0.382,0.24,372851000,443475000,1.06,2020-03-31,27.62,,4334866000.0,866622000,335012000,66229000,,,None,37839000,1584000,,None,,,,,271137000,268783000,-36255000,None,0.135,,483822000,382800000,,,,,-11533000,,,,,48.57,8.21,3.251,,,,,,,,0.118,,,2025-10-30,quarterly,1.3,USD,pre-market,None,,0.0933,0.31,0.065,56.66,9081000,,,,175.93,180.99,22.6415,,,,,,,2037317000,,27.53,,195.98,135.68
2025-12-28,HSY,6.69,11489095000.0,27.53,,0.177,22.51,,,,,,,,,,,,,,,None,1156213000,1156213000,,,,,,None,72703000,,5.48,0.0297,,,,-0.382,0.24,252901000,325604000,1.06,2019-12-31,27.62,,4334866000.0,911912000,214321000,9903000,,,None,38580000,1145000,,None,,,,,207187000,204418000,-37435000,None,0.135,,625714000,286198000,,,,,-34442000,,,,,48.57,8.21,3.251,,,,,,,,0.118,,,2025-10-30,quarterly,1.3,USD,pre-market,37146000,,0.0933,0.31,0.065,56.66,3898000,,,,175.93,180.99,22.6415,,,,,,,2068125000,,27.53,,195.98,135.68
2025-12-28,HSY,6.69,11489095000.0,27.53,,0.177,22.51,,,,,,,,,,,,,,,None,1191104000,1191104000,,,,,,None,74495000,,5.48,0.0297,,,,-0.382,0.24,443695000,518190000,1.06,2019-09-30,27.62,,4334866000.0,943318000,407360000,82178000,,,None,36335000,879000,,None,,,,,325307000,325182000,-35456000,None,0.135,,482503000,460815000,,,,,-17999000,,,,,48.57,8.21,3.251,,,,,,,,0.118,,,2025-10-30,quarterly,1.3,USD,pre-market,37146000,,0.0933,0.31,0.065,56.66,1525000,,,,175.93,180.99,22.6415,,,,,,,2134422000,,27.53,,195.98,135.68
2025-12-28,HSY,6.69,11489095000.0,27.53,,0.177,22.51,,,,,,,,,,,,,,,None,892473000,892473000,,,,,,None,72017000,,5.48,0.0297,,,,-0.382,0.24,400970000,472987000,1.06,2019-06-30,27.62,,4334866000.0,874744000,363169000,49898000,,,None,37801000,4025000,,None,,,,,312840000,313271000,-33776000,None,0.135,,464674000,410070000,,,,,-13125000,,,,,48.57,8.21,3.251,,,,,,,,0.118,,,2025-10-30,quarterly,1.3,USD,pre-market,37146000,,0.0933,0.31,0.065,56.66,453793000,,,,175.93,180.99,22.6415,,,,,,,1767217000,,27.53,,195.98,135.68
2025-12-28,HSY,6.69,11489095000.0,27.53,,0.177,22.51,,,,,,,,,,,,,,,None,1123984000,1123984000,,,,,,None,72329000,,5.48,0.0297,,,,-0.382,0.24,435340000,507669000,1.06,2019-03-31,27.62,,4334866000.0,892504000,395934000,92053000,,,None,39406000,1948000,,None,,,,,304358000,303881000,-37458000,None,0.135,,453635000,438869000,,,,,-5477000,,,,,48.57,8.21,3.251,,,,,,,,0.118,,,2025-10-30,quarterly,1.3,USD,pre-market,37146000,,0.0933,0.31,0.065,56.66,453573000,,,,175.93,180.99,22.6415,,,,,,,2016488000,,27.53,,195.98,135.68
2025-12-28,HSY,6.69,11489095000.0,27.53,,0.177,22.51,,,,,,,,,,,,,,,None,1043550000,1043550000,,,,,,None,69341000,,5.48,0.0297,,,,-0.382,0.24,383775000,453116000,1.06,2018-12-31,27.62,,4334866000.0,944352000,343970000,12370000,,,None,39805000,None,,None,,,,,336791000,331600000,None,None,0.135,,523187000,421165000,,,,,-39565000,,,,,48.57,8.21,3.251,,,,,,,,0.118,,,2025-10-30,quarterly,1.3,USD,pre-market,38521000,,0.0933,0.31,0.065,56.66,6128000,,,,175.93,180.99,22.6415,,,,,,,1987902000,,27.53,,195.98,135.68
2025-12-28,HSY,6.69,11489095000.0,27.53,,0.177,22.51,,,,,,,,,,,,,,,None,1216100000,1216100000,,,,,,None,74807000,,5.48,0.0297,,,,-0.382,0.24,395589000,470396000,1.06,2018-09-30,27.62,,4334866000.0,863493000,356854000,91441000,,,None,38735000,None,,None,,,,,263713000,265413000,None,None,0.135,,457230000,406263000,,,,,-12493000,,,,,48.57,8.21,3.251,,,,,,,,0.118,,,2025-10-30,quarterly,1.3,USD,pre-market,38521000,,0.0933,0.31,0.065,56.66,453921000,,,,175.93,180.99,22.6415,,,,,,,2079593000,,27.53,,195.98,135.68
2025-12-28,HSY,6.69,11489095000.0,27.53,,0.177,22.51,,,,,,,,,,,,,,,None,958195000,958195000,,,,,,None,76580000,,5.48,0.0297,,,,-0.382,0.24,296770000,373350000,1.06,2018-06-30,27.62,,4334866000.0,793420000,260006000,36687000,,,None,36764000,None,,None,,,,,226855000,223319000,None,None,0.135,,477696000,315724000,,,,,-20766000,,,,,48.57,8.21,3.251,,,,,,,,0.118,,,2025-10-30,quarterly,1.3,USD,pre-market,38521000,,0.0933,0.31,0.065,56.66,5648000,,,,175.93,180.99,22.6415,,,,,,,1751615000,,27.53,,195.98,135.68
2025-12-28,HSY,6.69,11489095000.0,27.53,,0.177,22.51,,,,,,,,,,,,,,,None,997899000,997899000,,,,,,None,74416000,,5.48,0.0297,,,,-0.382,0.24,480785000,555201000,1.06,2018-03-31,27.62,,4334866000.0,974060000,449231000,98512000,,,None,31554000,None,,None,,,,,350203000,350719000,None,None,0.135,,493548000,480512000,,,,,-1942000,,,,,48.57,8.21,3.251,,,,,,,,0.118,,,2025-10-30,quarterly,1.3,USD,pre-market,0,,0.0933,0.31,0.065,56.66,6024000,,,,175.93,180.99,22.6415,,,,,,,1971959000,,27.53,,195.98,135.68
2025-12-28,HSY,6.69,11489095000.0,27.53,,0.177,22.51,,,,,,,,,,,,,,,None,1105109000,1105109000,,,,,,None,67540000,,5.48,0.0297,,,,-0.382,0.24,287139000,354679000,1.06,2017-12-31,27.62,,4334866000.0,834527000,260389000,78840000,,,None,26750000,None,,None,,,,,181133000,181549000,None,None,0.135,,506178000,328349000,,,,,-42134000,,,,,48.57,8.21,3.251,,,,,,,,0.118,,,2025-10-30,quarterly,1.3,USD,pre-market,45850000,,0.0933,0.31,0.065,56.66,32860000,,,,175.93,180.99,22.6415,,,,,,,1939636000,,27.53,,195.98,135.68
2025-12-28,HSY,6.69,11489095000.0,27.53,,0.177,22.51,,,,,,,,,,,,,,,None,1090185000,1090185000,,,,,,None,62234000,,5.48,0.0297,,,,-0.382,0.24,425723000,487957000,1.06,2017-09-30,27.62,,4334866000.0,942936000,400801000,126788000,,,None,24922000,None,,None,,,,,273303000,274013000,None,None,0.135,,481472000,439020000,,,,,-13630000,,,,,48.57,8.21,3.251,,,,,,,,0.118,,,2025-10-30,quarterly,1.3,USD,pre-market,0,,0.0933,0.31,0.065,56.66,23382000,,,,175.93,180.99,22.6415,,,,,,,2033121000,,27.53,,195.98,135.68
2025-12-28,HSY,6.69,11489095000.0,27.53,,0.177,22.51,,,,,,,,,,,,,,,None,897144000,897144000,,,,,,None,67127000,,5.48,0.0297,,,,-0.382,0.24,305541000,372668000,1.06,2017-06-30,27.62,,4334866000.0,765847000,281117000,78390000,,,None,24424000,None,,None,,,,,203501000,202727000,None,None,0.135,,445355000,315341000,,,,,-10098000,,,,,48.57,8.21,3.251,,,,,,,,0.118,,,2025-10-30,quarterly,1.3,USD,pre-market,0,,0.0933,0.31,0.065,56.66,9788000,,,,175.93,180.99,22.6415,,,,,,,1662991000,,27.53,,195.98,135.68
2025-12-28,HSY,6.69,11489095000.0,27.53,,0.177,22.51,,,,,,,,,,,,,,,None,970326000,970326000,,,,,,None,64952000,,5.48,0.0297,,,,-0.382,0.24,192331000,257283000,1.06,2017-03-31,27.62,,4334866000.0,909352000,168361000,70113000,,,None,23970000,None,,None,,,,,125044000,98248000,None,None,0.135,,712115000,191931000,,,,,171000,,,,,48.57,8.21,3.251,,,,,,,,0.118,,,2025-10-30,quarterly,1.3,USD,pre-market,0,,0.0933,0.31,0.065,56.66,3800000,,,,175.93,180.99,22.6415,,,,,,,1879678000,,27.53,,195.98,135.68
2025-12-28,HSY,6.69,11489095000.0,27.53,,0.177,22.51,,,,,,,,,,,,,,,None,1227975000,1227975000,,,,,,None,59936000,,5.48,0.0297,,,,-0.382,0.24,222865000,282801000,1.06,2016-12-31,27.62,,4334866000.0,742269000,198619000,81766000,,,None,24246000,None,,None,,,,,116853000,116853000,None,None,0.135,,512781000,229488000,,,,,-7456000,,,,,48.57,8.21,3.251,,,,,,,,0.118,,,2025-10-30,quarterly,1.3,USD,pre-market,47268000,,0.0933,0.31,0.065,56.66,14860000,,,,175.93,180.99,22.6415,,,,,,,1970244000,,27.53,,195.98,135.68
2025-12-28,HSY,6.69,11489095000.0,27.53,,0.177,22.51,,,,,,,,,,,,,,,None,1152606000,1152606000,,,,,,None,85122000,,5.48,0.0297,,,,-0.382,0.24,352578000,437700000,1.06,2016-09-30,27.62,,4334866000.0,850848000,327837000,100434000,,,None,24741000,None,,None,,,,,227403000,227403000,None,None,0.135,,476824000,374024000,,,,,-21800000,,,,,48.57,8.21,3.251,,,,,,,,0.118,,,2025-10-30,quarterly,1.3,USD,pre-market,0,,0.0933,0.31,0.065,56.66,1194000,,,,175.93,180.99,22.6415,,,,,,,2003454000,,27.53,,195.98,135.68
2025-12-28,HSY,6.69,11489095000.0,27.53,,0.177,22.51,,,,,,,,,,,,,,,None,890273000,890273000,,,,,,None,96866000,,5.48,0.0297,,,,-0.382,0.24,254907000,351773000,1.06,2016-06-30,27.62,,4334866000.0,747398000,233296000,87340000,,,None,21611000,None,,None,,,,,145956000,145956000,None,None,0.135,,484636000,262762000,,,,,-8128000,,,,,48.57,8.21,3.251,,,,,,,,0.118,,,2025-10-30,quarterly,1.3,USD,pre-market,0,,0.0933,0.31,0.065,56.66,6031000,,,,175.93,180.99,22.6415,,,,,,,1637671000,,27.53,,195.98,135.68
2025-12-28,HSY,6.69,11489095000.0,27.53,,0.177,22.51,,,,,,,,,,,,,,,None,1011436000,1011436000,,,,,,None,59913000,,5.48,0.0297,,,,-0.382,0.24,361079000,420992000,1.06,2016-03-31,27.62,,4334866000.0,817376000,339729000,109897000,,,None,21350000,None,,None,,,,,229832000,229832000,None,None,0.135,,477867000,339509000,,,,,21225000,,,,,48.57,8.21,3.251,,,,,,,,0.118,,,2025-10-30,quarterly,1.3,USD,pre-market,0,,0.0933,0.31,0.065,56.66,8734000,,,,175.93,180.99,22.6415,,,,,,,1828812000,,27.53,,195.98,135.68
2025-12-28,HSY,6.69,11489095000.0,27.53,,0.177,22.51,,,,,,,,,,,,,,,None,1054862000,1054862000,,,,,,None,62073000,,5.48,0.0297,,,,-0.382,0.24,317964000,380037000,1.06,2015-12-31,27.62,,4334866000.0,854360000,296541000,83157000,,,None,21423000,None,,None,,,,,213384000,213384000,None,None,0.135,,511281000,343078000,,,,,-15971000,,,,,48.57,8.21,3.251,,,,,,,,0.118,,,2025-10-30,quarterly,1.3,USD,pre-market,49281000,,0.0933,0.31,0.065,56.66,62196000,,,,175.93,180.99,22.6415,,,,,,,1909222000,,27.53,,195.98,135.68
2025-12-28,HSY,6.69,11489095000.0,27.53,,0.177,22.51,,,,,,,,,,,,,,,None,1068715000,1068715000,,,,,,None,64054000,,5.48,0.0297,,,,-0.382,0.24,266157000,330211000,1.06,2015-09-30,27.62,,4334866000.0,892064000,246638000,91867000,,,None,19519000,None,,None,,,,,154771000,154771000,None,None,0.135,,589050000,303014000,,,,,-9409000,,,,,48.57,8.21,3.251,,,,,,,,0.118,,,2025-10-30,quarterly,1.3,USD,pre-market,0,,0.0933,0.31,0.065,56.66,499800000,,,,175.93,180.99,22.6415,,,,,,,1960779000,,27.53,,195.98,135.68
2025-12-28,HSY,6.69,11489095000.0,27.53,,0.177,22.51,,,,,,,,,,,,,,,None,843417000,843417000,,,,,,None,60463000,,5.48,0.0297,,,,-0.382,0.24,3897000,64360000,1.06,2015-06-30,27.62,,4334866000.0,735408000,-16136000,83805000,,,None,20033000,None,,None,,,,,-99941000,-99941000,None,None,0.135,,727908000,7500000,,,,,-4759000,,,,,48.57,8.21,3.251,,,,,,,,0.118,,,2025-10-30,quarterly,1.3,USD,pre-market,0,,0.0933,0.31,0.065,56.66,454531000,,,,175.93,180.99,22.6415,,,,,,,1578825000,,27.53,,195.98,135.68
2025-12-28,HSY,6.69,11489095000.0,27.53,,0.177,22.51,,,,,,,,,,,,,,,None,1036957000,1036957000,,,,,,None,58338000,,5.48,0.0297,,,,-0.382,0.24,394811000,453149000,1.06,2015-03-31,27.62,,4334866000.0,900843000,374804000,130067000,,,None,20007000,None,,None,,,,,244737000,244737000,None,None,0.135,,516677000,396673000,,,,,None,,,,,48.57,8.21,3.251,,,,,,,,0.118,,,2025-10-30,quarterly,1.3,USD,pre-market,0,,0.0933,0.31,0.065,56.66,30000,,,,175.93,180.99,22.6415,,,,,,,1937800000,,27.53,,195.98,135.68
2025-12-28,HSY,6.69,11489095000.0,27.53,,0.177,22.51,,,,,,,,,,,,,,,None,1122962000,1122962000,,,,,,None,58526000,,5.48,0.0297,,,,-0.382,0.24,343166000,401692000,1.06,2014-12-31,27.62,,4334866000.0,887065000,321569000,119061000,,,None,21597000,None,,None,,,,,202508000,-57144000,None,None,0.135,,519679000,367386000,,,,,None,,,,,48.57,8.21,3.251,,,,,,,,0.118,,,2025-10-30,quarterly,1.3,USD,pre-market,47554000,,0.0933,0.31,0.065,56.66,50544000,,,,175.93,180.99,22.6415,,,,,,,2010027000,,27.53,,195.98,135.68
2025-12-28,HSY,6.69,11489095000.0,27.53,,0.177,22.51,,,,,,,,,,,,,,,None,1101441000,1101441000,,,,,,None,52873000,,5.48,0.0297,,,,-0.382,0.24,367321000,420194000,1.06,2014-09-30,27.62,,4334866000.0,860137000,345423000,121682000,,,None,21898000,None,,None,,,,,223741000,223741000,None,None,0.135,,501469000,361795000,,,,,None,,,,,48.57,8.21,3.251,,,,,,,,0.118,,,2025-10-30,quarterly,1.3,USD,pre-market,0,,0.0933,0.31,0.065,56.66,31000,,,,175.93,180.99,22.6415,,,,,,,1961578000,,27.53,,195.98,135.68
2025-12-28,HSY,6.69,11489095000.0,27.53,,0.177,22.51,,,,,,,,,,,,,,,None,860876000,860876000,,,,,,None,50830000,,5.48,0.0297,,,,-0.382,0.24,278602000,329432000,1.06,2014-06-30,27.62,,4334866000.0,717474000,256730000,88562000,,,None,21872000,None,,None,,,,,168168000,168168000,None,None,0.135,,440191000,278711000,,,,,None,,,,,48.57,8.21,3.251,,,,,,,,0.118,,,2025-10-30,quarterly,1.3,USD,pre-market,0,,0.0933,0.31,0.065,56.66,137000,,,,175.93,180.99,22.6415,,,,,,,1578350000,,27.53,,195.98,135.68
2025-12-28,HSY,6.69,11489095000.0,27.53,,0.177,22.51,,,,,,,,,,,,,,,None,1000323000,1000323000,,,,,,None,49303000,,5.48,0.0297,,,,-0.382,0.24,404552000,453855000,1.06,2014-03-31,27.62,,4334866000.0,871490000,382321000,129826000,,,None,22231000,None,,None,,,,,252495000,512147000,None,None,0.135,,464959000,406531000,,,,,None,,,,,48.57,8.21,3.251,,,,,,,,0.118,,,2025-10-30,quarterly,1.3,USD,pre-market,0,,0.0933,0.31,0.065,56.66,41000,,,,175.93,180.99,22.6415,,,,,,,1871813000,,27.53,,195.98,135.68
2025-12-28,HSY,6.69,11489095000.0,27.53,,0.177,22.51,,,,,,,,,,,,,,,None,1098867000,1098867000,,,,,,None,50476000,,5.48,0.0297,,,,-0.382,0.24,309354000,359830000,1.06,2013-12-31,27.62,,4334866000.0,857386000,286435000,100360000,,,None,22919000,None,,None,,,,,186075000,186075000,None,None,0.135,,543783000,313603000,,,,,None,,,,,48.57,8.21,3.251,,,,,,,,0.118,,,2025-10-30,quarterly,1.3,USD,pre-market,47636000,,0.0933,0.31,0.065,56.66,38571000,,,,175.93,180.99,22.6415,,,,,,,1956253000,,27.53,,195.98,135.68
2025-12-28,HSY,6.69,11489095000.0,27.53,,0.177,22.51,,,,,,,,,,,,,,,None,998335000,998335000,,,,,,None,51682000,,5.48,0.0297,,,,-0.382,0.24,371332000,423014000,1.06,2013-09-30,27.62,,4334866000.0,855551000,348877000,115892000,,,None,22455000,None,,None,,,,,232985000,232985000,None,None,0.135,,481986000,373565000,,,,,None,,,,,48.57,8.21,3.251,,,,,,,,0.118,,,2025-10-30,quarterly,1.3,USD,pre-market,0,,0.0933,0.31,0.065,56.66,1486000,,,,175.93,180.99,22.6415,,,,,,,1853886000,,27.53,,195.98,135.68
2025-12-28,HSY,6.69,11489095000.0,27.53,,0.177,22.51,,,,,,,,,,,,,,,None,789940000,789940000,,,,,,None,50127000,,5.48,0.0297,,,,-0.382,0.24,269622000,319749000,1.06,2013-06-30,27.62,,4334866000.0,718574000,247823000,88319000,,,None,21799000,None,,None,,,,,159504000,159504000,None,None,0.135,,446070000,272504000,,,,,None,,,,,48.57,8.21,3.251,,,,,,,,0.118,,,2025-10-30,quarterly,1.3,USD,pre-market,0,,0.0933,0.31,0.065,56.66,446070000,,,,175.93,180.99,22.6415,,,,,,,1508514000,,27.53,,195.98,135.68
2025-12-28,HSY,6.69,11489095000.0,27.53,,0.177,22.51,,,,,,,,,,,,,,,None,978089000,978089000,,,,,,None,48748000,,5.48,0.0297,,,,-0.382,0.24,392525000,441273000,1.06,2013-03-31,27.62,,4334866000.0,849337000,368184000,126278000,,,None,24341000,None,,None,,,,,241906000,241906000,None,None,0.135,,450669000,398668000,,,,,None,,,,,48.57,8.21,3.251,,,,,,,,0.118,,,2025-10-30,quarterly,1.3,USD,pre-market,0,,0.0933,0.31,0.065,56.66,450669000,,,,175.93,180.99,22.6415,,,,,,,1827426000,,27.53,,195.98,135.68
2025-12-28,HSY,6.69,11489095000.0,27.53,,0.177,22.51,,,,,,,,,,,,,,,None,995827000,995827000,,,,,,None,47189000,,5.48,0.0297,,,,-0.382,0.24,253622000,300811000,1.06,2012-12-31,27.62,,4334866000.0,755208000,229951000,80072000,,,None,23671000,None,,None,,,,,149879000,149879000,None,None,0.135,,485857000,269351000,,,,,None,,,,,48.57,8.21,3.251,,,,,,,,0.118,,,2025-10-30,quarterly,1.3,USD,pre-market,39000000,,0.0933,0.31,0.065,56.66,5841000,,,,175.93,180.99,22.6415,,,,,,,1751035000,,27.53,,195.98,135.68
2025-12-28,HSY,6.69,11489095000.0,27.53,,0.177,22.51,,,,,,,,,,,,,,,None,1003952000,1003952000,,,,,,None,53213000,,5.48,0.0297,,,,-0.382,0.24,302315000,355528000,1.06,2012-09-30,27.62,,4334866000.0,742757000,277195000,100479000,,,None,25120000,None,,None,,,,,176716000,176716000,None,None,0.135,,441027000,301730000,,,,,None,,,,,48.57,8.21,3.251,,,,,,,,0.118,,,2025-10-30,quarterly,1.3,USD,pre-market,0,,0.0933,0.31,0.065,56.66,420972000,,,,175.93,180.99,22.6415,,,,,,,1746709000,,27.53,,195.98,135.68
2025-12-28,HSY,6.69,11489095000.0,27.53,,0.177,22.51,,,,,,,,,,,,,,,None,795923000,795923000,,,,,,None,54767000,,5.48,0.0297,,,,-0.382,0.24,222975000,277742000,1.06,2012-06-30,27.62,,4334866000.0,618521000,197927000,62242000,,,None,25048000,None,,None,,,,,135685000,135685000,None,None,0.135,,396250000,222271000,,,,,None,,,,,48.57,8.21,3.251,,,,,,,,0.118,,,2025-10-30,quarterly,1.3,USD,pre-market,0,,0.0933,0.31,0.065,56.66,4305000,,,,175.93,180.99,22.6415,,,,,,,1414444000,,27.53,,195.98,135.68
2025-12-28,HSY,6.69,11489095000.0,27.53,,0.177,22.51,,,,,,,,,,,,,,,None,988668000,988668000,,,,,,None,54868000,,5.48,0.0297,,,,-0.382,0.24,335176000,390044000,1.06,2012-03-31,27.62,,4334866000.0,743396000,310506000,111855000,,,None,24670000,None,,None,,,,,198651000,198651000,None,None,0.135,,408866000,334530000,,,,,None,,,,,48.57,8.21,3.251,,,,,,,,0.118,,,2025-10-30,quarterly,1.3,USD,pre-market,0,,0.0933,0.31,0.065,56.66,8162000,,,,175.93,180.99,22.6415,,,,,,,1732064000,,27.53,,195.98,135.68
2025-12-28,HSY,6.69,11489095000.0,27.53,,0.177,22.51,,,,,,,,,,,,,,,None,935939000,935939000,,,,,,None,58202000,,5.48,0.0297,,,,-0.382,0.24,229630000,287832000,1.06,2011-12-31,27.62,,4334866000.0,631206000,207695000,65562000,,,None,21935000,None,,None,,,,,142133000,476016000,None,None,0.135,,402197000,229009000,,,,,None,,,,,48.57,8.21,3.251,,,,,,,,0.118,,,2025-10-30,quarterly,1.3,USD,pre-market,32200000,,0.0933,0.31,0.065,56.66,397156000,,,,175.93,180.99,22.6415,,,,,,,1567145000,,27.53,,195.98,135.68
2025-12-28,HSY,6.69,11489095000.0,27.53,,0.177,22.51,,,,,,,,,,,,,,,None,944068000,944068000,,,,,,None,54769000,,5.48,0.0297,,,,-0.382,0.24,323303000,378072000,1.06,2011-09-30,27.62,,4334866000.0,680181000,298075000,101380000,,,None,23041000,None,,None,,,,,196695000,196695000,None,None,0.135,,359065000,321116000,,,,,None,,,,,48.57,8.21,3.251,,,,,,,,0.118,,,2025-10-30,quarterly,1.3,USD,pre-market,0,,0.0933,0.31,0.065,56.66,14922000,,,,175.93,180.99,22.6415,,,,,,,1624249000,,27.53,,195.98,135.68
2025-12-28,HSY,6.69,11489095000.0,27.53,,0.177,22.51,,,,,,,,,,,,,,,None,760851000,760851000,,,,,,None,51738000,,5.48,0.0297,,,,-0.382,0.24,228354000,280092000,1.06,2011-06-30,27.62,,4334866000.0,564320000,205003000,74984000,,,None,23351000,None,,None,,,,,130019000,130019000,None,None,0.135,,335966000,228354000,,,,,None,,,,,48.57,8.21,3.251,,,,,,,,0.118,,,2025-10-30,quarterly,1.3,USD,pre-market,0,,0.0933,0.31,0.065,56.66,1518000,,,,175.93,180.99,22.6415,,,,,,,1325171000,,27.53,,195.98,135.68
2025-12-28,HSY,6.69,11489095000.0,27.53,,0.177,22.51,,,,,,,,,,,,,,,None,908038000,908038000,,,,,,None,51054000,,5.48,0.0297,,,,-0.382,0.24,277339000,328393000,1.06,2011-03-31,27.62,,4334866000.0,656185000,252072000,91957000,,,None,25267000,None,,None,,,,,160115000,160115000,None,None,0.135,,379636000,276549000,,,,,None,,,,,48.57,8.21,3.251,,,,,,,,0.118,,,2025-10-30,quarterly,1.3,USD,pre-market,0,,0.0933,0.31,0.065,56.66,2298000,,,,175.93,180.99,22.6415,,,,,,,1564223000,,27.53,,195.98,135.68
2025-12-28,HSY,6.69,11489095000.0,27.53,,0.177,22.51,,,,,,,,,,,,,,,None,863339000,863339000,,,,,,None,51380000,,5.48,0.0297,,,,-0.382,0.24,228333000,279713000,1.06,2010-12-31,27.62,,4334866000.0,619470000,200246000,64733000,,,None,28087000,None,,None,,,,,135513000,135513000,None,None,0.135,,391578000,227892000,,,,,None,,,,,48.57,8.21,3.251,,,,,,,,0.118,,,2025-10-30,quarterly,1.3,USD,pre-market,30500000,,0.0933,0.31,0.065,56.66,391227000,,,,175.93,180.99,22.6415,,,,,,,1482809000,,27.53,,195.98,135.68
2025-12-28,HSY,6.69,11489095000.0,27.53,,0.177,22.51,,,,,,,,,,,,,,,None,891895000,891895000,,,,,,None,52438000,,5.48,0.0297,,,,-0.382,0.24,277389000,329827000,1.06,2010-09-30,27.62,,4334866000.0,655220000,277389000,97220000,,,None,22259000,None,,None,,,,,180169000,180169000,None,None,0.135,,355572000,299648000,,,,,None,,,,,48.57,8.21,3.251,,,,,,,,0.118,,,2025-10-30,quarterly,1.3,USD,pre-market,0,,0.0933,0.31,0.065,56.66,424000,,,,175.93,180.99,22.6415,,,,,,,1547115000,,27.53,,195.98,135.68
2025-12-28,HSY,6.69,11489095000.0,27.53,,0.177,22.51,,,,,,,,,,,,,,,None,686704000,686704000,,,,,,None,45968000,,5.48,0.0297,,,,-0.382,0.24,124424000,170392000,1.06,2010-06-30,27.62,,4334866000.0,546538000,101644000,54921000,,,None,22780000,None,,None,,,,,46723000,46723000,None,None,0.135,,422114000,124424000,,,,,None,,,,,48.57,8.21,3.251,,,,,,,,0.118,,,2025-10-30,quarterly,1.3,USD,pre-market,0,,0.0933,0.31,0.065,56.66,80000,,,,175.93,180.99,22.6415,,,,,,,1233242000,,27.53,,195.98,135.68
2025-12-28,HSY,6.69,11489095000.0,27.53,,0.177,22.51,,,,,,,,,,,,,,,None,813863000,813863000,,,,,,None,47330000,,5.48,0.0297,,,,-0.382,0.24,253549000,300879000,1.06,2010-03-31,27.62,,4334866000.0,593980000,229585000,82191000,,,None,23964000,None,,None,,,,,147394000,147394000,None,None,0.135,,340646000,253334000,,,,,None,,,,,48.57,8.21,3.251,,,,,,,,0.118,,,2025-10-30,quarterly,1.3,USD,pre-market,0,,0.0933,0.31,0.065,56.66,46000,,,,175.93,180.99,22.6415,,,,,,,1407843000,,27.53,,195.98,135.68
2025-12-28,HSY,6.69,11489095000.0,27.53,,0.177,22.51,,,,,,,,,,,,,,,None,836815000,836815000,,,,,,None,43537000,,5.48,0.0297,,,,-0.382,0.24,212540000,256077000,1.06,2009-12-31,27.62,,4334866000.0,570521000,190829000,64050000,,,None,21711000,None,,None,,,,,126779000,0,None,None,0.135,,358165000,212356000,,,,,None,,,,,48.57,8.21,3.251,,,,,,,,0.118,,,2025-10-30,quarterly,1.3,USD,pre-market,28100000,,0.0933,0.31,0.065,56.66,334040000,,,,175.93,180.99,22.6415,,,,,,,1407336000,,27.53,,195.98,135.68
2025-12-28,HSY,6.69,11489095000.0,27.53,,0.177,22.51,,,,,,,,,,,,,,,None,895020000,895020000,,,,,,None,44816000,,5.48,0.0297,,,,-0.382,0.24,287632000,332448000,1.06,2009-09-30,27.62,,4334866000.0,589098000,257322000,95299000,,,None,22302000,None,,None,,,,,162023000,162023000,None,None,0.135,,309474000,279624000,,,,,None,,,,,48.57,8.21,3.251,,,,,,,,0.118,,,2025-10-30,quarterly,1.3,USD,pre-market,0,,0.0933,0.31,0.065,56.66,34000,,,,175.93,180.99,22.6415,,,,,,,1484118000,,27.53,,195.98,135.68
2025-12-28,HSY,6.69,11489095000.0,27.53,,0.177,22.51,,,,,,,,,,,,,,,None,717893000,717893000,,,,,,None,47181000,,5.48,0.0297,,,,-0.382,0.24,154580000,201761000,1.06,2009-06-30,27.62,,4334866000.0,453290000,93942000,22644000,,,None,22734000,None,,None,,,,,71298000,0,None,None,0.135,,336614000,116676000,,,,,None,,,,,48.57,8.21,3.251,,,,,,,,0.118,,,2025-10-30,quarterly,1.3,USD,pre-market,0,,0.0933,0.31,0.065,56.66,10000,,,,175.93,180.99,22.6415,,,,,,,1171183000,,27.53,,195.98,135.68
2025-12-28,HSY,6.69,11489095000.0,27.53,,0.177,22.51,,,,,,,,,,,,,,,None,795803000,795803000,,,,,,None,46877000,,5.48,0.0297,,,,-0.382,0.24,153211000,200088000,1.06,2009-03-31,27.62,,4334866000.0,440228000,129038000,53144000,,,None,24173000,None,,None,,,,,75894000,0,None,None,0.135,,287294000,152934000,,,,,None,,,,,48.57,8.21,3.251,,,,,,,,0.118,,,2025-10-30,quarterly,1.3,USD,pre-market,0,,0.0933,0.31,0.065,56.66,44000,,,,175.93,180.99,22.6415,,,,,,,1236031000,,27.53,,195.98,135.68
2025-12-28,HSY,6.69,11489095000.0,27.53,,0.177,22.51,,,,,,,,,,,,,,,None,879854000,879854000,,,,,,None,58729000,,5.48,0.0297,,,,-0.382,0.24,120470000,179199000,1.06,2008-12-31,27.62,,4334866000.0,497526000,128451000,46296000,,,None,26682000,None,,None,,,,,82155000,0,None,None,0.135,,344110000,153416000,,,,,None,,,,,48.57,8.21,3.251,,,,,,,,0.118,,,2025-10-30,quarterly,1.3,USD,pre-market,28100000,,0.0933,0.31,0.065,56.66,284057000,,,,175.93,180.99,22.6415,,,,,,,1377380000,,27.53,,195.98,135.68
2025-12-28,HSY,6.69,11489095000.0,27.53,,0.177,22.51,,,,,,,,,,,,,,,None,988380000,988380000,,,,,,None,65674000,,5.48,0.0297,,,,-0.382,0.24,228828000,294502000,1.06,2008-09-30,27.62,,4334866000.0,501229000,195036000,70498000,,,None,24915000,None,,None,,,,,124538000,0,None,None,0.135,,281278000,219951000,,,,,None,,,,,48.57,8.21,3.251,,,,,,,,0.118,,,2025-10-30,quarterly,1.3,USD,pre-market,0,,0.0933,0.31,0.065,56.66,1000,,,,175.93,180.99,22.6415,,,,,,,1489609000,,27.53,,195.98,135.68
2025-12-28,HSY,6.69,11489095000.0,27.53,,0.177,22.51,,,,,,,,,,,,,,,None,722926000,722926000,,,,,,None,56791000,,5.48,0.0297,,,,-0.382,0.24,115899000,172690000,1.06,2008-06-30,27.62,,4334866000.0,382511000,70503000,29036000,,,None,23610000,None,,None,,,,,41467000,0,None,None,0.135,,288398000,94113000,,,,,None,,,,,48.57,8.21,3.251,,,,,,,,0.118,,,2025-10-30,quarterly,1.3,USD,pre-market,0,,0.0933,0.31,0.065,56.66,12000,,,,175.93,180.99,22.6415,,,,,,,1105437000,,27.53,,195.98,135.68
2025-12-28,HSY,6.69,11489095000.0,27.53,,0.177,22.51,,,,,,,,,,,,,,,None,783890000,783890000,,,,,,None,68297000,,5.48,0.0297,,,,-0.382,0.24,124487000,192784000,1.06,2008-03-31,27.62,,4334866000.0,376452000,98032000,34787000,,,None,26455000,None,,None,,,,,63245000,0,None,None,0.135,,254034000,122418000,,,,,None,,,,,48.57,8.21,3.251,,,,,,,,0.118,,,2025-10-30,quarterly,1.3,USD,pre-market,0,,0.0933,0.31,0.065,56.66,49000,,,,175.93,180.99,22.6415,,,,,,,1160342000,,27.53,,195.98,135.68
2025-12-28,HSY,6.69,11489095000.0,27.53,,0.177,22.51,,,,,,,,,,,,,,,None,924745000,924745000,,,,,,None,83149000,,5.48,0.0297,,,,-0.382,0.24,184715000,267864000,1.06,2007-12-31,27.62,,4334866000.0,417477000,99101000,44758000,,,None,31146000,None,,None,,,,,54343000,0,None,None,0.135,,290314000,127163000,,,,,None,,,,,48.57,8.21,3.251,,,,,,,,0.118,,,2025-10-30,quarterly,1.3,USD,pre-market,28000000,,0.0933,0.31,0.065,56.66,232762000,,,,175.93,180.99,22.6415,,,,,,,1342222000,,27.53,,195.98,135.68
2025-12-28,HSY,6.69,11489095000.0,27.53,,0.177,22.51,,,,,,,,,,,,,,,None,928846000,928846000,,,,,,None,83773000,,5.48,0.0297,,,,-0.382,0.24,240814000,324587000,1.06,2007-09-30,27.62,,4334866000.0,470623000,95716000,32932000,,,None,33830000,None,,None,,,,,62784000,0,None,None,0.135,,341852000,128771000,,,,,None,,,,,48.57,8.21,3.251,,,,,,,,0.118,,,2025-10-30,quarterly,1.3,USD,pre-market,0,,0.0933,0.31,0.065,56.66,229809000,,,,175.93,180.99,22.6415,,,,,,,1399469000,,27.53,,195.98,135.68
2025-12-28,HSY,6.69,11489095000.0,27.53,,0.177,22.51,,,,,,,,,,,,,,,None,722478000,722478000,,,,,,None,83896000,,5.48,0.0297,,,,-0.382,0.24,112568000,196464000,1.06,2007-06-30,27.62,,4334866000.0,329438000,3627000,73000,,,None,29213000,None,,None,,,,,3554000,0,None,None,0.135,,296598000,32840000,,,,,None,,,,,48.57,8.21,3.251,,,,,,,,0.118,,,2025-10-30,quarterly,1.3,USD,pre-market,0,,0.0933,0.31,0.065,56.66,30000,,,,175.93,180.99,22.6415,,,,,,,1051916000,,27.53,,195.98,135.68
2025-12-28,HSY,6.69,11489095000.0,27.53,,0.177,22.51,,,,,,,,,,,,,,,None,739078000,739078000,,,,,,None,60107000,,5.48,0.0297,,,,-0.382,0.24,197598000,257705000,1.06,2007-03-31,27.62,,4334866000.0,414031000,141798000,48325000,,,None,28255000,None,,None,,,,,93473000,0,None,None,0.135,,243978000,170053000,,,,,None,,,,,48.57,8.21,3.251,,,,,,,,0.118,,,2025-10-30,quarterly,1.3,USD,pre-market,0,,0.0933,0.31,0.065,56.66,33000,,,,175.93,180.99,22.6415,,,,,,,1153109000,,27.53,,195.98,135.68
2025-12-28,HSY,6.69,11489095000.0,27.53,,0.177,22.51,,,,,,,,,,,,,,,None,860294000,860294000,,,,,,None,51185000,,5.48,0.0297,,,,-0.382,0.24,285516000,336701000,1.06,2006-12-31,27.62,,4334866000.0,485780000,248551000,92563000,,,None,32015000,None,,None,,,,,155988000,0,None,None,0.135,,205701000,280079000,,,,,None,,,,,48.57,8.21,3.251,,,,,,,,0.118,,,2025-10-30,quarterly,1.3,USD,pre-market,27600000,,0.0933,0.31,0.065,56.66,200264000,,,,175.93,180.99,22.6415,,,,,,,1346074000,,27.53,,195.98,135.68
2025-12-28,HSY,6.69,11489095000.0,27.53,,0.177,22.51,,,,,,,,,,,,,,,None,870733000,870733000,,,,,,None,50667000,,5.48,0.0297,,,,-0.382,0.24,323627000,374294000,1.06,2006-09-30,27.62,,4334866000.0,545469000,287945000,104280000,,,None,31835000,None,,None,,,,,185121000,0,None,None,0.135,,223410000,319780000,,,,,None,,,,,48.57,8.21,3.251,,,,,,,,0.118,,,2025-10-30,quarterly,1.3,USD,pre-market,0,,0.0933,0.31,0.065,56.66,42000,,,,175.93,180.99,22.6415,,,,,,,1413361000,,27.53,,195.98,135.68
2025-12-28,HSY,6.69,11489095000.0,27.53,,0.177,22.51,,,,,,,,,,,,,,,None,644077000,644077000,,,,,,None,49924000,,5.48,0.0297,,,,-0.382,0.24,186512000,236436000,1.06,2006-06-30,27.62,,4334866000.0,407990000,155484000,57044000,,,None,27490000,None,,None,,,,,97897000,0,None,None,0.135,,225718000,182974000,,,,,None,,,,,48.57,8.21,3.251,,,,,,,,0.118,,,2025-10-30,quarterly,1.3,USD,pre-market,0,,0.0933,0.31,0.065,56.66,22000,,,,175.93,180.99,22.6415,,,,,,,1052067000,,27.53,,195.98,135.68
2025-12-28,HSY,6.69,11489095000.0,27.53,,0.177,22.51,,,,,,,,,,,,,,,None,707365000,707365000,,,,,,None,48135000,,5.48,0.0297,,,,-0.382,0.24,215348000,263483000,1.06,2006-03-31,27.62,,4334866000.0,432142000,184522000,63554000,,,None,25203000,None,,None,,,,,122471000,0,None,None,0.135,,220125000,209725000,,,,,None,,,,,48.57,8.21,3.251,,,,,,,,0.118,,,2025-10-30,quarterly,1.3,USD,pre-market,0,,0.0933,0.31,0.065,56.66,6000,,,,175.93,180.99,22.6415,,,,,,,1132728000,,27.53,,195.98,135.68
2025-12-28,HSY,6.69,11489095000.0,27.53,,0.177,22.51,,,,,,,,,,,,,,,None,826224000,826224000,,,,,,None,54866000,,5.48,0.0297,,,,-0.382,0.24,279951000,334817000,1.06,2005-12-31,27.62,,4334866000.0,526649000,244002000,85815000,,,None,24605000,None,,None,,,,,158187000,0,None,None,0.135,,258392000,268257000,,,,,None,,,,,48.57,8.21,3.251,,,,,,,,0.118,,,2025-10-30,quarterly,1.3,USD,pre-market,22600000,,0.0933,0.31,0.065,56.66,246698000,,,,175.93,180.99,22.6415,,,,,,,1352873000,,27.53,,195.98,135.68
2025-12-28,HSY,6.69,11489095000.0,27.53,,0.177,22.51,,,,,,,,,,,,,,,None,849939000,849939000,,,,,,None,65205000,,5.48,0.0297,,,,-0.382,0.24,290133000,355338000,1.06,2005-09-30,27.62,,4334866000.0,518301000,189958000,70483000,,,None,23701000,None,,None,,,,,114152000,0,None,None,0.135,,313011000,213659000,,,,,None,,,,,48.57,8.21,3.251,,,,,,,,0.118,,,2025-10-30,quarterly,1.3,USD,pre-market,0,,0.0933,0.31,0.065,56.66,7948000,,,,175.93,180.99,22.6415,,,,,,,1368240000,,27.53,,195.98,135.68
2025-12-28,HSY,6.69,11489095000.0,27.53,,0.177,22.51,,,,,,,,,,,,,,,None,5901375000,5901375000,,,,,,None,455255000,,5.48,0.0297,,,,-0.382,0.24,2648253000,3103508000,1.06,2024-12-31,27.62,,4334866000.0,5300888000,2473936000,252697000,,,None,174317000,8662000,,None,,,,,2221239000,2221239000,-165655000,None,0.135,,2402656000,2898232000,,,,,None,,,,,48.57,8.21,3.251,,,,,,,,0.118,,,2025-10-30,annual,1.3,USD,pre-market,55798000,,0.0933,0.31,0.065,56.66,1662693000,,,,175.93,180.99,22.6415,,,,,,,11202263000,,27.53,,195.98,135.68
2025-12-28,HSY,6.69,11489095000.0,27.53,,0.177,22.51,,,,,,,,,,,,,,,None,6167176000,6167176000,,,,,,None,419815000,,5.48,0.0297,,,,-0.382,0.24,2333375000,2753190000,1.06,2023-12-31,27.62,,4334866000.0,4997816000,2171864000,310077000,,,None,161511000,9726000,,None,,,,,1861787000,1861787000,-151785000,None,0.135,,2436949000,2560867000,,,,,None,,,,,48.57,8.21,3.251,,,,,,,,0.118,,,2025-10-30,annual,1.3,USD,pre-market,50030000,,0.0933,0.31,0.065,56.66,2464518000,,,,175.93,180.99,22.6415,,,,,,,11164992000,,27.53,,195.98,135.68
2025-12-28,HSY,6.69,11489095000.0,27.53,,0.177,22.51,,,,,,,,,,,,,,,None,5920509000,5920509000,,,,,,None,378959000,,5.48,0.0297,,,,-0.382,0.24,2057166000,2436125000,1.06,2022-12-31,27.62,,4334866000.0,4498785000,1917071000,272254000,,,None,140095000,137557000,,None,,,,,1644817000,1644817000,-137557000,None,0.135,,2237998000,2260787000,,,,,-206159000,,,,,48.57,8.21,3.251,,,,,,,,0.118,,,2025-10-30,annual,1.3,USD,pre-market,46943000,,0.0933,0.31,0.065,56.66,2254475000,,,,175.93,180.99,22.6415,,,,,,,10419294000,,27.53,,195.98,135.68
2025-12-28,HSY,6.69,11489095000.0,27.53,,0.177,22.51,,,,,,,,,,,,,,,None,4922739000,4922739000,,,,,,None,315002000,,5.48,0.0297,,,,-0.382,0.24,1927070000,2242072000,1.06,2021-12-31,27.62,,4334866000.0,4048598000,1797224000,314405000,,,None,129846000,127417000,,None,,,,,1477512000,1482819000,-127417000,None,0.135,,2004876000,2043722000,,,,,-119081000,,,,,48.57,8.21,3.251,,,,,,,,0.118,,,2025-10-30,annual,1.3,USD,pre-market,40107000,,0.0933,0.31,0.065,56.66,2006528000,,,,175.93,180.99,22.6415,,,,,,,8971337000,,27.53,,195.98,135.68
2025-12-28,HSY,6.69,11489095000.0,27.53,,0.177,22.51,,,,,,,,,,,,,,,None,4448450000,4448450000,,,,,,None,294907000,,5.48,0.0297,,,,-0.382,0.24,1648468000,1943375000,1.06,2020-12-31,27.62,,4334866000.0,3701269000,1494997000,219584000,,,None,153471000,149374000,,None,,,,,1278708000,1275413000,-149374000,None,0.135,,1918571000,1782698000,,,,,-138327000,,,,,48.57,8.21,3.251,,,,,,,,0.118,,,2025-10-30,annual,1.3,USD,pre-market,37577000,,0.0933,0.31,0.065,56.66,1373989000,,,,175.93,180.99,22.6415,,,,,,,8149719000,,27.53,,195.98,135.68
2025-12-28,HSY,6.69,11489095000.0,27.53,,0.177,22.51,,,,,,,,,,,,,,,None,4363774000,4363774000,,,,,,None,291544000,,5.48,0.0297,,,,-0.382,0.24,1532906000,1824450000,1.06,2019-12-31,27.62,,4334866000.0,3622478000,1380784000,234032000,,,None,152122000,7997000,,None,,,,,1149692000,1146752000,-144125000,None,0.135,,2026526000,1595952000,,,,,-71043000,,,,,48.57,8.21,3.251,,,,,,,,0.118,,,2025-10-30,annual,1.3,USD,pre-market,37146000,,0.0933,0.31,0.065,56.66,1392627000,,,,175.93,180.99,22.6415,,,,,,,7986252000,,27.53,,195.98,135.68
2025-12-28,HSY,6.69,11489095000.0,27.53,,0.177,22.51,,,,,,,,,,,,,,,None,4215744000,4215744000,,,,,,None,295144000,,5.48,0.0297,,,,-0.382,0.24,1556919000,1852063000,1.06,2018-12-31,27.62,,4334866000.0,3575325000,1410061000,239010000,,,None,146858000,8021000,,None,,,,,1177562000,1171051000,-138837000,None,0.135,,1951661000,1623664000,,,,,-74766000,,,,,48.57,8.21,3.251,,,,,,,,0.118,,,2025-10-30,annual,1.3,USD,pre-market,38521000,,0.0933,0.31,0.065,56.66,1394921000,,,,175.93,180.99,22.6415,,,,,,,7791069000,,27.53,,195.98,135.68
2025-12-28,HSY,6.69,11489095000.0,27.53,,0.177,22.51,,,,,,,,,,,,,,,None,4060050000,4060050000,,,,,,None,261853000,,5.48,0.0297,,,,-0.382,0.24,1210734000,1472587000,1.06,2017-12-31,27.62,,4334866000.0,3455376000,1110668000,354131000,,,None,100066000,1784000,,None,,,,,782981000,756537000,-98282000,None,0.135,,2141967000,1313409000,,,,,-65691000,,,,,48.57,8.21,3.251,,,,,,,,0.118,,,2025-10-30,annual,1.3,USD,pre-market,45850000,,0.0933,0.31,0.065,56.66,1344199000,,,,175.93,180.99,22.6415,,,,,,,7515426000,,27.53,,195.98,135.68
2025-12-28,HSY,6.69,11489095000.0,27.53,,0.177,22.51,,,,,,,,,,,,,,,None,4270642000,4270642000,,,,,,None,301837000,,5.48,0.0297,,,,-0.382,0.24,1191429000,1493266000,1.06,2016-12-31,27.62,,4334866000.0,3169539000,1099481000,379437000,,,None,91948000,1805000,,None,,,,,720044000,720044000,-90143000,None,0.135,,1914366000,1205783000,,,,,-16159000,,,,,48.57,8.21,3.251,,,,,,,,0.118,,,2025-10-30,annual,1.3,USD,pre-market,47268000,,0.0933,0.31,0.065,56.66,1393899000,,,,175.93,180.99,22.6415,,,,,,,7440181000,,27.53,,195.98,135.68
2025-12-28,HSY,6.69,11489095000.0,27.53,,0.177,22.51,,,,,,,,,,,,,,,None,4003951000,4003951000,,,,,,None,244928000,,5.48,0.0297,,,,-0.382,0.24,982830000,1227758000,1.06,2015-12-31,27.62,,4334866000.0,3382675000,901847000,388896000,,,None,80983000,77447000,,None,,,,,512951000,512951000,None,None,0.135,,2344916000,1037759000,,,,,-30139000,,,,,48.57,8.21,3.251,,,,,,,,0.118,,,2025-10-30,annual,1.3,USD,pre-market,49281000,,0.0933,0.31,0.065,56.66,1407664000,,,,175.93,180.99,22.6415,,,,,,,7386626000,,27.53,,195.98,135.68
2025-12-28,HSY,6.69,11489095000.0,27.53,,0.177,22.51,,,,,,,,,,,,,,,None,4085602000,4085602000,,,,,,None,211532000,,5.48,0.0297,,,,-0.382,0.24,1435196000,1646728000,1.06,2014-12-31,27.62,,4334866000.0,3336166000,1306043000,459131000,,,None,83532000,None,,None,,,,,846912000,846912000,None,None,0.135,,1900970000,1435196000,,,,,None,,,,,48.57,8.21,3.251,,,,,,,,0.118,,,2025-10-30,annual,1.3,USD,pre-market,47554000,,0.0933,0.31,0.065,56.66,1900970000,,,,175.93,180.99,22.6415,,,,,,,7421768000,,27.53,,195.98,135.68
2025-12-28,HSY,6.69,11489095000.0,27.53,,0.177,22.51,,,,,,,,,,,,,,,None,3865231000,3865231000,,,,,,None,201033000,,5.48,0.0297,,,,-0.382,0.24,1358340000,1559373000,1.06,2013-12-31,27.62,,4334866000.0,3280848000,1251319000,430849000,,,None,88356000,None,,None,,,,,820470000,820470000,None,None,0.135,,1922508000,1358340000,,,,,None,,,,,48.57,8.21,3.251,,,,,,,,0.118,,,2025-10-30,annual,1.3,USD,pre-market,47600000,,0.0933,0.31,0.065,56.66,1922508000,,,,175.93,180.99,22.6415,,,,,,,7146079000,,27.53,,195.98,135.68
2025-12-28,HSY,6.69,11489095000.0,27.53,,0.177,22.51,,,,,,,,,,,,,,,None,3784370000,3784370000,,,,,,None,210037000,,5.48,0.0297,,,,-0.382,0.24,1156086000,1366123000,1.06,2012-12-31,27.62,,4334866000.0,2859882000,1015579000,354648000,,,None,95569000,None,,None,,,,,660931000,660931000,None,None,0.135,,1703796000,1156086000,,,,,None,,,,,48.57,8.21,3.251,,,,,,,,0.118,,,2025-10-30,annual,1.3,USD,pre-market,39000000,,0.0933,0.31,0.065,56.66,1703796000,,,,175.93,180.99,22.6415,,,,,,,6644252000,,27.53,,195.98,135.68
2025-12-28,HSY,6.69,11489095000.0,27.53,,0.177,22.51,,,,,,,,,,,,,,,None,3548896000,3548896000,,,,,,None,215763000,,5.48,0.0297,,,,-0.382,0.24,1057625000,1273388000,1.06,2011-12-31,27.62,,4334866000.0,2531892000,962845000,333883000,,,None,94780000,None,,None,,,,,628962000,962845000,None,None,0.135,,1476864000,1055028000,,,,,None,,,,,48.57,8.21,3.251,,,,,,,,0.118,,,2025-10-30,annual,1.3,USD,pre-market,32200000,,0.0933,0.31,0.065,56.66,1477750000,,,,175.93,180.99,22.6415,,,,,,,6080788000,,27.53,,195.98,135.68
2025-12-28,HSY,6.69,11489095000.0,27.53,,0.177,22.51,,,,,,,,,,,,,,,None,3255801000,3255801000,,,,,,None,197116000,,5.48,0.0297,,,,-0.382,0.24,906568000,1103684000,1.06,2010-12-31,27.62,,4334866000.0,2415208000,808864000,299065000,,,None,97704000,None,,None,,,,,509799000,509799000,None,None,0.135,,1509910000,905298000,,,,,None,,,,,48.57,8.21,3.251,,,,,,,,0.118,,,2025-10-30,annual,1.3,USD,pre-market,30500000,,0.0933,0.31,0.065,56.66,1426477000,,,,175.93,180.99,22.6415,,,,,,,5671009000,,27.53,,195.98,135.68
2025-12-28,HSY,6.69,11489095000.0,27.53,,0.177,22.51,,,,,,,,,,,,,,,None,3245531000,3245531000,,,,,,None,182411000,,5.48,0.0297,,,,-0.382,0.24,762467000,944878000,1.06,2009-12-31,27.62,,4334866000.0,2053137000,671131000,235137000,,,None,91336000,None,,None,,,,,435994000,435994000,None,None,0.135,,1291547000,761590000,,,,,None,,,,,48.57,8.21,3.251,,,,,,,,0.118,,,2025-10-30,annual,1.3,USD,pre-market,28100000,,0.0933,0.31,0.065,56.66,1208672000,,,,175.93,180.99,22.6415,,,,,,,5298668000,,27.53,,195.98,135.68
2025-12-28,HSY,6.69,11489095000.0,27.53,,0.177,22.51,,,,,,,,,,,,,,,None,3375050000,3375050000,,,,,,None,249491000,,5.48,0.0297,,,,-0.382,0.24,589898000,839389000,1.06,2008-12-31,27.62,,4334866000.0,1757718000,492022000,180617000,,,None,99678000,None,,None,,,,,311405000,None,None,None,0.135,,1167820000,589898000,,,,,None,,,,,48.57,8.21,3.251,,,,,,,,0.118,,,2025-10-30,annual,1.3,USD,pre-market,28100000,,0.0933,0.31,0.065,56.66,1073019000,,,,175.93,180.99,22.6415,,,,,,,5132768000,,27.53,,195.98,135.68
2025-12-28,HSY,6.69,11489095000.0,27.53,,0.177,22.51,,,,,,,,,,,,,,,None,3315147000,3315147000,,,,,,None,310925000,,5.48,0.0297,,,,-0.382,0.24,461308000,772233000,1.06,2007-12-31,27.62,,4334866000.0,1631569000,340242000,126088000,,,None,121066000,None,,None,,,,,214154000,None,None,None,0.135,,1172742000,458827000,,,,,None,,,,,48.57,8.21,3.251,,,,,,,,0.118,,,2025-10-30,annual,1.3,USD,pre-market,28000000,,0.0933,0.31,0.065,56.66,895874000,,,,175.93,180.99,22.6415,,,,,,,4946716000,,27.53,,195.98,135.68
2025-12-28,HSY,6.69,11489095000.0,27.53,,0.177,22.51,,,,,,,,,,,,,,,None,3076718000,3076718000,,,,,,None,199911000,,5.48,0.0297,,,,-0.382,0.24,1007134000,1207045000,1.06,2006-12-31,27.62,,4334866000.0,1867512000,876502000,317441000,,,None,0,None,,None,,,,,559061000,None,None,None,0.135,,874954000,992558000,,,,,None,,,,,48.57,8.21,3.251,,,,,,,,0.118,,,2025-10-30,annual,1.3,USD,pre-market,27600000,,0.0933,0.31,0.065,56.66,860378000,,,,175.93,180.99,22.6415,,,,,,,4944230000,,27.53,,195.98,135.68
2025-12-28,HSY,6.69,11489095000.0,27.53,,0.177,22.51,,,,,,,,,,,,,,,None,2956682000,2956682000,,,,,,None,218032000,,5.48,0.0297,,,,-0.382,0.24,950159000,1168191000,1.06,2005-12-31,27.62,,4334866000.0,1863145000,772926000,279682000,,,None,0,None,,None,,,,,493244000,None,None,None,0.135,,1009523000,860911000,,,,,None,,,,,48.57,8.21,3.251,,,,,,,,0.118,,,2025-10-30,annual,1.3,USD,pre-market,22600000,,0.0933,0.31,0.065,56.66,912986000,,,,175.93,180.99,22.6415,,,,,,,4835974000,,27.53,,195.98,135.68
2025-12-28,HSY,6.69,11489095000.0,27.53,None,0.177,22.51,,346041000,1163017000,1163017000,,,,,,,,,221553000,203494000,None,2956682000,2956682000,1459680000,None,717293000,966411000,None,None,218032000,,5.48,0.0297,,,,-0.382,0.24,950159000,1168191000,1.06,2025-09-30,27.62,2711338000,4334866000.0,1863145000,772926000,279682000,1891101000,1891101000,None,0,None,1707522000,None,None,4677086000,None,199575000,493244000,None,None,None,0.135,,1009523000,860911000,561155000,906039000,None,225637000,None,,,,,48.57,8.21,3.251,,,,,,,,0.118,,3763486000,2025-10-30,quarterly,1.3,USD,pre-market,22600000,5447367000,0.0933,0.31,0.065,56.66,912986000,5740420000,763584000,None,175.93,180.99,22.6415,13579426000,4398105000,3227764000,9014980000,9181321000,5787216000,4835974000,4564446000,27.53,None,195.98,135.68
2025-12-28,HSY,6.69,11489095000.0,27.53,None,0.177,22.51,,356428000,912345000,912345000,,,,,,,,,221553000,203188000,None,2956682000,2956682000,736759000,None,467989000,820220000,None,None,218032000,,5.48,0.0297,,,,-0.382,0.24,950159000,1168191000,1.06,2025-06-30,27.62,2713018000,4334866000.0,1863145000,772926000,279682000,1912610000,1912610000,None,0,None,1842295000,None,None,5176436000,None,204143000,493244000,None,None,None,0.135,,1009523000,860911000,850693000,1543224000,None,227580000,None,,,,,48.57,8.21,3.251,,,,,,,,0.118,,3442194000,2025-10-30,quarterly,1.3,USD,pre-market,22600000,5442869000,0.0933,0.31,0.065,56.66,912986000,6000853000,514529000,None,175.93,180.99,22.6415,13645737000,4425553000,2893307000,9131119000,9220184000,6237812000,4835974000,4514618000,27.53,None,195.98,135.68
2025-12-28,HSY,6.69,11489095000.0,27.53,None,0.177,22.51,,365322000,1515252000,1515252000,,,,,,,,,221553000,203141000,None,2956682000,2956682000,775019000,None,748243000,879633000,None,None,218032000,,5.48,0.0297,,,,-0.382,0.24,950159000,1168191000,1.06,2025-03-31,27.62,2707786000,4334866000.0,1863145000,772926000,279682000,2214107000,2214107000,None,0,None,1467333000,None,None,5177251000,None,209578000,493244000,None,None,None,0.135,,1009523000,860911000,941918000,1421706000,None,241659000,None,,,,,48.57,8.21,3.251,,,,,,,,0.118,,3794051000,2025-10-30,quarterly,1.3,USD,pre-market,22600000,5652065000,0.0933,0.31,0.065,56.66,912986000,6290816000,793925000,None,175.93,180.99,22.6415,13967764000,4804136000,3016145000,9282868000,9163628000,6266723000,4835974000,4684896000,27.53,None,195.98,135.68
2025-12-28,HSY,6.69,11489095000.0,27.53,None,0.177,22.51,,419205000,730746000,730746000,,,,,,,,,221553000,203487000,None,2956682000,2956682000,807918000,None,1906275000,800402000,None,None,218032000,,5.48,0.0297,,,,-0.382,0.24,950159000,1168191000,1.06,2024-12-31,27.62,2705753000,4334866000.0,1863145000,772926000,279682000,2240953000,2240953000,None,0,None,1254094000,None,None,3122074000,None,212928000,493244000,None,None,None,0.135,,1009523000,860911000,974215000,1117964000,None,262649000,None,,,,,48.57,8.21,3.251,,,,,,,,0.118,,3796592000,2025-10-30,quarterly,1.3,USD,pre-market,22600000,5698316000,0.0933,0.31,0.065,56.66,912986000,5447554000,1952577000,None,175.93,180.99,22.6415,12946861000,3759457000,3929495000,8232207000,9187404000,4302712000,4835974000,4714654000,27.53,None,195.98,135.68
2025-12-28,HSY,6.69,11489095000.0,27.53,None,0.177,22.51,,353923000,614951000,614951000,,,,,,,,,221553000,203030000,None,2956682000,2956682000,774135000,None,2101222000,1142514000,None,None,218032000,,5.48,0.0297,,,,-0.382,0.24,950159000,1168191000,1.06,2024-09-30,27.62,2692195000,4334866000.0,1863145000,772926000,279682000,1818980000,1818980000,None,0,None,1301956000,None,None,3189079000,None,207855000,493244000,None,None,None,0.135,,1009523000,860911000,492383000,1208298000,None,278586000,None,,,,,48.57,8.21,3.251,,,,,,,,0.118,,3736610000,2025-10-30,quarterly,1.3,USD,pre-market,22600000,5172717000,0.0933,0.31,0.065,56.66,912986000,5644224000,2140745000,None,175.93,180.99,22.6415,12621410000,3551804000,4195014000,8416441000,9069606000,4221427000,4835974000,4204969000,27.53,None,195.98,135.68
2025-12-28,HSY,6.69,11489095000.0,27.53,None,0.177,22.51,,346131000,467058000,467058000,,,,,,,,,221553000,203007000,None,2956682000,2956682000,781166000,None,1926450000,846440000,None,None,218032000,,5.48,0.0297,,,,-0.382,0.24,950159000,1168191000,1.06,2024-06-30,27.62,2691613000,4334866000.0,1863145000,772926000,279682000,2219253000,2219253000,None,0,None,1459488000,None,None,3489393000,None,215759000,493244000,None,None,None,0.135,,1009523000,860911000,562641000,1102514000,None,273504000,None,,,,,48.57,8.21,3.251,,,,,,,,0.118,,None,2025-10-30,quarterly,1.3,USD,pre-market,22600000,4997269000,0.0933,0.31,0.065,56.66,912986000,5761974000,1964719000,None,175.93,180.99,22.6415,12415674000,3335627000,3885631000,8405808000,9080047000,4520177000,4835974000,4009866000,27.53,None,195.98,135.68
2025-12-28,HSY,6.69,11489095000.0,27.53,None,0.177,22.51,,311641000,520404000,520404000,,,,,,,,,221553000,204875000,None,2956682000,2956682000,532335000,None,1595073000,1205724000,None,None,218032000,,5.48,0.0297,,,,-0.382,0.24,950159000,1168191000,1.06,2024-03-31,27.62,2693921000,4334866000.0,1863145000,772926000,279682000,2230306000,2230306000,None,0,None,1137857000,None,None,3790013000,None,190419000,493244000,None,None,None,0.135,,1009523000,860911000,523392000,1326398000,None,267658000,None,,,,,48.57,8.21,3.251,,,,,,,,0.118,,None,2025-10-30,quarterly,1.3,USD,pre-market,22600000,5087126000,0.0933,0.31,0.065,56.66,912986000,5696727000,1630297000,None,175.93,180.99,22.6415,12389754000,3387377000,3489030000,8281467000,9002377000,4792437000,4835974000,4108287000,27.53,None,195.98,135.68
2025-12-28,HSY,6.69,11489095000.0,27.53,None,0.177,22.51,,311583000,401902000,401902000,,,,,,,,,221553000,205357000,None,2956682000,2956682000,630536000,None,1024897000,823617000,None,None,218032000,,5.48,0.0297,,,,-0.382,0.24,950159000,1168191000,1.06,2023-12-31,27.62,2696050000,4334866000.0,1863145000,772926000,279682000,2239434000,2239434000,None,0,None,1340996000,None,None,3789132000,None,207177000,493244000,None,None,None,0.135,,1009523000,860911000,345588000,1318425000,None,263917000,None,,,,,48.57,8.21,3.251,,,,,,,,0.118,,None,2025-10-30,quarterly,1.3,USD,pre-market,22600000,4562263000,0.0933,0.31,0.065,56.66,912986000,5125612000,1059391000,None,175.93,180.99,22.6415,11902941000,2912103000,3008352000,7803855000,8990838000,4795503000,4835974000,4099086000,27.53,None,195.98,135.68
2025-12-28,HSY,6.69,11489095000.0,27.53,None,0.177,22.51,,390983000,471252000,471252000,,,,,,,,,221553000,205488000,None,2956682000,2956682000,675389000,None,827671000,1127728000,None,None,218032000,,5.48,0.0297,,,,-0.382,0.24,950159000,1168191000,1.06,2023-09-30,27.62,2693182000,4334866000.0,1863145000,772926000,279682000,1907371000,1907371000,None,0,None,1347820000,None,None,4086087000,None,126325000,493244000,None,None,None,0.135,,1009523000,860911000,243617000,1399097000,None,641801000,None,,,,,48.57,8.21,3.251,,,,,,,,0.118,,3156064000,2025-10-30,quarterly,1.3,USD,pre-market,22600000,4451463000,0.0933,0.31,0.065,56.66,912986000,5232045000,861991000,None,175.93,180.99,22.6415,11935671000,3190417000,2936477000,7968031000,8745254000,5031554000,4835974000,3967640000,27.53,None,195.98,135.68
2025-12-28,HSY,6.69,11489095000.0,27.53,None,0.177,22.51,,397753000,446161000,446161000,,,,,,,,,221553000,205533000,None,2956682000,2956682000,1014058000,None,867783000,764269000,None,None,218032000,,5.48,0.0297,,,,-0.382,0.24,950159000,1168191000,1.06,2023-06-30,27.62,2695997000,4334866000.0,1863145000,772926000,279682000,1928184000,1928184000,None,0,None,1385424000,None,None,4086195000,None,126114000,493244000,None,None,None,0.135,,1009523000,860911000,285051000,810349000,None,714532000,None,,,,,48.57,8.21,3.251,,,,,,,,0.118,,3014876000,2025-10-30,quarterly,1.3,USD,pre-market,22600000,4171010000,0.0933,0.31,0.065,56.66,912986000,5278500000,901650000,None,175.93,180.99,22.6415,11525676000,2880905000,2726057000,7830891000,8644771000,5104834000,4835974000,3694785000,27.53,None,195.98,135.68
2025-12-28,HSY,6.69,11489095000.0,27.53,None,0.177,22.51,,396512000,460346000,460346000,,,,,,,,,221553000,205837000,None,2956682000,2956682000,1004907000,None,1361175000,856841000,None,None,218032000,,5.48,0.0297,,,,-0.382,0.24,950159000,1168191000,1.06,2023-03-31,27.62,2607833000,4334866000.0,1863145000,772926000,279682000,1947584000,1947584000,None,0,None,1180367000,None,None,3271880000,None,145338000,493244000,None,None,None,0.135,,1009523000,860911000,228546000,882424000,None,712143000,None,,,,,48.57,8.21,3.251,,,,,,,,0.118,,2822238000,2025-10-30,quarterly,1.3,USD,pre-market,22600000,3970562000,0.0933,0.31,0.065,56.66,912986000,5024743000,1394017000,None,175.93,180.99,22.6415,11111518000,2726100000,3281348000,7653153000,8385418000,4371805000,4835974000,3458365000,27.53,None,195.98,135.68
2025-12-28,HSY,6.69,11489095000.0,27.53,None,0.177,22.51,,326636000,463889000,463889000,,,,,,,,,221553000,206291000,None,2956682000,2956682000,970558000,None,1447368000,711203000,None,None,218032000,,5.48,0.0297,,,,-0.382,0.24,950159000,1168191000,1.06,2022-12-31,27.62,2606956000,4334866000.0,1863145000,772926000,279682000,2286303000,2286303000,None,0,None,1173119000,None,None,3343977000,None,133029000,493244000,None,None,None,0.135,,1009523000,860911000,272195000,800731000,None,719742000,None,,,,,48.57,8.21,3.251,,,,,,,,0.118,,2769702000,2025-10-30,quarterly,1.3,USD,pre-market,22600000,3589781000,0.0933,0.31,0.065,56.66,912986000,5117981000,1479155000,None,175.93,180.99,22.6415,10948820000,2620406000,3257154000,7649276000,8328414000,4392122000,4835974000,3299544000,27.53,None,195.98,135.68
2025-12-28,HSY,6.69,11489095000.0,27.53,None,0.177,22.51,,396828000,327741000,327741000,,,,,,,,,221553000,206274000,None,2956682000,2956682000,915299000,None,1543138000,929482000,None,None,218032000,,5.48,0.0297,,,,-0.382,0.24,950159000,1168191000,1.06,2022-09-30,27.62,2604889000,4334866000.0,1863145000,772926000,279682000,2296684000,2296684000,None,0,None,1184385000,None,None,3273886000,None,132226000,493244000,None,None,None,0.135,,1009523000,860911000,251126000,895828000,None,750870000,None,,,,,48.57,8.21,3.251,,,,,,,,0.118,,2622587000,2025-10-30,quarterly,1.3,USD,pre-market,22600000,3401198000,0.0933,0.31,0.065,56.66,912986000,5213852000,1577487000,None,175.93,180.99,22.6415,10832907000,2692734000,3388614000,7749827000,8140173000,4361213000,4835974000,3083080000,27.53,None,195.98,135.68
2025-12-28,HSY,6.69,11489095000.0,27.53,None,0.177,22.51,,406044000,339722000,339722000,,,,,,,,,221553000,206449000,None,2956682000,2956682000,876193000,None,1664217000,654399000,None,None,218032000,,5.48,0.0297,,,,-0.382,0.24,950159000,1168191000,1.06,2022-06-30,27.62,2616497000,4334866000.0,1863145000,772926000,279682000,2303769000,2303769000,None,0,None,1208239000,None,None,3273122000,None,139731000,493244000,None,None,None,0.135,,1009523000,860911000,226105000,724760000,None,764041000,None,,,,,48.57,8.21,3.251,,,,,,,,0.118,,2590826000,2025-10-30,quarterly,1.3,USD,pre-market,22600000,3208598000,0.0933,0.31,0.065,56.66,912986000,5343383000,1699957000,None,175.93,180.99,22.6415,10588874000,2428465000,3300910000,7697134000,8160409000,4396224000,4835974000,2891740000,27.53,-1528121000,195.98,135.68
2025-12-28,HSY,6.69,11489095000.0,27.53,None,0.177,22.51,,417677000,338055000,338055000,,,,,,,,,221553000,207270000,None,2956682000,2956682000,825231000,None,873076000,868426000,None,None,218032000,,5.48,0.0297,,,,-0.382,0.24,950159000,1168191000,1.06,2022-03-31,27.62,2620594000,4334866000.0,1863145000,772926000,279682000,2309871000,2309871000,None,0,None,1031503000,None,None,4022871000,None,109380000,493244000,None,None,None,0.135,,1009523000,860911000,219454000,827814000,None,781048000,None,,,,,48.57,8.21,3.251,,,,,,,,0.118,,2592628000,2025-10-30,quarterly,1.3,USD,pre-market,22600000,3071416000,0.0933,0.31,0.065,56.66,912986000,5313624000,912592000,None,175.93,180.99,22.6415,10645044000,2457438000,2565637000,7729495000,8187606000,5163858000,4835974000,2915549000,27.53,-1378651000,195.98,135.68
2025-12-28,HSY,6.69,11489095000.0,27.53,None,0.177,22.51,,416337000,329266000,329266000,,,,,,,,,221553000,207447000,None,2956682000,2956682000,692338000,None,942267000,671464000,None,None,218032000,,5.48,0.0297,,,,-0.382,0.24,950159000,1168191000,1.06,2021-12-31,27.62,2633174000,4334866000.0,1863145000,772926000,279682000,2037588000,2037588000,None,0,None,988511000,None,None,4086627000,None,93089000,493244000,None,None,None,0.135,,1009523000,860911000,256965000,822416000,None,787058000,None,,,,,48.57,8.21,3.251,,,,,,,,0.118,,2586187000,2025-10-30,quarterly,1.3,USD,pre-market,22600000,2719936000,0.0933,0.31,0.065,56.66,912986000,5376085000,978559000,None,175.93,180.99,22.6415,10412231000,2246206000,2493313000,7655002000,8166025000,5161689000,4835974000,2757229000,27.53,-1195376000,195.98,135.68
2025-12-28,HSY,6.69,11489095000.0,27.53,None,0.177,22.51,,270229000,675516000,675516000,,,,,,,,,221553000,207426000,None,2956682000,2956682000,671855000,None,409653000,841227000,None,None,218032000,,5.48,0.0297,,,,-0.382,0.24,950159000,1168191000,1.06,2021-09-30,27.62,2164580000,4334866000.0,1863145000,772926000,279682000,1726473000,1726473000,None,0,None,1026541000,None,None,4020446000,None,77865000,493244000,None,None,None,0.135,,1009523000,860911000,198660000,796298000,None,211932000,None,,,,,48.57,8.21,3.251,,,,,,,,0.118,,2370193000,2025-10-30,quarterly,1.3,USD,pre-market,22600000,2565538000,0.0933,0.31,0.065,56.66,912986000,4700328000,438342000,None,175.93,180.99,22.6415,9439183000,2741944000,1906495000,6902050000,6697239000,4995555000,4835974000,2528294000,27.53,-1200409000,195.98,135.68
2025-12-28,HSY,6.69,11489095000.0,27.53,None,0.177,22.51,,276326000,426201000,426201000,,,,,,,,,221553000,207671000,None,2956682000,2956682000,615641000,None,211034000,532401000,None,None,218032000,,5.48,0.0297,,,,-0.382,0.24,950159000,1168191000,1.06,2021-06-30,27.62,2166446000,4334866000.0,1863145000,772926000,279682000,1724699000,1724699000,None,0,None,1060422000,None,None,4019785000,None,81606000,493244000,None,None,None,0.135,,1009523000,860911000,200157000,731768000,None,225858000,None,,,,,48.57,8.21,3.251,,,,,,,,0.118,,2547893000,2025-10-30,quarterly,1.3,USD,pre-market,22600000,2301805000,0.0933,0.31,0.065,56.66,912986000,4507145000,239593000,None,175.93,180.99,22.6415,8883863000,2219181000,1587002000,6609970000,6664682000,5022968000,4835974000,2265049000,27.53,-1180881000,195.98,135.68
2025-12-28,HSY,6.69,11489095000.0,27.53,None,0.177,22.51,,294948000,1132242000,1132242000,,,,,,,,,221553000,208564000,None,2956682000,2956682000,553642000,None,413725000,634830000,None,None,218032000,,5.48,0.0297,,,,-0.382,0.24,950159000,1168191000,1.06,2021-03-31,27.62,1989462000,4334866000.0,1863145000,772926000,279682000,1483540000,1483540000,None,0,None,909802000,None,None,4018416000,None,60982000,493244000,None,None,None,0.135,,1009523000,860911000,183150000,767842000,None,673756000,None,,,,,48.57,8.21,3.251,,,,,,,,0.118,,2298817000,2025-10-30,quarterly,1.3,USD,pre-market,22600000,2162464000,0.0933,0.31,0.065,56.66,912986000,4727089000,453148000,None,175.93,180.99,22.6415,9038128000,2860024000,1774632000,6773282000,6178104000,4998650000,4835974000,2255994000,27.53,-994765000,195.98,135.68
2025-12-28,HSY,6.69,11489095000.0,27.53,None,0.177,22.51,,218449000,1143987000,1143987000,,,,,,,,,221553000,209384000,None,2956682000,2956682000,580058000,None,512870000,615233000,None,None,218032000,,5.48,0.0297,,,,-0.382,0.24,950159000,1168191000,1.06,2020-12-31,27.62,1988215000,4334866000.0,1863145000,772926000,279682000,1295214000,1295214000,None,0,None,964207000,None,None,4089755000,None,None,493244000,None,None,None,0.135,,1009523000,860911000,254478000,762239000,None,683434000,None,,,,,48.57,8.21,3.251,,,,,,,,0.118,,2285255000,2025-10-30,quarterly,1.3,USD,pre-market,22600000,1928673000,0.0933,0.31,0.065,56.66,912986000,4821074000,549448000,None,175.93,180.99,22.6415,9131845000,2977905000,1891745000,6893962000,6153940000,5002217000,4835974000,2234352000,27.53,-768992000,195.98,135.68
2025-12-28,HSY,6.69,11489095000.0,27.53,None,0.177,22.51,,222906000,1205889000,1205889000,,,,,,,,,221553000,209140000,None,2956682000,2956682000,589586000,None,834008000,829513000,None,None,218032000,,5.48,0.0297,,,,-0.382,0.24,950159000,1168191000,1.06,2020-09-30,27.62,1981503000,4334866000.0,1863145000,772926000,279682000,1478926000,1478926000,None,0,None,958483000,None,None,4017963000,None,None,493244000,None,None,None,0.135,,1009523000,860911000,213211000,769402000,None,653587000,None,,,,,48.57,8.21,3.251,,,,,,,,0.118,,2183376000,2025-10-30,quarterly,1.3,USD,pre-market,22600000,1800186000,0.0933,0.31,0.065,56.66,912986000,5150086000,869205000,None,175.93,180.99,22.6415,9255034000,3207096000,2228193000,7186221000,6047938000,4958028000,4835974000,2065854000,27.53,-773161000,195.98,135.68
2025-12-28,HSY,6.69,11489095000.0,27.53,None,0.177,22.51,,215860000,1165331000,1165331000,,,,,,,,,221553000,209070000,None,2956682000,2956682000,530042000,None,986747000,540398000,None,None,218032000,,5.48,0.0297,,,,-0.382,0.24,950159000,1168191000,1.06,2020-06-30,27.62,1979002000,4334866000.0,1863145000,772926000,279682000,1482519000,1482519000,None,0,None,999380000,None,None,4091211000,None,None,493244000,None,None,None,0.135,,1009523000,860911000,197835000,666795000,None,643847000,None,,,,,48.57,8.21,3.251,,,,,,,,0.118,,2165346000,2025-10-30,quarterly,1.3,USD,pre-market,22600000,1516543000,0.0933,0.31,0.065,56.66,912986000,5293818000,1017981000,None,175.93,180.99,22.6415,8911071000,2902944000,2214818000,7154982000,6008127000,4940164000,4835974000,1753605000,27.53,-779176000,195.98,135.68
2025-12-28,HSY,6.69,11489095000.0,27.53,None,0.177,22.51,,211145000,1094796000,1094796000,,,,,,,,,221553000,210147000,None,2956682000,2956682000,531928000,None,1626313000,705639000,None,None,218032000,,5.48,0.0297,,,,-0.382,0.24,950159000,1168191000,1.06,2020-03-31,27.62,1976699000,4334866000.0,1863145000,772926000,279682000,1487771000,1487771000,None,0,None,832193000,None,None,3453525000,None,None,493244000,None,None,None,0.135,,1009523000,860911000,222125000,706748000,None,637533000,None,,,,,48.57,8.21,3.251,,,,,,,,0.118,,2150217000,2025-10-30,quarterly,1.3,USD,pre-market,22600000,1404453000,0.0933,0.31,0.065,56.66,912986000,5290983000,1654123000,None,175.93,180.99,22.6415,8855443000,2854753000,2892799000,7180902000,6000690000,4288103000,4835974000,1671231000,27.53,-742164000,195.98,135.68
2025-12-28,HSY,6.69,11489095000.0,27.53,None,0.177,22.51,,213372000,493262000,493262000,,,,,,,,,221553000,210491000,None,2956682000,2956682000,550828000,None,735672000,568509000,None,None,218032000,,5.48,0.0297,,,,-0.382,0.24,950159000,1168191000,1.06,2019-12-31,27.62,1985955000,4334866000.0,1863145000,772926000,279682000,1341166000,1341166000,None,0,None,815251000,None,None,3530813000,None,None,493244000,None,None,None,0.135,,1009523000,860911000,240080000,693084000,None,655777000,None,,,,,48.57,8.21,3.251,,,,,,,,0.118,,2153139000,2025-10-30,quarterly,1.3,USD,pre-market,22600000,1290461000,0.0933,0.31,0.065,56.66,912986000,4479857000,764881000,None,175.93,180.99,22.6415,8140395000,2117102000,2008793000,6395401000,6023293000,4386608000,4835974000,1739222000,27.53,-591036000,195.98,135.68
2025-12-28,HSY,6.69,11489095000.0,27.53,None,0.177,22.51,,217928000,302636000,302636000,,,,,,,,,359901000,211312000,None,2956682000,2956682000,553561000,None,1628384000,849218000,None,None,218032000,,5.48,0.0297,,,,-0.382,0.24,950159000,1168191000,1.06,2019-09-30,27.62,1982362000,4334866000.0,1863145000,772926000,279682000,1452726000,1452726000,None,0,None,969071000,None,None,2892296000,None,None,493244000,None,None,None,0.135,,1009523000,860911000,254130000,771462000,None,627842000,None,,,,,48.57,8.21,3.251,,,,,,,,0.118,,2099985000,2025-10-30,quarterly,1.3,USD,pre-market,22600000,7525653000,0.0933,0.31,0.065,56.66,912986000,4738608000,1657351000,None,175.93,180.99,22.6415,8464260000,2375055000,2982374000,6702669000,6089205000,3720295000,4835974000,1753162000,27.53,-6938744000,195.98,135.68
2025-12-28,HSY,6.69,11489095000.0,27.53,None,0.177,22.51,,223268000,365963000,365963000,,,,,,,,,359901000,210817000,None,2956682000,2956682000,479792000,None,1239965000,538746000,None,None,218032000,,5.48,0.0297,,,,-0.382,0.24,950159000,1168191000,1.06,2019-06-30,27.62,1805955000,4334866000.0,1863145000,772926000,279682000,1395061000,1395061000,None,0,None,957953000,None,None,2888043000,None,None,493244000,None,None,None,0.135,,1009523000,860911000,230896000,639067000,None,636913000,None,,,,,48.57,8.21,3.251,,,,,,,,0.118,,2107185000,2025-10-30,quarterly,1.3,USD,pre-market,22600000,7358277000,0.0933,0.31,0.065,56.66,912986000,4351276000,1268568000,None,175.93,180.99,22.6415,7793560000,2093558000,2387427000,6109479000,5700002000,3722052000,4835974000,1675120000,27.53,-6781509000,195.98,135.68
2025-12-28,HSY,6.69,11489095000.0,27.53,None,0.177,22.51,,209814000,465965000,465965000,,,,,,,,,359901000,210327000,None,2956682000,2956682000,500633000,None,1172333000,694136000,None,None,218032000,,5.48,0.0297,,,,-0.382,0.24,950159000,1168191000,1.06,2019-03-31,27.62,1803601000,4334866000.0,1863145000,772926000,279682000,1267833000,1267833000,None,0,None,791289000,None,None,3236317000,None,None,493244000,None,None,None,0.135,,1009523000,860911000,265539000,695041000,None,618133000,None,,,,,48.57,8.21,3.251,,,,,,,,0.118,,2108075000,2025-10-30,quarterly,1.3,USD,pre-market,22600000,7193240000,0.0933,0.31,0.065,56.66,912986000,4618464000,1202511000,None,175.93,180.99,22.6415,7857376000,2216929000,2398185000,6434016000,5640447000,4035831000,4835974000,1414737000,27.53,-6786065000,195.98,135.68
2025-12-28,HSY,6.69,11489095000.0,27.53,None,0.177,22.51,,None,587998000,587998000,,,,,,,,,359901000,211060000,None,2956682000,2956682000,502314000,None,5387000,594145000,None,None,218032000,,5.48,0.0297,,,,-0.382,0.24,950159000,1168191000,1.06,2018-12-31,27.62,1801103000,4334866000.0,1863145000,772926000,279682000,1278292000,1278292000,None,0,None,784879000,None,None,3254280000,None,None,493244000,None,None,None,0.135,,1009523000,860911000,272159000,712936000,None,446048000,None,,,,,48.57,8.21,3.251,,,,,,,,0.118,,2130294000,2025-10-30,quarterly,1.3,USD,pre-market,22600000,7032020000,0.0933,0.31,0.065,56.66,912986000,4457596000,1203316000,None,175.93,180.99,22.6415,7703020000,2239181000,2418566000,6295754000,5463839000,3877188000,4835974000,1398721000,27.53,-6618625000,195.98,135.68
2025-12-28,HSY,6.69,11489095000.0,27.53,None,0.177,22.51,,None,823787000,823787000,,,,,,,,,359901000,210681000,None,2956682000,2956682000,581481000,None,3115000,814923000,None,None,218032000,,5.48,0.0297,,,,-0.382,0.24,950159000,1168191000,1.06,2018-09-30,27.62,1677101000,4334866000.0,1863145000,772926000,279682000,1008051000,1008051000,None,0,None,880673000,None,None,3253879000,None,None,493244000,None,None,None,0.135,,1009523000,860911000,274663000,725004000,None,429232000,None,,,,,48.57,8.21,3.251,,,,,,,,0.118,,2092899000,2025-10-30,quarterly,1.3,USD,pre-market,22600000,6843057000,0.0933,0.31,0.065,56.66,912986000,4706220000,1452341000,0,175.93,180.99,22.6415,7836189000,2794046000,2758826000,6586917000,5042143000,3828091000,4835974000,1234902000,27.53,-6589861000,195.98,135.68
2025-12-28,HSY,6.69,11489095000.0,27.53,None,0.177,22.51,,None,467352000,467352000,,,,,,,,,359901000,210378000,None,2956682000,2956682000,496865000,None,304401000,501863000,None,None,218032000,,5.48,0.0297,,,,-0.382,0.24,950159000,1168191000,1.06,2018-06-30,27.62,1674966000,4334866000.0,1863145000,772926000,279682000,1016312000,1016312000,None,0,None,916440000,None,None,3249689000,None,None,493244000,None,None,None,0.135,,1009523000,860911000,479450000,666064000,None,436691000,None,,,,,48.57,8.21,3.251,,,,,,,,0.118,,2083840000,2025-10-30,quarterly,1.3,USD,pre-market,22600000,6727127000,0.0933,0.31,0.065,56.66,912986000,4601017000,1351328000,0,175.93,180.99,22.6415,7405653000,2365105000,2514257000,6341836000,5040548000,3827579000,4835974000,1049944000,27.53,-6609312000,195.98,135.68
2025-12-28,HSY,6.69,11489095000.0,27.53,None,0.177,22.51,,None,476434000,476434000,,,,,,,,,359901000,211955000,None,2956682000,2956682000,519988000,None,303062000,614295000,None,None,218032000,,5.48,0.0297,,,,-0.382,0.24,950159000,1168191000,1.06,2018-03-31,27.62,1645274000,4334866000.0,1863145000,772926000,279682000,1032848000,1032848000,None,0,None,782460000,None,None,2059934000,None,None,493244000,None,None,None,0.135,,1009523000,860911000,397307000,635972000,None,435186000,None,,,,,48.57,8.21,3.251,,,,,,,,0.118,,2119016000,2025-10-30,quarterly,1.3,USD,pre-market,22600000,6634316000,0.0933,0.31,0.065,56.66,912986000,4609481000,2549547000,0,175.93,180.99,22.6415,7332798000,2270496000,3705507000,6343143000,5062302000,2637636000,4835974000,972128000,27.53,-6593579000,195.98,135.68
2025-12-28,HSY,6.69,11489095000.0,27.53,None,0.177,22.51,,None,380179000,380179000,,,,,,,,,359901000,212596000,None,2956682000,2956682000,523229000,None,300098000,588262000,None,None,218032000,,5.48,0.0297,,,,-0.382,0.24,950159000,1168191000,1.06,2017-12-31,27.62,821061000,4334866000.0,1863145000,772926000,279682000,474037000,474037000,None,0,None,752836000,None,None,2061023000,None,None,493244000,None,None,None,0.135,,1009523000,860911000,280633000,693857000,None,438939000,None,,,,,48.57,8.21,3.251,,,,,,,,0.118,,2106697000,2025-10-30,quarterly,1.3,USD,pre-market,22600000,6371082000,0.0933,0.31,0.065,56.66,912986000,2920480000,859457000,0,175.93,180.99,22.6415,5553726000,2001910000,2076543000,4622161000,3551816000,2545618000,4835974000,915338000,27.53,-6426877000,195.98,135.68
2025-12-28,HSY,6.69,11489095000.0,27.53,None,0.177,22.51,,None,275056000,275056000,,,,,,,,,359901000,213392000,None,2956682000,2956682000,529442000,None,300096000,742832000,None,None,218032000,,5.48,0.0297,,,,-0.382,0.24,950159000,1168191000,1.06,2017-09-30,27.62,822348000,4334866000.0,1863145000,772926000,279682000,375455000,375455000,None,0,None,938187000,None,None,2054132000,None,None,493244000,None,None,None,0.135,,1009523000,860911000,258379000,692544000,None,402396000,None,,,,,48.57,8.21,3.251,,,,,,,,0.118,,2050124000,2025-10-30,quarterly,1.3,USD,pre-market,22600000,6325011000,0.0933,0.31,0.065,56.66,912986000,3169816000,1115684000,0,175.93,180.99,22.6415,5655477000,2214454000,2337670000,4816501000,3441023000,2478831000,4835974000,823270000,27.53,-6434861000,195.98,135.68
2025-12-28,HSY,6.69,11489095000.0,27.53,None,0.177,22.51,,None,214062000,214062000,,,,,,,,,359901000,214640000,None,2956682000,2956682000,471545000,None,2971810000,417457000,None,None,218032000,,5.48,0.0297,,,,-0.382,0.24,950159000,1168191000,1.06,2017-06-30,27.62,818068000,4334866000.0,1863145000,772926000,279682000,378271000,378271000,None,0,None,936437000,None,None,2349756000,None,None,493244000,None,None,None,0.135,,1009523000,860911000,343573000,648606000,None,397204000,None,,,,,48.57,8.21,3.251,,,,,,,,0.118,,2033790000,2025-10-30,quarterly,1.3,USD,pre-market,22600000,6187409000,0.0933,0.31,0.065,56.66,912986000,2971810000,622054000,0,175.93,180.99,22.6415,5380228000,1911529000,1742205000,4510246000,3468699000,2768041000,4835974000,855305000,27.53,-6240629000,195.98,135.68
2025-12-28,HSY,6.69,11489095000.0,27.53,None,0.177,22.51,,None,235031000,235031000,,,,,,,,,359901000,214522000,None,2956682000,2956682000,499149000,None,487645000,595779000,None,None,218032000,,5.48,0.0297,,,,-0.382,0.24,950159000,1168191000,1.06,2017-03-31,27.62,814882000,4334866000.0,1863145000,772926000,279682000,381716000,381716000,None,0,None,795404000,None,None,2350941000,None,None,493244000,None,None,None,0.135,,1009523000,860911000,247647000,724123000,None,399575000,None,,,,,48.57,8.21,3.251,,,,,,,,0.118,,2050439000,2025-10-30,quarterly,1.3,USD,pre-market,22600000,6112471000,0.0933,0.31,0.065,56.66,912986000,2838586000,487645000,0,175.93,180.99,22.6415,5342385000,1873861000,1710917000,4496932000,3468524000,2786015000,4835974000,830078000,27.53,-6163534000,195.98,135.68
2025-12-28,HSY,6.69,11489095000.0,27.53,None,0.177,22.51,,None,296967000,296967000,,,,,,,,,359901000,213934000,None,2956682000,2956682000,522536000,None,243000,581381000,None,None,218032000,,5.48,0.0297,,,,-0.382,0.24,950159000,1168191000,1.06,2016-12-31,27.62,812344000,4334866000.0,1863145000,772926000,279682000,492737000,492737000,None,0,None,745678000,None,None,2347455000,None,None,493244000,None,None,None,0.135,,1009523000,860911000,192752000,754193000,None,400161000,None,,,,,48.57,8.21,3.251,,,,,,,,0.118,,2177248000,2025-10-30,quarterly,1.3,USD,pre-market,22600000,6115961000,0.0933,0.31,0.065,56.66,912986000,2980169000,632714000,0,175.93,180.99,22.6415,5524333000,1816778000,1909443000,4696646000,3707555000,2787203000,4835974000,785856000,27.53,-6183975000,195.98,135.68
2025-12-28,HSY,6.69,11489095000.0,27.53,None,0.177,22.51,,None,333333000,333333000,,,,,,,,,359901000,215161000,None,2956682000,2956682000,458028000,None,862407000,759619000,None,None,218032000,,5.48,0.0297,,,,-0.382,0.24,950159000,1168191000,1.06,2016-09-30,27.62,816133000,4334866000.0,1863145000,772926000,279682000,595643000,595643000,None,0,None,843519000,None,None,2362466000,None,None,493244000,None,None,None,0.135,,1009523000,860911000,194046000,696600000,None,478707000,None,,,,,48.57,8.21,3.251,,,,,,,,0.118,,2159589000,2025-10-30,quarterly,1.3,USD,pre-market,22600000,6129088000,0.0933,0.31,0.065,56.66,912986000,3224873000,862407000,0,175.93,180.99,22.6415,5845413000,2130517000,2017035000,4903341000,3714896000,2886306000,4835974000,895445000,27.53,-6049397000,195.98,135.68
2025-12-28,HSY,6.69,11489095000.0,27.53,None,0.177,22.51,,None,250185000,250185000,,,,,,,,,359901000,214504000,None,2956682000,2956682000,455225000,None,1497198000,483545000,None,None,218032000,,5.48,0.0297,,,,-0.382,0.24,950159000,1168191000,1.06,2016-06-30,27.62,818380000,4334866000.0,1863145000,772926000,279682000,603934000,603934000,None,0,None,871285000,None,None,1571179000,None,None,493244000,None,None,None,0.135,,1009523000,860911000,202584000,719023000,None,496110000,None,,,,,48.57,8.21,3.251,,,,,,,,0.118,,2198615000,2025-10-30,quarterly,1.3,USD,pre-market,22600000,6030252000,0.0933,0.31,0.065,56.66,912986000,3068377000,1497198000,0,175.93,180.99,22.6415,5567384000,1807599000,2671446000,4792723000,3759785000,2121277000,4835974000,727950000,27.53,-6082657000,195.98,135.68
2025-12-28,HSY,6.69,11489095000.0,27.53,None,0.177,22.51,,None,285958000,285958000,,,,,,,,,359901000,217487000,None,2956682000,2956682000,436343000,None,None,544027000,None,None,218032000,,5.48,0.0297,,,,-0.382,0.24,950159000,1168191000,1.06,2016-03-31,27.62,690654000,4334866000.0,1863145000,772926000,279682000,375309000,375309000,None,0,None,770382000,None,None,1571388000,None,None,493244000,None,None,None,0.135,,1009523000,860911000,172551000,880049000,None,465523000,None,,,,,48.57,8.21,3.251,,,,,,,,0.118,,2230071000,2025-10-30,quarterly,1.3,USD,pre-market,22600000,6005068000,0.0933,0.31,0.065,56.66,912986000,2591968000,1020580000,0,175.93,180.99,22.6415,5305840000,1772918000,2336972000,4426487000,3532922000,2089515000,4835974000,831439000,27.53,-5946412000,195.98,135.68
2025-12-28,HSY,6.69,11489095000.0,27.53,None,0.177,22.51,,None,346529000,346529000,,,,,,,,,359901000,218542000,None,2956682000,2956682000,474266000,None,499923000,599073000,None,None,218032000,,5.48,0.0297,,,,-0.382,0.24,950159000,1168191000,1.06,2015-12-31,27.62,684252000,4334866000.0,1863145000,772926000,279682000,379305000,379305000,None,0,None,750970000,None,None,1557091000,None,None,493244000,None,None,None,0.135,,1009523000,860911000,152026000,880210000,None,468718000,None,,,,,48.57,8.21,3.251,,,,,,,,0.118,,2240460000,2025-10-30,quarterly,1.3,USD,pre-market,22600000,5897603000,0.0933,0.31,0.065,56.66,912986000,2420527000,863436000,0,175.93,180.99,22.6415,5344371000,1848598000,2217912000,4296909000,3495773000,2078997000,4835974000,997997000,27.53,-5672359000,195.98,135.68
2025-12-28,HSY,6.69,11489095000.0,27.53,None,0.177,22.51,,None,343913000,343913000,,,,,,,,,359901000,220075000,None,2956682000,2956682000,448599000,None,None,760789000,None,None,218032000,,5.48,0.0297,,,,-0.382,0.24,950159000,1168191000,1.06,2015-09-30,27.62,689684000,4334866000.0,1863145000,772926000,279682000,388747000,388747000,None,0,None,813583000,None,None,1830186000,None,None,493244000,None,None,None,0.135,,1009523000,860911000,291045000,848240000,None,504972000,None,,,,,48.57,8.21,3.251,,,,,,,,0.118,,2187736000,2025-10-30,quarterly,1.3,USD,pre-market,22600000,5807281000,0.0933,0.31,0.065,56.66,912986000,2768588000,938402000,0,175.93,180.99,22.6415,5630620000,2209330000,2235241000,4693494000,3421290000,2458253000,4835974000,888613000,27.53,-5665708000,195.98,135.68
2025-12-28,HSY,6.69,11489095000.0,27.53,None,0.177,22.51,,None,302659000,302659000,,,,,,,,,359901000,219613000,None,2956682000,2956682000,423379000,None,None,443452000,None,None,218032000,,5.48,0.0297,,,,-0.382,0.24,950159000,1168191000,1.06,2015-06-30,27.62,711335000,4334866000.0,1863145000,772926000,279682000,402567000,402567000,None,0,None,873996000,None,None,1547399000,None,None,493244000,None,None,None,0.135,,1009523000,860911000,288030000,728466000,None,515267000,None,,,,,48.57,8.21,3.251,,,,,,,,0.118,,2180326000,2025-10-30,quarterly,1.3,USD,pre-market,22600000,5776618000,0.0933,0.31,0.065,56.66,912986000,2413826000,866427000,99310000,175.93,180.99,22.6415,5449330000,2007447000,2018272000,4211062000,3441883000,2192790000,4835974000,1150259000,27.53,-5422304000,195.98,135.68
2025-12-28,HSY,6.69,11489095000.0,27.53,None,0.177,22.51,,None,305690000,305690000,,,,,,,,,359901000,222719000,None,2956682000,2956682000,449149000,None,None,606687000,None,None,218032000,,5.48,0.0297,,,,-0.382,0.24,950159000,1168191000,1.06,2015-03-31,27.62,933771000,4334866000.0,1863145000,772926000,279682000,407756000,407756000,None,0,None,745761000,None,None,1560265000,None,None,493244000,None,None,None,0.135,,1009523000,860911000,341793000,826094000,None,541058000,None,,,,,48.57,8.21,3.251,,,,,,,,0.118,,2149215000,2025-10-30,quarterly,1.3,USD,pre-market,22600000,5991140000,0.0933,0.31,0.065,56.66,912986000,2460152000,899887000,99483000,175.93,180.99,22.6415,5757462000,2108099000,2175130000,4412946000,3649363000,2237816000,4835974000,1266065000,27.53,-5427060000,195.98,135.68
2025-12-28,HSY,6.69,11489095000.0,27.53,None,0.177,22.51,,None,374854000,374854000,,,,,,,,,359901000,223547000,None,2956682000,2956682000,482017000,None,250805000,596940000,None,None,218032000,,5.48,0.0297,,,,-0.382,0.24,950159000,1168191000,1.06,2014-12-31,27.62,792955000,4334866000.0,1863145000,772926000,279682000,294841000,294841000,None,0,None,801036000,None,None,1548963000,None,None,493244000,None,None,None,0.135,,1009523000,860911000,292168000,818129000,None,526003000,None,,,,,48.57,8.21,3.251,,,,,,,,0.118,,2151901000,2025-10-30,quarterly,1.3,USD,pre-market,22600000,5860784000,0.0933,0.31,0.065,56.66,912986000,2177818000,635501000,97131000,175.93,180.99,22.6415,5629516000,2247047000,1935647000,4103340000,3382469000,2167693000,4835974000,1455062000,27.53,-5161236000,195.98,135.68
2025-12-28,HSY,6.69,11489095000.0,27.53,None,0.177,22.51,,None,477088000,477088000,,,,,,,,,359901000,223877000,None,2956682000,2956682000,522787000,None,None,786366000,None,None,218032000,,5.48,0.0297,,,,-0.382,0.24,950159000,1168191000,1.06,2014-09-30,27.62,778374000,4334866000.0,1863145000,772926000,279682000,331647000,331647000,None,0,None,900743000,None,None,1559770000,None,None,493244000,None,None,None,0.135,,1009523000,860911000,270066000,769356000,None,410857000,None,,,,,48.57,8.21,3.251,,,,,,,,0.118,,2078713000,2025-10-30,quarterly,1.3,USD,pre-market,22600000,5773534000,0.0933,0.31,0.065,56.66,912986000,2459846000,900076000,98309000,175.93,180.99,22.6415,5916553000,2532572000,2192219000,4308693000,3383981000,2116474000,4835974000,1543954000,27.53,-5147232000,195.98,135.68
2025-12-28,HSY,6.69,11489095000.0,27.53,-2080470000,0.177,22.51,,None,562601000,562601000,,,,,,,,,359901000,224981000,None,2956682000,2956682000,464938000,None,None,423648000,None,None,218032000,,5.48,0.0297,,,,-0.382,0.24,950159000,1168191000,1.06,2014-06-30,27.62,576824000,4334866000.0,1863145000,772926000,279682000,190381000,190381000,None,0,None,855182000,None,None,1794830000,None,None,493244000,None,None,None,0.135,,1009523000,860911000,275083000,523185000,None,413807000,None,,,,,48.57,8.21,3.251,,,,,,,,0.118,,1943387000,2025-10-30,quarterly,1.3,USD,pre-market,22600000,5665043000,0.0933,0.31,0.065,56.66,912986000,1992863000,198033000,97216000,175.93,180.99,22.6415,5184969000,2261809000,1261565000,3576409000,2923160000,2314844000,4835974000,1608560000,27.53,-5050817000,195.98,135.68
2025-12-28,HSY,6.69,11489095000.0,27.53,-2041077000,0.177,22.51,,None,1006096000,1006096000,,,,,,,,,359901000,227046000,None,2956682000,2956682000,465162000,None,None,620493000,None,None,218032000,,5.48,0.0297,,,,-0.382,0.24,950159000,1168191000,1.06,2014-03-31,27.62,572288000,4334866000.0,1863145000,772926000,279682000,189537000,189537000,None,0,None,678755000,None,None,1793500000,None,None,493244000,None,None,None,0.135,,1009523000,860911000,193020000,623841000,None,424814000,None,,,,,48.57,8.21,3.251,,,,,,,,0.118,,1909323000,2025-10-30,quarterly,1.3,USD,pre-market,22600000,5601471000,0.0933,0.31,0.065,56.66,912986000,1976482000,182982000,0,175.93,180.99,22.6415,5428846000,2544974000,1444445000,3759783000,2883872000,2315338000,4835974000,1669063000,27.53,-4890021000,195.98,135.68
2025-12-28,HSY,6.69,11489095000.0,27.53,None,0.177,22.51,,None,1118508000,1118508000,,,,,,,,,359901000,227357000,None,2956682000,2956682000,461514000,None,None,477912000,None,None,218032000,,5.48,0.0297,,,,-0.382,0.24,950159000,1168191000,1.06,2013-12-31,27.62,576561000,4334866000.0,1863145000,772926000,279682000,195244000,195244000,None,0,None,659541000,None,None,1795142000,None,None,493244000,None,None,None,0.135,,1009523000,860911000,178862000,699722000,None,434068000,None,,,,,48.57,8.21,3.251,,,,,,,,0.118,,1805345000,2025-10-30,quarterly,1.3,USD,pre-market,22600000,5454286000,0.0933,0.31,0.065,56.66,912986000,1962017000,166875000,0,175.93,180.99,22.6415,5357488000,2487334000,1408022000,3741436000,2870154000,2333414000,4835974000,1616052000,27.53,-4707730000,195.98,135.68
2025-12-28,HSY,6.69,11489095000.0,27.53,-1945872000,0.177,22.51,,None,701328000,701328000,,,,,,,,,359901000,226887000,None,2956682000,2956682000,481593000,None,None,659740000,None,None,218032000,,5.48,0.0297,,,,-0.382,0.24,950159000,1168191000,1.06,2013-09-30,27.62,580335000,4334866000.0,1863145000,772926000,279682000,200938000,200938000,None,0,None,762635000,None,None,1796263000,None,None,493244000,None,None,None,0.135,,1009523000,860911000,178639000,630422000,None,637042000,None,,,,,48.57,8.21,3.251,,,,,,,,0.118,,1719820000,2025-10-30,quarterly,1.3,USD,pre-market,22600000,5373743000,0.0933,0.31,0.065,56.66,912986000,1906387000,110124000,0,175.93,180.99,22.6415,5077919000,2375694000,1260768000,3727344000,2702225000,2466576000,4835974000,1350575000,27.53,-4721625000,195.98,135.68
2025-12-28,HSY,6.69,11489095000.0,27.53,-1941431000,0.177,22.51,,None,568360000,568360000,,,,,,,,,359901000,226840000,None,2956682000,2956682000,413144000,None,None,366288000,None,None,218032000,,5.48,0.0297,,,,-0.382,0.24,950159000,1168191000,1.06,2013-06-30,27.62,578906000,4334866000.0,1863145000,772926000,279682000,202495000,202495000,None,0,None,778988000,None,None,1794493000,None,None,493244000,None,None,None,0.135,,1009523000,860911000,182489000,564080000,None,663519000,None,,,,,48.57,8.21,3.251,,,,,,,,0.118,,1709346000,2025-10-30,quarterly,1.3,USD,pre-market,22600000,5246132000,0.0933,0.31,0.065,56.66,912986000,1896890000,102397000,0,175.93,180.99,22.6415,4696868000,1998887000,1084206000,3575141000,2697981000,2490935000,4835974000,1121727000,27.53,-4740944000,195.98,135.68
2025-12-28,HSY,6.69,11489095000.0,27.53,-1919488000,0.177,22.51,,None,730096000,730096000,,,,,,,,,359901000,227706000,None,2956682000,2956682000,412319000,None,None,516593000,None,None,218032000,,5.48,0.0297,,,,-0.382,0.24,950159000,1168191000,1.06,2013-03-31,27.62,585735000,4334866000.0,1863145000,772926000,279682000,210071000,210071000,None,0,None,626643000,None,None,1539800000,None,None,493244000,None,None,None,0.135,,1009523000,860911000,186877000,620420000,None,666175000,None,,,,,48.57,8.21,3.251,,,,,,,,0.118,,1705387000,2025-10-30,quarterly,1.3,USD,pre-market,22600000,5177919000,0.0933,0.31,0.065,56.66,912986000,1893206000,353406000,0,175.93,180.99,22.6415,4845630000,2180021000,1492067000,3733066000,2665609000,2240999000,4835974000,1112564000,27.53,-4669703000,195.98,135.68
2025-12-28,HSY,6.69,11489095000.0,27.53,None,0.177,22.51,,None,728272000,728272000,,,,,,,,,359901000,227264000,None,2956682000,2956682000,441977000,None,None,461383000,None,None,218032000,,5.48,0.0297,,,,-0.382,0.24,950159000,1168191000,1.06,2012-12-31,27.62,588003000,4334866000.0,1863145000,772926000,279682000,214713000,214713000,None,0,None,633262000,None,None,1530967000,None,None,493244000,None,None,None,0.135,,1009523000,860911000,168344000,650906000,None,668732000,None,,,,,48.57,8.21,3.251,,,,,,,,0.118,,1674071000,2025-10-30,quarterly,1.3,USD,pre-market,22600000,5027617000,0.0933,0.31,0.065,56.66,912986000,1906865000,375898000,0,175.93,180.99,22.6415,4754839000,2113485000,1471110000,3706466000,2641354000,2235356000,4835974000,1048373000,27.53,-4558668000,195.98,135.68
2025-12-28,HSY,6.69,11489095000.0,27.53,-1969390000,0.177,22.51,,None,466235000,466235000,,,,,,,,,359901000,228608000,None,2956682000,2956682000,435283000,None,None,649328000,None,None,218032000,,5.48,0.0297,,,,-0.382,0.24,950159000,1168191000,1.06,2012-09-30,27.62,594854000,4334866000.0,1863145000,772926000,279682000,220223000,220223000,None,0,None,726492000,None,None,1515757000,None,None,493244000,None,None,None,0.135,,1009523000,860911000,293900000,644959000,None,636339000,None,,,,,48.57,8.21,3.251,,,,,,,,0.118,,1618178000,2025-10-30,quarterly,1.3,USD,pre-market,22600000,4960822000,0.0933,0.31,0.065,56.66,912986000,1975838000,460081000,0,175.93,180.99,22.6415,4737782000,2135955000,1552954000,3740820000,2601827000,2187866000,4835974000,981262000,27.53,-4572198000,195.98,135.68
2025-12-28,HSY,6.69,11489095000.0,27.53,-1980724000,0.177,22.51,,None,589782000,589782000,,,,,,,,,359901000,228853000,None,2956682000,2956682000,388472000,None,None,353337000,None,None,218032000,,5.48,0.0297,,,,-0.382,0.24,950159000,1168191000,1.06,2012-06-30,27.62,589464000,4334866000.0,1863145000,772926000,279682000,219028000,219028000,None,0,None,791805000,None,None,1498669000,None,None,493244000,None,None,None,0.135,,1009523000,860911000,358649000,569902000,None,608664000,None,,,,,48.57,8.21,3.251,,,,,,,,0.118,,1583304000,2025-10-30,quarterly,1.3,USD,pre-market,22600000,4866839000,0.0933,0.31,0.065,56.66,912986000,1985337000,486668000,0,175.93,180.99,22.6415,4667972000,2093573000,1446972000,3582001000,2574399000,2135029000,4835974000,1064327000,27.53,-4324278000,195.98,135.68
2025-12-28,HSY,6.69,11489095000.0,27.53,-2072683000,0.177,22.51,,None,567339000,567339000,,,,,,,,,359901000,228655000,None,2956682000,2956682000,380404000,None,None,502455000,None,None,218032000,,5.48,0.0297,,,,-0.382,0.24,950159000,1168191000,1.06,2012-03-31,27.62,594741000,4334866000.0,1863145000,772926000,279682000,225919000,225919000,None,0,None,649454000,None,None,1748630000,None,None,493244000,None,None,None,0.135,,1009523000,860911000,293197000,598210000,None,614586000,None,,,,,48.57,8.21,3.251,,,,,,,,0.118,,1585887000,2025-10-30,quarterly,1.3,USD,pre-market,22600000,4814715000,0.0933,0.31,0.065,56.66,912986000,1993085000,244455000,0,175.93,180.99,22.6415,4599457000,2012445000,1323809000,3713864000,2587012000,2390055000,4835974000,860330000,27.53,-4421932000,195.98,135.68
2025-12-28,HSY,6.69,11489095000.0,27.53,None,0.177,22.51,,None,693686000,693686000,,,,,,,,,359901000,229117000,None,2956682000,2956682000,420017000,None,None,399499000,None,None,218032000,,5.48,0.0297,,,,-0.382,0.24,950159000,1168191000,1.06,2011-12-31,27.62,516745000,4334866000.0,1863145000,772926000,279682000,111913000,111913000,None,0,None,648953000,None,None,1748500000,None,None,493244000,None,None,None,0.135,,1009523000,860911000,304420000,612186000,None,617276000,None,,,,,48.57,8.21,3.251,,,,,,,,0.118,,1559717000,2025-10-30,quarterly,1.3,USD,pre-market,22600000,4699597000,0.0933,0.31,0.065,56.66,912986000,1888173000,139673000,0,175.93,180.99,22.6415,4412199000,2046558000,1173775000,3539551000,2365641000,2352376000,4835974000,857317000,27.53,-4258962000,195.98,135.68
2025-12-28,HSY,6.69,11489095000.0,27.53,-1994544000,0.177,22.51,,None,292339000,292339000,,,,,,,,,359901000,229849000,None,2956682000,2956682000,430251000,None,None,620745000,None,None,218032000,,5.48,0.0297,,,,-0.382,0.24,950159000,1168191000,1.06,2011-09-30,27.62,517157000,4334866000.0,1863145000,772926000,279682000,113803000,113803000,None,0,None,654455000,None,None,1498862000,None,None,493244000,None,None,None,0.135,,1009523000,860911000,246476000,596680000,None,495540000,None,,,,,48.57,8.21,3.251,,,,,,,,0.118,,1512780000,2025-10-30,quarterly,1.3,USD,pre-market,22600000,4633156000,0.0933,0.31,0.065,56.66,912986000,1638275000,139413000,0,175.93,180.99,22.6415,4130506000,1814015000,1181427000,3175829000,2316491000,1994402000,4835974000,927672000,27.53,-4243616000,195.98,135.68
2025-12-28,HSY,6.69,11489095000.0,27.53,-1965033000,0.177,22.51,,None,790297000,790297000,,,,,,,,,359901000,230301000,None,2956682000,2956682000,399841000,None,None,296946000,None,None,218032000,,5.48,0.0297,,,,-0.382,0.24,950159000,1168191000,1.06,2011-06-30,27.62,527724000,4334866000.0,1863145000,772926000,279682000,122057000,122057000,None,0,None,659224000,None,None,1541388000,None,None,493244000,None,None,None,0.135,,1009523000,860911000,245609000,527742000,None,503858000,None,,,,,48.57,8.21,3.251,,,,,,,,0.118,,1493537000,2025-10-30,quarterly,1.3,USD,pre-market,22600000,4512163000,0.0933,0.31,0.065,56.66,912986000,1835317000,293929000,0,175.93,180.99,22.6415,4312753000,1992076000,1221813000,3267059000,2320677000,2045246000,4835974000,1012260000,27.53,-4110532000,195.98,135.68
2025-12-28,HSY,6.69,11489095000.0,27.53,-1931011000,0.177,22.51,,None,752266000,752266000,,,,,,,,,359901000,230194000,None,2956682000,2956682000,381504000,None,None,433519000,None,None,218032000,,5.48,0.0297,,,,-0.382,0.24,950159000,1168191000,1.06,2011-03-31,27.62,527019000,4334866000.0,1863145000,772926000,279682000,122712000,122712000,None,0,None,535520000,None,None,1540924000,None,None,493244000,None,None,None,0.135,,1009523000,860911000,233216000,547189000,None,494315000,None,,,,,48.57,8.21,3.251,,,,,,,,0.118,,1443821000,2025-10-30,quarterly,1.3,USD,pre-market,22600000,4458210000,0.0933,0.31,0.065,56.66,912986000,1826429000,285505000,0,175.93,180.99,22.6415,4235155000,1954521000,1290932000,3326171000,2280634000,2035239000,4835974000,875417000,27.53,-4175325000,195.98,135.68
2025-12-28,HSY,6.69,11489095000.0,27.53,None,0.177,22.51,,None,884642000,884642000,,,,,,,,,359901000,230500000,None,2956682000,2956682000,410655000,None,None,390061000,None,None,218032000,,5.48,0.0297,,,,-0.382,0.24,950159000,1168191000,1.06,2010-12-31,27.62,524134000,4334866000.0,1863145000,772926000,279682000,123080000,123080000,None,0,None,533622000,None,None,1541825000,None,None,493244000,None,None,None,0.135,,1009523000,860911000,196892000,593308000,None,494461000,None,,,,,48.57,8.21,3.251,,,,,,,,0.118,,1437702000,2025-10-30,quarterly,1.3,USD,pre-market,22600000,4374718000,0.0933,0.31,0.065,56.66,912986000,1827305000,285480000,0,175.93,180.99,22.6415,4272732000,2005217000,1298845000,3335131000,2267515000,2036286000,4835974000,902316000,27.53,-4052101000,195.98,135.68
2025-12-28,HSY,6.69,11489095000.0,27.53,-1846459000,0.177,22.51,,None,244947000,244947000,,,,,,,,,359901000,230491000,None,2956682000,2956682000,350253000,None,None,605741000,None,None,218032000,,5.48,0.0297,,,,-0.382,0.24,950159000,1168191000,1.06,2010-09-30,27.62,522489000,4334866000.0,1863145000,772926000,279682000,123488000,123488000,None,0,None,594574000,None,None,1250546000,None,None,493244000,None,None,None,0.135,,1009523000,860911000,219550000,-387539000,None,501831000,None,,,,,48.57,8.21,3.251,,,,,,,,0.118,,1378034000,2025-10-30,quarterly,1.3,USD,pre-market,22600000,4310037000,0.0933,0.31,0.065,56.66,912986000,1527453000,276907000,0,175.93,180.99,22.6415,3886943000,1664812000,1270090000,3024006000,2222131000,1753916000,4835974000,862937000,27.53,-4033243000,195.98,135.68
2025-12-28,HSY,6.69,11489095000.0,27.53,-1867067000,0.177,22.51,,None,249070000,249070000,,,,,,,,,359901000,230324000,None,2956682000,2956682000,304993000,None,None,321051000,None,None,218032000,,5.48,0.0297,,,,-0.382,0.24,950159000,1168191000,1.06,2010-06-30,27.62,517416000,4334866000.0,1863145000,772926000,279682000,123062000,123062000,None,0,None,603728000,None,None,1501335000,None,None,493244000,None,None,None,0.135,,1009523000,860911000,241139000,-304993000,None,508086000,None,,,,,48.57,8.21,3.251,,,,,,,,0.118,,1378512000,2025-10-30,quarterly,1.3,USD,pre-market,22600000,4200758000,0.0933,0.31,0.065,56.66,912986000,1542340000,41005000,0,175.93,180.99,22.6415,3619987000,1414988000,876009000,2887485000,2204999000,2011476000,4835974000,732502000,27.53,-4040873000,195.98,135.68
2025-12-28,HSY,6.69,11489095000.0,27.53,-1842224000,0.177,22.51,,None,303786000,303786000,,,,,,,,,359901000,229551000,None,2956682000,2956682000,294223000,None,None,411245000,None,None,218032000,,5.48,0.0297,,,,-0.382,0.24,950159000,1168191000,1.06,2010-03-31,27.62,577712000,4334866000.0,1863145000,772926000,279682000,125327000,125327000,None,0,None,481854000,None,None,1502183000,None,None,493244000,None,None,None,0.135,,1009523000,860911000,216147000,466288000,None,500504000,None,,,,,48.57,8.21,3.251,,,,,,,,0.118,,1394678000,2025-10-30,quarterly,1.3,USD,pre-market,22600000,4224841000,0.0933,0.31,0.065,56.66,912986000,1558131000,55948000,0,175.93,180.99,22.6415,3698687000,1413032000,902295000,2909622000,2285655000,2007327000,4835974000,752217000,27.53,-4014954000,195.98,135.68
2025-12-28,HSY,6.69,11489095000.0,27.53,None,0.177,22.51,,None,253605000,253605000,,,,,,,,,359901000,229600000,None,2956682000,2956682000,287935000,None,None,410390000,None,None,218032000,,5.48,0.0297,,,,-0.382,0.24,950159000,1168191000,1.06,2009-12-31,27.62,571580000,4334866000.0,1863145000,772926000,279682000,125520000,125520000,None,0,None,519712000,None,None,1502730000,None,None,493244000,None,None,None,0.135,,1009523000,860911000,201727000,583380000,None,501334000,None,,,,,48.57,8.21,3.251,,,,,,,,0.118,,1404767000,2025-10-30,quarterly,1.3,USD,pre-market,22600000,4148353000,0.0933,0.31,0.065,56.66,912986000,1542043000,39313000,0,175.93,180.99,22.6415,3675031000,1385434000,910628000,2914692000,2289597000,2004064000,4835974000,720459000,27.53,3979629000,195.98,135.68
2025-12-28,HSY,6.69,11489095000.0,27.53,-1935216000,0.177,22.51,,None,119253000,119253000,,,,,,,,,359901000,229553000,None,2956682000,2956682000,285231000,None,None,567609000,None,None,218032000,,5.48,0.0297,,,,-0.382,0.24,950159000,1168191000,1.06,2009-09-30,27.62,567163000,4334866000.0,1863145000,772926000,279682000,125345000,125345000,None,0,None,559318000,None,None,1503435000,None,None,493244000,None,None,None,0.135,,1009523000,860911000,216457000,243021000,None,481105000,None,,,,,48.57,8.21,3.251,,,,,,,,0.118,,1412818000,2025-10-30,quarterly,1.3,USD,pre-market,22600000,4087572000,0.0933,0.31,0.065,56.66,912986000,1746456000,243021000,0,175.93,180.99,22.6415,3773107000,1462637000,1108329000,3135590000,2310470000,2027261000,4835974000,637517000,27.53,-3989117000,195.98,135.68
2025-12-28,HSY,6.69,11489095000.0,27.53,None,0.177,22.51,,None,28768000,28768000,,,,,,,,,359901000,228489000,None,2956682000,2956682000,279706000,None,None,272542000,None,None,218032000,,5.48,0.0297,,,,-0.382,0.24,950159000,1168191000,1.06,2009-06-30,27.62,563622000,4334866000.0,1863145000,772926000,279682000,125315000,125315000,None,0,None,642505000,None,None,1504475000,None,None,493244000,None,None,None,0.135,,1009523000,860911000,235109000,460304000,None,None,None,,,,,48.57,8.21,3.251,,,,,,,,0.118,,1440530000,2025-10-30,quarterly,1.3,USD,pre-market,22600000,3991467000,0.0933,0.31,0.065,56.66,912986000,1766404000,261929000,0,175.93,180.99,22.6415,3493422000,1178924000,1001939000,3036242000,2314498000,2034303000,4835974000,417756000,27.53,-4008120000,195.98,135.68
2025-12-28,HSY,6.69,11489095000.0,27.53,None,0.177,22.51,,None,70936000,70936000,,,,,,,,,359901000,228284000,None,2956682000,2956682000,239634000,None,None,331031000,None,None,218032000,,5.48,0.0297,,,,-0.382,0.24,950159000,1168191000,1.06,2009-03-31,27.62,555024000,4334866000.0,1863145000,772926000,279682000,123559000,123559000,None,0,None,572767000,None,None,1505281000,None,None,493244000,None,None,None,0.135,,1009523000,860911000,232036000,488863000,None,None,None,,,,,48.57,8.21,3.251,,,,,,,,0.118,,1447114000,2025-10-30,quarterly,1.3,USD,pre-market,22600000,3985927000,0.0933,0.31,0.065,56.66,912986000,1880130000,374849000,None,175.93,180.99,22.6415,3506544000,1206770000,1103346000,3119926000,2299774000,2016580000,4835974000,349105000,27.53,-4011853000,195.98,135.68
2025-12-28,HSY,6.69,11489095000.0,27.53,None,0.177,22.51,,None,37103000,37103000,,,,,,,,,359901000,228700000,None,2956682000,2956682000,249454000,None,None,455153000,None,None,218032000,,5.48,0.0297,,,,-0.382,0.24,950159000,1168191000,1.06,2008-12-31,27.62,554677000,4334866000.0,1863145000,772926000,279682000,110772000,110772000,None,0,None,592530000,None,None,1505954000,None,None,493244000,None,None,None,0.135,,1009523000,860911000,260159000,519254000,None,None,None,,,,,48.57,8.21,3.251,,,,,,,,0.118,,1458949000,2025-10-30,quarterly,1.3,USD,pre-market,22600000,3975762000,0.0933,0.31,0.065,56.66,912986000,2007458000,501504000,None,175.93,180.99,22.6415,3634719000,1344945000,1270212000,3284775000,2289774000,2014563000,4835974000,318199000,27.53,-4009931000,195.98,135.68
2025-12-28,HSY,6.69,11489095000.0,27.53,None,0.177,22.51,,None,135632000,135632000,,,,,,,,,359901000,228670000,None,2956682000,2956682000,317612000,None,None,614392000,None,None,218032000,,5.48,0.0297,,,,-0.382,0.24,950159000,1168191000,1.06,2008-09-30,27.62,570082000,4334866000.0,1863145000,772926000,279682000,163738000,163738000,None,0,None,674320000,None,None,1510831000,None,None,493244000,None,None,None,0.135,,1009523000,860911000,226311000,516583000,None,None,None,,,,,48.57,8.21,3.251,,,,,,,,0.118,,1479567000,2025-10-30,quarterly,1.3,USD,pre-market,22600000,3959338000,0.0933,0.31,0.065,56.66,912986000,2240128000,729297000,None,175.93,180.99,22.6415,4431379000,1650655000,1563492000,3779250000,2780724000,2215758000,4835974000,613884000,27.53,-4008087000,195.98,135.68
2025-12-28,HSY,6.69,11489095000.0,27.53,None,0.177,22.51,,None,45427000,45427000,,,,,,,,,359901000,228664000,None,2956682000,2956682000,281152000,None,None,302952000,None,None,218032000,,5.48,0.0297,,,,-0.382,0.24,950159000,1168191000,1.06,2008-06-30,27.62,578689000,4334866000.0,1863145000,772926000,279682000,168522000,168522000,None,0,None,697569000,None,None,1514029000,None,None,493244000,None,None,None,0.135,,1009523000,860911000,233069000,487707000,None,None,None,,,,,48.57,8.21,3.251,,,,,,,,0.118,,1492694000,2025-10-30,quarterly,1.3,USD,pre-market,22600000,3900537000,0.0933,0.31,0.065,56.66,912986000,1950275000,436246000,None,175.93,180.99,22.6415,4078692000,1279017000,1205105000,3428724000,2799675000,2223619000,4835974000,607623000,27.53,-4008137000,195.98,135.68
2025-12-28,HSY,6.69,11489095000.0,27.53,None,0.177,22.51,,None,152875000,152875000,,,,,,,,,359901000,228926000,None,2956682000,2956682000,231982000,None,None,298668000,None,None,218032000,,5.48,0.0297,,,,-0.382,0.24,950159000,1168191000,1.06,2008-03-31,27.62,582326000,4334866000.0,1863145000,772926000,279682000,168459000,168459000,None,0,None,619406000,None,None,1528691000,None,None,493244000,None,None,None,0.135,,1009523000,860911000,191654000,489971000,None,None,None,,,,,48.57,8.21,3.251,,,,,,,,0.118,,1510667000,2025-10-30,quarterly,1.3,USD,pre-market,22600000,3924801000,0.0933,0.31,0.065,56.66,912986000,2007728000,479037000,None,175.93,180.99,22.6415,4067017000,1262603000,1200990000,3431891000,2804414000,2230901000,4835974000,591191000,27.53,-4004328000,195.98,135.68
2025-12-28,HSY,6.69,11489095000.0,27.53,None,0.177,22.51,,None,129198000,129198000,,,,,,,,,359901000,228900000,None,2956682000,2956682000,223019000,None,None,487285000,None,None,218032000,,5.48,0.0297,,,,-0.382,0.24,950159000,1168191000,1.06,2007-12-31,27.62,584713000,4334866000.0,1863145000,772926000,279682000,155862000,155862000,None,0,None,600185000,None,None,1279965000,None,None,493244000,None,None,None,0.135,,1009523000,860911000,209906000,539359000,None,None,None,,,,,48.57,8.21,3.251,,,,,,,,0.118,,1539715000,2025-10-30,quarterly,1.3,USD,pre-market,22600000,3927306000,0.0933,0.31,0.065,56.66,912986000,2136357000,856392000,None,175.93,180.99,22.6415,4247113000,1426574000,1618770000,3623593000,2820539000,2004823000,4835974000,592922000,27.53,-4001562000,195.98,135.68
2025-12-28,HSY,6.69,11489095000.0,27.53,None,0.177,22.51,,None,41573000,41573000,,,,,,,,,359901000,230388000,None,2956682000,2956682000,252276000,None,None,638312000,None,None,218032000,,5.48,0.0297,,,,-0.382,0.24,950159000,1168191000,1.06,2007-09-30,27.62,601017000,4334866000.0,1863145000,772926000,279682000,150136000,150136000,None,0,None,775380000,None,None,1271658000,None,None,493244000,None,None,None,0.135,,1009523000,860911000,203500000,487256000,None,None,None,,,,,48.57,8.21,3.251,,,,,,,,0.118,,1550352000,2025-10-30,quarterly,1.3,USD,pre-market,22600000,3938695000,0.0933,0.31,0.065,56.66,912986000,2372764000,1101106000,None,175.93,180.99,22.6415,4455577000,1658765000,1840638000,3899944000,2796812000,2059306000,4835974000,539349000,27.53,-4000719000,195.98,135.68
2025-12-28,HSY,6.69,11489095000.0,27.53,None,0.177,22.51,,None,38822000,38822000,,,,,,,,,359901000,231963000,None,2956682000,2956682000,248099000,None,None,378178000,None,None,218032000,,5.48,0.0297,,,,-0.382,0.24,950159000,1168191000,1.06,2007-06-30,27.62,508849000,4334866000.0,1863145000,772926000,279682000,234549000,234549000,None,0,None,813836000,None,None,1272504000,None,None,493244000,None,None,None,0.135,,1009523000,860911000,194804000,426929000,None,None,None,,,,,48.57,8.21,3.251,,,,,,,,0.118,,1588163000,2025-10-30,quarterly,1.3,USD,pre-market,22600000,3941644000,0.0933,0.31,0.065,56.66,912986000,2213435000,940931000,None,175.93,180.99,22.6415,4267236000,1425640000,1615959000,3679557000,2841596000,2063598000,4835974000,571301000,27.53,-3951479000,195.98,135.68
2025-12-28,HSY,6.69,11489095000.0,27.53,None,0.177,22.51,,None,60483000,60483000,,,,,,,,,359901000,233708000,None,2956682000,2956682000,198147000,None,None,405908000,None,None,218032000,,5.48,0.0297,,,,-0.382,0.24,950159000,1168191000,1.06,2007-03-31,27.62,502815000,4334866000.0,1863145000,772926000,279682000,139284000,139284000,None,0,None,664703000,None,None,1248137000,None,None,493244000,None,None,None,0.135,,1009523000,860911000,149151000,444332000,None,None,None,,,,,48.57,8.21,3.251,,,,,,,,0.118,,1611323000,2025-10-30,quarterly,1.3,USD,pre-market,22600000,3998188000,0.0933,0.31,0.065,56.66,912986000,1970734000,722597000,None,175.93,180.99,22.6415,4004533000,1280245000,1365076000,3383832000,2724288000,2018756000,4835974000,620701000,27.53,-3920264000,195.98,135.68
2025-12-28,HSY,6.69,11489095000.0,27.53,None,0.177,22.51,,None,97141000,97141000,,,,,,,,,359901000,237700000,None,2956682000,2956682000,155517000,None,None,522673000,None,None,218032000,,5.48,0.0297,,,,-0.382,0.24,950159000,1168191000,1.06,2006-12-31,27.62,501955000,4334866000.0,1863145000,772926000,279682000,140314000,140314000,None,0,None,648820000,None,None,1248128000,None,None,493244000,None,None,None,0.135,,1009523000,860911000,149178000,454023000,None,None,None,,,,,48.57,8.21,3.251,,,,,,,,0.118,,1651300000,2025-10-30,quarterly,1.3,USD,pre-market,22600000,3965415000,0.0933,0.31,0.065,56.66,912986000,2092126000,843998000,None,175.93,180.99,22.6415,4157565000,1417812000,1453538000,3474142000,2739753000,2020604000,4835974000,683423000,27.53,-3801947000,195.98,135.68
2025-12-28,HSY,6.69,11489095000.0,27.53,None,0.177,22.51,,None,47635000,47635000,,,,,,,,,359901000,237681000,None,2956682000,2956682000,163959000,None,None,720861000,None,None,218032000,,5.48,0.0297,,,,-0.382,0.24,950159000,1168191000,1.06,2006-09-30,27.62,490215000,4334866000.0,1863145000,772926000,279682000,139562000,139562000,None,0,None,767754000,None,None,1255162000,None,None,493244000,None,None,None,0.135,,1009523000,860911000,164197000,463815000,None,None,None,,,,,48.57,8.21,3.251,,,,,,,,0.118,,1639890000,2025-10-30,quarterly,1.3,USD,pre-market,22600000,3874806000,0.0933,0.31,0.065,56.66,912986000,2284196000,1029034000,None,175.93,180.99,22.6415,4559462000,1700447000,1656808000,3729143000,2859015000,2072335000,4835974000,830319000,27.53,-3684903000,195.98,135.68
2025-12-28,HSY,6.69,11489095000.0,27.53,None,0.177,22.51,,None,23485000,23485000,,,,,,,,,359901000,240124000,None,2956682000,2956682000,156423000,None,None,369436000,None,None,218032000,,5.48,0.0297,,,,-0.382,0.24,950159000,1168191000,1.06,2006-06-30,27.62,489383000,4334866000.0,1863145000,772926000,279682000,140004000,140004000,None,0,None,857861000,None,None,752654000,None,None,493244000,None,None,None,0.135,,1009523000,860911000,194267000,418166000,None,None,None,,,,,48.57,8.21,3.251,,,,,,,,0.118,,1647220000,2025-10-30,quarterly,1.3,USD,pre-market,22600000,3752419000,0.0933,0.31,0.065,56.66,912986000,2076403000,1323749000,None,175.93,180.99,22.6415,4312260000,1445049000,1898338000,3461439000,2867211000,1563101000,4835974000,850821000,27.53,-3550969000,195.98,135.68
2025-12-28,HSY,6.69,11489095000.0,27.53,None,0.177,22.51,,None,43940000,43940000,,,,,,,,,359901000,243147000,None,2956682000,2956682000,177907000,None,None,414807000,None,None,218032000,,5.48,0.0297,,,,-0.382,0.24,950159000,1168191000,1.06,2006-03-31,27.62,487666000,4334866000.0,1863145000,772926000,279682000,141380000,141380000,None,0,None,720380000,None,None,752781000,None,None,493244000,None,None,None,0.135,,1009523000,860911000,180012000,469730000,None,None,None,,,,,48.57,8.21,3.251,,,,,,,,0.118,,1648125000,2025-10-30,quarterly,1.3,USD,pre-market,22600000,3710211000,0.0933,0.31,0.065,56.66,912986000,1841112000,1088331000,None,175.93,180.99,22.6415,4226532000,1359139000,1735968000,3294749000,2867393000,1558781000,4835974000,931783000,27.53,-3397581000,195.98,135.68
2025-12-28,HSY,6.69,11489095000.0,27.53,None,0.177,22.51,,None,67183000,67183000,,,,,,,,,359901000,183853000,None,2956682000,2956682000,167812000,None,None,507119000,None,None,218032000,,5.48,0.0297,,,,-0.382,0.24,950159000,1168191000,1.06,2005-12-31,27.62,487338000,4334866000.0,1863145000,772926000,279682000,629964000,629964000,None,0,None,610284000,None,None,942755000,None,None,493244000,None,None,None,0.135,,1009523000,860911000,167191000,503455000,None,None,None,,,,,48.57,8.21,3.251,,,,,,,,0.118,,1659138000,2025-10-30,quarterly,1.3,USD,pre-market,22600000,3646179000,0.0933,0.31,0.065,56.66,912986000,1761870000,819115000,None,175.93,180.99,22.6415,4295236000,1408940000,1490382000,3274160000,2886296000,1755937000,4835974000,1016380000,27.53,-3224863000,195.98,135.68
2025-12-28,HSY,6.69,11489095000.0,27.53,None,0.177,22.51,,None,37898000,37898000,,,,,,,,,359901000,248368000,None,2956682000,2956682000,203151000,None,None,642701000,None,None,218032000,,5.48,0.0297,,,,-0.382,0.24,950159000,1168191000,1.06,2005-09-30,27.62,496392000,4334866000.0,1863145000,772926000,279682000,639605000,639605000,None,0,None,752340000,None,None,943104000,None,None,493244000,None,None,None,0.135,,1009523000,860911000,173264000,495107000,None,None,None,,,,,48.57,8.21,3.251,,,,,,,,0.118,,1679688000,2025-10-30,quarterly,1.3,USD,pre-market,22600000,3640505000,0.0933,0.31,0.065,56.66,912986000,1995625000,1052521000,None,175.93,180.99,22.6415,4510443000,1606203000,1750779000,3554510000,2904240000,1803731000,4835974000,955933000,27.53,-3119943000,195.98,135.68
2025-12-28,HSY,6.69,11489095000.0,27.53,None,0.177,22.51,,419205000,730746000,730746000,,,,,,,,,221553000,203487000,None,2956682000,2956682000,807918000,None,1906275000,800402000,None,None,218032000,,5.48,0.0297,,,,-0.382,0.24,950159000,1168191000,1.06,2024-12-31,27.62,2705753000,4334866000.0,1863145000,772926000,279682000,2240953000,2240953000,None,0,None,1254094000,None,None,3122074000,None,212928000,493244000,None,None,None,0.135,,1009523000,860911000,974215000,1117964000,None,262649000,None,,,,,48.57,8.21,3.251,,,,,,,,0.118,,3796592000,2025-10-30,annual,1.3,USD,pre-market,22600000,5698316000,0.0933,0.31,0.065,56.66,912986000,5447554000,1952577000,None,175.93,180.99,22.6415,12946861000,3759457000,3929495000,8232207000,9187404000,4302712000,4835974000,4714654000,27.53,None,195.98,135.68
2025-12-28,HSY,6.69,11489095000.0,27.53,None,0.177,22.51,,311583000,401902000,401902000,,,,,,,,,221553000,205547000,None,2956682000,2956682000,630536000,None,1024897000,823617000,None,None,218032000,,5.48,0.0297,,,,-0.382,0.24,950159000,1168191000,1.06,2023-12-31,27.62,2696050000,4334866000.0,1863145000,772926000,279682000,2239434000,2239434000,None,0,None,1340996000,None,None,3789132000,None,207177000,493244000,None,None,None,0.135,,1009523000,860911000,345588000,1288968000,None,263917000,None,,,,,48.57,8.21,3.251,,,,,,,,0.118,,3617654000,2025-10-30,annual,1.3,USD,pre-market,22600000,4562263000,0.0933,0.31,0.065,56.66,912986000,5125612000,1059391000,None,175.93,180.99,22.6415,11902941000,2912103000,3008352000,7803855000,8990838000,4795503000,4835974000,4099086000,27.53,None,195.98,135.68
2025-12-28,HSY,6.69,11489095000.0,27.53,None,0.177,22.51,,326636000,463889000,463889000,,,,,,,,,221553000,206575000,None,2956682000,2956682000,970558000,None,1447368000,711203000,None,None,218032000,,5.48,0.0297,,,,-0.382,0.24,950159000,1168191000,1.06,2022-12-31,27.62,2606956000,4334866000.0,1863145000,772926000,279682000,1966269000,1966269000,None,0,None,1173119000,None,None,3343977000,None,133029000,493244000,None,None,None,0.135,,1009523000,860911000,272195000,807441000,None,719742000,None,,,,,48.57,8.21,3.251,,,,,,,,0.118,,2769702000,2025-10-30,annual,1.3,USD,pre-market,22600000,3589781000,0.0933,0.31,0.065,56.66,912986000,5117981000,1479155000,None,175.93,180.99,22.6415,10948820000,2620406000,3257154000,7649276000,8328414000,4392122000,4835974000,3299544000,27.53,None,195.98,135.68
2025-12-28,HSY,6.69,11489095000.0,27.53,None,0.177,22.51,,416337000,329266000,329266000,,,,,,,,,221553000,207758000,None,2956682000,2956682000,692338000,None,942267000,671464000,None,None,218032000,,5.48,0.0297,,,,-0.382,0.24,950159000,1168191000,1.06,2021-12-31,27.62,2633174000,4334866000.0,1863145000,772926000,279682000,2037588000,2037588000,None,0,None,988511000,None,None,4086627000,None,93089000,493244000,None,None,None,0.135,,1009523000,860911000,256965000,822416000,None,787058000,None,,,,,48.57,8.21,3.251,,,,,,,,0.118,,2586187000,2025-10-30,annual,1.3,USD,pre-market,22600000,2719936000,0.0933,0.31,0.065,56.66,912986000,5376085000,978559000,None,175.93,180.99,22.6415,10412231000,2246206000,2493313000,7655002000,8166025000,5161689000,4835974000,2757229000,27.53,-1195376000,195.98,135.68
2025-12-28,HSY,6.69,11489095000.0,27.53,None,0.177,22.51,,218449000,1143987000,1143987000,,,,,,,,,221553000,209414000,None,2956682000,2956682000,580058000,None,512870000,615233000,None,None,218032000,,5.48,0.0297,,,,-0.382,0.24,950159000,1168191000,1.06,2020-12-31,27.62,1988215000,4334866000.0,1863145000,772926000,279682000,1295214000,1295214000,None,0,None,964207000,None,None,4089755000,None,52351000,493244000,None,None,None,0.135,,1009523000,860911000,254478000,762239000,None,683434000,None,,,,,48.57,8.21,3.251,,,,,,,,0.118,,2285255000,2025-10-30,annual,1.3,USD,pre-market,22600000,1928673000,0.0933,0.31,0.065,56.66,912986000,4821074000,549448000,None,175.93,180.99,22.6415,9131845000,2977905000,1891745000,6893962000,6153940000,5002217000,4835974000,2234352000,27.53,-768992000,195.98,135.68
2025-12-28,HSY,6.69,11489095000.0,27.53,None,0.177,22.51,,213372000,493262000,493262000,,,,,,,,,221553000,210702000,None,2956682000,2956682000,550828000,None,735672000,568509000,None,None,218032000,,5.48,0.0297,,,,-0.382,0.24,950159000,1168191000,1.06,2019-12-31,27.62,1985955000,4334866000.0,1863145000,772926000,279682000,1341166000,1341166000,None,0,None,815251000,None,None,3530813000,None,None,493244000,None,None,None,0.135,,1009523000,860911000,240080000,693084000,None,655777000,None,,,,,48.57,8.21,3.251,,,,,,,,0.118,,2153139000,2025-10-30,annual,1.3,USD,pre-market,22600000,1290461000,0.0933,0.31,0.065,56.66,912986000,4479857000,764881000,None,175.93,180.99,22.6415,8140395000,2117102000,2008793000,6395401000,6023293000,4386608000,4835974000,1739222000,27.53,-591036000,195.98,135.68
2025-12-28,HSY,6.69,11489095000.0,27.53,None,0.177,22.51,,None,587998000,587998000,,,,,,,,,359901000,210989000,None,2956682000,2956682000,502314000,None,1203316000,594145000,None,None,218032000,,5.48,0.0297,,,,-0.382,0.24,950159000,1168191000,1.06,2018-12-31,27.62,1801103000,4334866000.0,1863145000,772926000,279682000,1278292000,1278292000,None,0,None,784879000,None,None,3254280000,None,None,493244000,None,None,None,0.135,,1009523000,860911000,272159000,712936000,None,446048000,None,,,,,48.57,8.21,3.251,,,,,,,,0.118,,2130294000,2025-10-30,annual,1.3,USD,pre-market,22600000,7032020000,0.0933,0.31,0.065,56.66,912986000,4457596000,1203316000,None,175.93,180.99,22.6415,7703020000,2239181000,2418566000,6295754000,5463839000,3877188000,4835974000,1398721000,27.53,-6618625000,195.98,135.68
2025-12-28,HSY,6.69,11489095000.0,27.53,None,0.177,22.51,,None,380179000,380179000,,,,,,,,,359901000,213742000,None,2956682000,2956682000,523229000,None,859457000,588262000,None,None,218032000,,5.48,0.0297,,,,-0.382,0.24,950159000,1168191000,1.06,2017-12-31,27.62,821061000,4334866000.0,1863145000,772926000,279682000,474037000,474037000,None,0,None,752836000,None,None,2061023000,None,None,493244000,None,None,None,0.135,,1009523000,860911000,280633000,693857000,None,438939000,None,,,,,48.57,8.21,3.251,,,,,,,,0.118,,2106697000,2025-10-30,annual,1.3,USD,pre-market,22600000,6371082000,0.0933,0.31,0.065,56.66,912986000,2920480000,859457000,0,175.93,180.99,22.6415,5553726000,2001910000,2076543000,4622161000,3551816000,2545618000,4835974000,915338000,27.53,-6426877000,195.98,135.68
2025-12-28,HSY,6.69,11489095000.0,27.53,None,0.177,22.51,,None,296967000,296967000,,,,,,,,,359901000,215304000,None,2956682000,2956682000,522536000,None,632714000,581381000,None,None,218032000,,5.48,0.0297,,,,-0.382,0.24,950159000,1168191000,1.06,2016-12-31,27.62,812344000,4334866000.0,1863145000,772926000,279682000,492737000,492737000,None,0,None,745678000,None,None,2347455000,None,None,493244000,None,None,None,0.135,,1009523000,860911000,192752000,754193000,None,400161000,None,,,,,48.57,8.21,3.251,,,,,,,,0.118,,2177248000,2025-10-30,annual,1.3,USD,pre-market,22600000,6115961000,0.0933,0.31,0.065,56.66,912986000,2980169000,632714000,0,175.93,180.99,22.6415,5524333000,1816778000,1909443000,4696646000,3707555000,2787203000,4835974000,785856000,27.53,-6183975000,195.98,135.68
2025-12-28,HSY,6.69,11489095000.0,27.53,None,0.177,22.51,,None,346529000,346529000,,,,,,,,,359901000,220651000,None,2956682000,2956682000,474266000,None,499923000,599073000,None,None,218032000,,5.48,0.0297,,,,-0.382,0.24,950159000,1168191000,1.06,2015-12-31,27.62,684252000,4334866000.0,1863145000,772926000,279682000,379305000,379305000,None,0,None,750970000,None,None,1557091000,None,None,493244000,None,None,None,0.135,,1009523000,860911000,152026000,880210000,None,468718000,None,,,,,48.57,8.21,3.251,,,,,,,,0.118,,2240460000,2025-10-30,annual,1.3,USD,pre-market,22600000,5897603000,0.0933,0.31,0.065,56.66,912986000,2420527000,863436000,0,175.93,180.99,22.6415,5344371000,1848598000,2217912000,4296909000,3495773000,2078997000,4835974000,997997000,27.53,-5672359000,195.98,135.68
2025-12-28,HSY,6.69,11489095000.0,27.53,None,0.177,22.51,,None,374854000,374854000,,,,,,,,,359901000,224837000,None,2956682000,2956682000,482017000,None,250805000,596940000,None,None,218032000,,5.48,0.0297,,,,-0.382,0.24,950159000,1168191000,1.06,2014-12-31,27.62,792955000,4334866000.0,1863145000,772926000,279682000,294841000,294841000,None,0,None,801036000,None,None,1548963000,None,None,493244000,None,None,None,0.135,,1009523000,860911000,292168000,818129000,None,526003000,None,,,,,48.57,8.21,3.251,,,,,,,,0.118,,2151901000,2025-10-30,annual,1.3,USD,pre-market,22600000,5860784000,0.0933,0.31,0.065,56.66,912986000,2177818000,635501000,97131000,175.93,180.99,22.6415,5629516000,2247047000,1935647000,4103340000,3382469000,2167693000,4835974000,1455062000,27.53,-5161236000,195.98,135.68
2025-12-28,HSY,6.69,11489095000.0,27.53,None,0.177,22.51,,None,1118508000,1118508000,,,,,,,,,359901000,227203000,None,2956682000,2956682000,461514000,None,None,477912000,None,None,218032000,,5.48,0.0297,,,,-0.382,0.24,950159000,1168191000,1.06,2013-12-31,27.62,576561000,4334866000.0,1863145000,772926000,279682000,195244000,195244000,None,0,None,659541000,None,None,1795142000,None,None,493244000,None,None,None,0.135,,1009523000,860911000,178862000,699722000,None,434068000,None,,,,,48.57,8.21,3.251,,,,,,,,0.118,,1805345000,2025-10-30,annual,1.3,USD,pre-market,22600000,5454286000,0.0933,0.31,0.065,56.66,912986000,1962017000,166875000,0,175.93,180.99,22.6415,5357488000,2487334000,1408022000,3741436000,2870154000,2333414000,4835974000,1616052000,27.53,-4707730000,195.98,135.68
2025-12-28,HSY,6.69,11489095000.0,27.53,None,0.177,22.51,,None,728272000,728272000,,,,,,,,,359901000,228337000,None,2956682000,2956682000,441977000,None,None,461383000,None,None,218032000,,5.48,0.0297,,,,-0.382,0.24,950159000,1168191000,1.06,2012-12-31,27.62,588003000,4334866000.0,1863145000,772926000,279682000,214713000,214713000,None,0,None,633262000,None,None,1530967000,None,None,493244000,None,None,None,0.135,,1009523000,860911000,168344000,650906000,None,668732000,None,,,,,48.57,8.21,3.251,,,,,,,,0.118,,1674071000,2025-10-30,annual,1.3,USD,pre-market,22600000,5027617000,0.0933,0.31,0.065,56.66,912986000,1906865000,375898000,0,175.93,180.99,22.6415,4754839000,2113485000,1471110000,3706466000,2641354000,2235356000,4835974000,1048373000,27.53,-4558668000,195.98,135.68
2025-12-28,HSY,6.69,11489095000.0,27.53,None,0.177,22.51,,None,693686000,693686000,,,,,,,,,359901000,229919000,None,2956682000,2956682000,420017000,None,None,399499000,None,None,218032000,,5.48,0.0297,,,,-0.382,0.24,950159000,1168191000,1.06,2011-12-31,27.62,516745000,4334866000.0,1863145000,772926000,279682000,111913000,111913000,None,0,None,648953000,None,None,1748500000,None,None,493244000,None,None,None,0.135,,1009523000,860911000,304420000,612186000,None,617276000,None,,,,,48.57,8.21,3.251,,,,,,,,0.118,,1559717000,2025-10-30,annual,1.3,USD,pre-market,22600000,4699597000,0.0933,0.31,0.065,56.66,912986000,1888173000,139673000,0,175.93,180.99,22.6415,4412199000,2046558000,1173775000,3539551000,2365641000,2365776000,4835974000,857317000,27.53,-4258962000,195.98,135.68
2025-12-28,HSY,6.69,11489095000.0,27.53,None,0.177,22.51,,None,884642000,884642000,,,,,,,,,359901000,230313000,None,2956682000,2956682000,410655000,None,None,390061000,None,None,218032000,,5.48,0.0297,,,,-0.382,0.24,950159000,1168191000,1.06,2010-12-31,27.62,524134000,4334866000.0,1863145000,772926000,279682000,123080000,123080000,None,0,None,533622000,None,None,1541825000,None,None,493244000,None,None,None,0.135,,1009523000,860911000,196892000,593308000,None,494461000,None,,,,,48.57,8.21,3.251,,,,,,,,0.118,,1437702000,2025-10-30,annual,1.3,USD,pre-market,22600000,4374718000,0.0933,0.31,0.065,56.66,912986000,1827305000,285480000,0,175.93,180.99,22.6415,4272732000,2005217000,1298845000,3335131000,2267515000,2036286000,4835974000,902316000,27.53,-4052101000,195.98,135.68
2025-12-28,HSY,6.69,11489095000.0,27.53,None,0.177,22.51,,None,253605000,253605000,,,,,,,,,359901000,228995000,None,2956682000,2956682000,287935000,None,None,410390000,None,None,218032000,,5.48,0.0297,,,,-0.382,0.24,950159000,1168191000,1.06,2009-12-31,27.62,571580000,4334866000.0,1863145000,772926000,279682000,125520000,125520000,None,0,None,519712000,None,None,1502730000,None,None,493244000,None,None,None,0.135,,1009523000,860911000,201727000,546462000,None,501334000,None,,,,,48.57,8.21,3.251,,,,,,,,0.118,,1404767000,2025-10-30,annual,1.3,USD,pre-market,22600000,4148353000,0.0933,0.31,0.065,56.66,912986000,1542043000,39313000,0,175.93,180.99,22.6415,3675031000,1385434000,910628000,2914692000,2289597000,2004064000,4835974000,720459000,27.53,3979629000,195.98,135.68
2025-12-28,HSY,6.69,11489095000.0,27.53,None,0.177,22.51,,None,37103000,37103000,,,,,,,,,359901000,228697000,None,2956682000,2956682000,249454000,None,None,455153000,None,None,218032000,,5.48,0.0297,,,,-0.382,0.24,950159000,1168191000,1.06,2008-12-31,27.62,554677000,4334866000.0,1863145000,772926000,279682000,110772000,110772000,None,0,None,592530000,None,None,1505954000,None,None,493244000,None,None,None,0.135,,1009523000,860911000,260159000,504065000,None,None,None,,,,,48.57,8.21,3.251,,,,,,,,0.118,,1458949000,2025-10-30,annual,1.3,USD,pre-market,22600000,3975762000,0.0933,0.31,0.065,56.66,912986000,2007458000,501504000,None,175.93,180.99,22.6415,3634719000,1344945000,1270212000,3284775000,2289774000,2014563000,4835974000,318199000,27.53,-4009931000,195.98,135.68
2025-12-28,HSY,6.69,11489095000.0,27.53,None,0.177,22.51,,None,129198000,129198000,,,,,,,,,359901000,231449000,None,2956682000,2956682000,223019000,None,None,487285000,None,None,218032000,,5.48,0.0297,,,,-0.382,0.24,950159000,1168191000,1.06,2007-12-31,27.62,584713000,4334866000.0,1863145000,772926000,279682000,155862000,155862000,None,0,None,600185000,None,None,1279965000,None,None,493244000,None,None,None,0.135,,1009523000,860911000,209906000,539359000,None,None,None,,,,,48.57,8.21,3.251,,,,,,,,0.118,,1539715000,2025-10-30,annual,1.3,USD,pre-market,22600000,3927306000,0.0933,0.31,0.065,56.66,912986000,2136357000,856392000,None,175.93,180.99,22.6415,4247113000,1426574000,1618770000,3623593000,2820539000,2004823000,4835974000,592922000,27.53,-4001562000,195.98,135.68
2025-12-28,HSY,6.69,11489095000.0,27.53,None,0.177,22.51,,None,97141000,97141000,,,,,,,,,359901000,238914957,None,2956682000,2956682000,155517000,None,None,522673000,None,None,218032000,,5.48,0.0297,,,,-0.382,0.24,950159000,1168191000,1.06,2006-12-31,27.62,501955000,4334866000.0,1863145000,772926000,279682000,140314000,140314000,None,0,None,648820000,None,None,1248128000,None,None,493244000,None,None,None,0.135,,1009523000,860911000,149178000,454023000,None,None,None,,,,,48.57,8.21,3.251,,,,,,,,0.118,,1651300000,2025-10-30,annual,1.3,USD,pre-market,22600000,3965415000,0.0933,0.31,0.065,56.66,912986000,2092126000,843998000,None,175.93,180.99,22.6415,4157565000,1417812000,1453538000,3474142000,2739753000,2020604000,4835974000,683423000,27.53,-3801947000,195.98,135.68
2025-12-28,HSY,6.69,11489095000.0,27.53,None,0.177,22.51,,None,67183000,67183000,,,,,,,,,359901000,248292000,None,2956682000,2956682000,167812000,None,None,507119000,None,None,218032000,,5.48,0.0297,,,,-0.382,0.24,950159000,1168191000,1.06,2005-12-31,27.62,487338000,4334866000.0,1863145000,772926000,279682000,142626000,142626000,None,0,None,610284000,None,None,942755000,None,None,493244000,None,None,None,0.135,,1009523000,860911000,167191000,503455000,None,None,None,,,,,48.57,8.21,3.251,,,,,,,,0.118,,1659138000,2025-10-30,annual,1.3,USD,pre-market,22600000,3646179000,0.0933,0.31,0.065,56.66,912986000,1761870000,819115000,None,175.93,180.99,22.6415,4295236000,1408940000,1518223000,3274160000,2886296000,1755937000,4835974000,1016380000,27.53,-3224863000,195.98,135.68
2025-12-28,HSY,6.69,11489095000.0,27.53,None,0.177,22.51,304212000,None,67183000,67183000,-513950000,-80401000,None,None,131557000,None,None,None,359901000,248292000,None,2956682000,2956682000,167812000,None,None,507119000,None,None,218032000,127783000,5.48,0.0297,271130000,271130000,None,-0.382,0.24,950159000,1168191000,1.06,2025-09-30,27.62,487338000,4334866000.0,1863145000,772926000,279682000,142626000,142626000,None,0,None,610284000,None,None,942755000,None,None,276320000,None,None,None,0.135,841916000,1009523000,860911000,167191000,503455000,None,None,None,None,None,None,None,48.57,8.21,3.251,None,None,None,None,None,17258000,None,0.118,None,1659138000,2025-10-30,quarterly,1.3,USD,pre-market,22600000,3646179000,0.0933,0.31,0.065,56.66,912986000,1761870000,819115000,None,175.93,180.99,22.6415,4295236000,1408940000,1518223000,3274160000,2886296000,1755937000,4835974000,1016380000,27.53,-3224863000,195.98,135.68
2025-12-28,HSY,6.69,11489095000.0,27.53,None,0.177,22.51,158685000,None,67183000,67183000,-559568000,-154795000,None,None,-369328000,None,None,None,359901000,248292000,None,2956682000,2956682000,167812000,None,None,507119000,None,None,218032000,123833000,5.48,0.0297,271231000,271231000,None,-0.382,0.24,950159000,1168191000,1.06,2025-06-30,27.62,487338000,4334866000.0,1863145000,772926000,279682000,142626000,142626000,None,0,None,610284000,None,None,942755000,None,None,62719000,None,None,None,0.135,112216000,1009523000,860911000,167191000,503455000,None,None,None,None,None,None,None,48.57,8.21,3.251,None,None,None,None,None,6940000,None,0.118,None,1659138000,2025-10-30,quarterly,1.3,USD,pre-market,22600000,3646179000,0.0933,0.31,0.065,56.66,912986000,1761870000,819115000,None,175.93,180.99,22.6415,4295236000,1408940000,1518223000,3274160000,2886296000,1755937000,4835974000,1016380000,27.53,-3224863000,195.98,135.68
2025-12-28,HSY,6.69,11489095000.0,27.53,None,0.177,22.51,145527000,None,67183000,67183000,537076000,-146986000,None,None,-207243000,None,None,None,359901000,248292000,None,2956682000,2956682000,167812000,None,None,507119000,None,None,218032000,119564000,5.48,0.0297,271594000,271594000,None,-0.382,0.24,950159000,1168191000,1.06,2025-03-31,27.62,487338000,4334866000.0,1863145000,772926000,279682000,142626000,142626000,None,0,None,610284000,None,None,942755000,None,None,224203000,None,None,None,0.135,396682000,1009523000,860911000,167191000,503455000,None,None,None,None,None,None,None,48.57,8.21,3.251,None,None,None,None,None,2738000,None,0.118,None,1659138000,2025-10-30,quarterly,1.3,USD,pre-market,22600000,3646179000,0.0933,0.31,0.065,56.66,912986000,1761870000,819115000,None,175.93,180.99,22.6415,4295236000,1408940000,1518223000,3274160000,2886296000,1755937000,4835974000,1016380000,27.53,-3224863000,195.98,135.68
2025-12-28,HSY,6.69,11489095000.0,27.53,None,0.177,22.51,134527000,None,67183000,67183000,-449532000,-410990000,None,None,41155000,None,None,None,359901000,248292000,None,2956682000,2956682000,167812000,None,None,507119000,None,None,218032000,123815000,5.48,0.0297,270493000,270493000,None,-0.382,0.24,950159000,1168191000,1.06,2024-12-31,27.62,487338000,4334866000.0,1863145000,772926000,279682000,142626000,142626000,None,0,None,610284000,None,None,942755000,None,None,796591000,None,None,None,0.135,941602000,1009523000,860911000,167191000,503455000,None,None,None,None,None,None,None,48.57,8.21,3.251,None,None,None,None,None,-2272000,None,0.118,None,1659138000,2025-10-30,quarterly,1.3,USD,pre-market,22600000,3646179000,0.0933,0.31,0.065,56.66,912986000,1761870000,819115000,None,175.93,180.99,22.6415,4295236000,1408940000,1518223000,3274160000,2886296000,1755937000,4835974000,1016380000,27.53,-3224863000,195.98,135.68
2025-12-28,HSY,6.69,11489095000.0,27.53,None,0.177,22.51,127958000,None,67183000,67183000,-394095000,-159592000,None,None,155798000,None,None,None,359901000,248292000,None,2956682000,2956682000,167812000,None,None,507119000,None,None,218032000,113255000,5.48,0.0297,270383000,270383000,None,-0.382,0.24,950159000,1168191000,1.06,2024-09-30,27.62,487338000,4334866000.0,1863145000,772926000,279682000,142626000,142626000,None,0,None,610284000,None,None,942755000,None,None,446301000,None,None,None,0.135,695254000,1009523000,860911000,167191000,503455000,None,None,None,None,None,None,None,48.57,8.21,3.251,None,None,None,None,None,-534000,None,0.118,None,1659138000,2025-10-30,quarterly,1.3,USD,pre-market,22600000,3646179000,0.0933,0.31,0.065,56.66,912986000,1761870000,819115000,None,175.93,180.99,22.6415,4295236000,1408940000,1518223000,3274160000,2886296000,1755937000,4835974000,1016380000,27.53,-3224863000,195.98,135.68
2025-12-28,HSY,6.69,11489095000.0,27.53,None,0.177,22.51,130153000,None,67183000,67183000,-231219000,-162163000,None,None,-330177000,None,None,None,359901000,248292000,None,2956682000,2956682000,167812000,None,None,507119000,None,None,218032000,110421000,5.48,0.0297,270522000,270522000,None,-0.382,0.24,950159000,1168191000,1.06,2024-06-30,27.62,487338000,4334866000.0,1863145000,772926000,279682000,142626000,142626000,None,0,None,610284000,None,None,942755000,None,None,180894000,None,None,None,0.135,325606000,1009523000,860911000,167191000,503455000,None,None,None,None,None,None,None,48.57,8.21,3.251,None,None,None,None,None,-3608000,None,0.118,None,1659138000,2025-10-30,quarterly,1.3,USD,pre-market,22600000,3646179000,0.0933,0.31,0.065,56.66,912986000,1761870000,819115000,None,175.93,180.99,22.6415,4295236000,1408940000,1518223000,3274160000,2886296000,1755937000,4835974000,1016380000,27.53,-3224863000,195.98,135.68
2025-12-28,HSY,6.69,11489095000.0,27.53,None,0.177,22.51,213304000,None,67183000,67183000,-221655000,-227569000,None,None,202055000,None,None,None,359901000,248292000,None,2956682000,2956682000,167812000,None,None,507119000,None,None,218032000,107764000,5.48,0.0297,273404000,273404000,None,-0.382,0.24,950159000,1168191000,1.06,2024-03-31,27.62,487338000,4334866000.0,1863145000,772926000,279682000,142626000,142626000,None,0,None,610284000,None,None,942755000,None,None,797453000,None,None,None,0.135,569134000,1009523000,860911000,167191000,503455000,None,None,None,None,None,None,None,48.57,8.21,3.251,None,None,None,None,None,-494191000,None,0.118,None,1659138000,2025-10-30,quarterly,1.3,USD,pre-market,22600000,3646179000,0.0933,0.31,0.065,56.66,912986000,1761870000,819115000,None,175.93,180.99,22.6415,4295236000,1408940000,1518223000,3274160000,2886296000,1755937000,4835974000,1016380000,27.53,-3224863000,195.98,135.68
2025-12-28,HSY,6.69,11489095000.0,27.53,None,0.177,22.51,222509000,None,67183000,67183000,-363886000,-463133000,None,None,10957000,None,None,None,359901000,248292000,None,2956682000,2956682000,167812000,None,None,507119000,None,None,218032000,116719000,5.48,0.0297,237805000,237805000,None,-0.382,0.24,950159000,1168191000,1.06,2023-12-31,27.62,487338000,4334866000.0,1863145000,772926000,279682000,142626000,142626000,None,0,None,610284000,None,None,942755000,None,None,349042000,None,None,None,0.135,757649000,1009523000,860911000,167191000,503455000,None,None,None,None,None,None,None,48.57,8.21,3.251,None,None,None,None,None,-25003000,None,0.118,None,1659138000,2025-10-30,quarterly,1.3,USD,pre-market,22600000,3646179000,0.0933,0.31,0.065,56.66,912986000,1761870000,819115000,None,175.93,180.99,22.6415,4295236000,1408940000,1518223000,3274160000,2886296000,1755937000,4835974000,1016380000,27.53,-3224863000,195.98,135.68
2025-12-28,HSY,6.69,11489095000.0,27.53,None,0.177,22.51,218095000,None,67183000,67183000,-277686000,-735543000,None,None,33796000,None,None,None,359901000,248292000,None,2956682000,2956682000,167812000,None,None,507119000,None,None,218032000,103309000,5.48,0.0297,237720000,237720000,None,-0.382,0.24,950159000,1168191000,1.06,2023-09-30,27.62,487338000,4334866000.0,1863145000,772926000,279682000,142626000,142626000,None,0,None,610284000,None,None,942755000,None,None,518577000,None,None,None,0.135,515733000,1009523000,860911000,167191000,503455000,None,None,None,None,None,None,None,48.57,8.21,3.251,None,None,None,None,None,-215656000,None,0.118,None,1659138000,2025-10-30,quarterly,1.3,USD,pre-market,22600000,3646179000,0.0933,0.31,0.065,56.66,912986000,1761870000,819115000,None,175.93,180.99,22.6415,4295236000,1408940000,1518223000,3274160000,2886296000,1755937000,4835974000,1016380000,27.53,-3224863000,195.98,135.68
2025-12-28,HSY,6.69,11489095000.0,27.53,None,0.177,22.51,154412000,None,67183000,67183000,45569000,-327712000,12268000,None,-198643000,None,None,97459000,359901000,248292000,None,2956682000,2956682000,167812000,None,None,507119000,None,None,218032000,101588000,5.48,0.0297,206190000,206190000,None,-0.382,0.24,950159000,1168191000,1.06,2023-06-30,27.62,487338000,4334866000.0,1863145000,772926000,279682000,142626000,142626000,None,0,None,610284000,None,None,942755000,None,None,406983000,None,None,None,0.135,294411000,1009523000,860911000,167191000,503455000,None,None,None,None,None,None,None,48.57,8.21,3.251,None,None,None,None,None,6827000,None,0.118,None,1659138000,2025-10-30,quarterly,1.3,USD,pre-market,22600000,3646179000,0.0933,0.31,0.065,56.66,912986000,1761870000,819115000,None,175.93,180.99,22.6415,4295236000,1408940000,1518223000,3274160000,2886296000,1755937000,4835974000,1016380000,27.53,-3224863000,195.98,135.68
2025-12-28,HSY,6.69,11489095000.0,27.53,None,0.177,22.51,176093000,None,67183000,67183000,-552248000,-188317000,14832000,None,-3263000,None,None,-140962000,359901000,248292000,None,2956682000,2956682000,167812000,None,None,507119000,None,None,218032000,98199000,5.48,0.0297,207356000,207356000,None,-0.382,0.24,950159000,1168191000,1.06,2023-03-31,27.62,487338000,4334866000.0,1863145000,772926000,279682000,142626000,142626000,None,0,None,610284000,None,None,942755000,None,None,587185000,None,None,None,0.135,755397000,1009523000,860911000,167191000,503455000,None,None,None,None,None,None,None,48.57,8.21,3.251,None,None,None,None,None,-239910000,None,0.118,None,1659138000,2025-10-30,quarterly,1.3,USD,pre-market,22600000,3646179000,0.0933,0.31,0.065,56.66,912986000,1761870000,819115000,None,175.93,180.99,22.6415,4295236000,1408940000,1518223000,3274160000,2886296000,1755937000,4835974000,1016380000,27.53,-3224863000,195.98,135.68
2025-12-28,HSY,6.69,11489095000.0,27.53,None,0.177,22.51,159488000,None,67183000,67183000,-339694000,-277400000,150549000,None,14462000,None,None,220899000,359901000,248292000,None,2956682000,2956682000,167812000,None,None,507119000,None,None,218032000,99877000,5.48,0.0297,207041000,207041000,None,-0.382,0.24,950159000,1168191000,1.06,2022-12-31,27.62,487338000,4334866000.0,1863145000,772926000,279682000,142626000,142626000,None,0,None,610284000,None,None,942755000,None,None,396296000,None,None,None,0.135,767643000,1009523000,860911000,167191000,503455000,None,None,None,None,None,None,None,48.57,8.21,3.251,None,None,None,None,None,-33693000,None,0.118,None,1659138000,2025-10-30,quarterly,1.3,USD,pre-market,22600000,3646179000,0.0933,0.31,0.065,56.66,912986000,1761870000,819115000,None,175.93,180.99,22.6415,4295236000,1408940000,1518223000,3274160000,2886296000,1755937000,4835974000,1016380000,27.53,-3224863000,195.98,135.68
2025-12-28,HSY,6.69,11489095000.0,27.53,None,0.177,22.51,119033000,None,67183000,67183000,-320626000,-158991000,-33196000,None,18646000,None,None,-278280000,359901000,248292000,None,2956682000,2956682000,167812000,None,None,507119000,None,None,218032000,94200000,5.48,0.0297,207005000,207005000,None,-0.382,0.24,950159000,1168191000,1.06,2022-09-30,27.62,487338000,4334866000.0,1863145000,772926000,279682000,142626000,142626000,None,0,None,610284000,None,None,942755000,None,None,399487000,None,None,None,0.135,446421000,1009523000,860911000,167191000,503455000,None,None,None,None,None,None,None,48.57,8.21,3.251,None,None,None,None,None,-151921000,None,0.118,None,1659138000,2025-10-30,quarterly,1.3,USD,pre-market,22600000,3646179000,0.0933,0.31,0.065,56.66,912986000,1761870000,819115000,None,175.93,180.99,22.6415,4295236000,1408940000,1518223000,3274160000,2886296000,1755937000,4835974000,1016380000,27.53,-3224863000,195.98,135.68
2025-12-28,HSY,6.69,11489095000.0,27.53,None,0.177,22.51,99897000,None,67183000,67183000,-291951000,-187019000,-21664000,None,-182751000,None,None,208837000,359901000,248292000,None,2956682000,2956682000,167812000,None,None,507119000,None,None,218032000,93846000,5.48,0.0297,179900000,179900000,None,-0.382,0.24,950159000,1168191000,1.06,2022-06-30,27.62,487338000,4334866000.0,1863145000,772926000,279682000,142626000,142626000,None,0,None,610284000,None,None,942755000,None,None,315556000,None,None,None,0.135,457306000,1009523000,860911000,167191000,503455000,None,None,None,None,None,None,None,48.57,8.21,3.251,None,None,None,None,None,-151921000,None,0.118,None,1659138000,2025-10-30,quarterly,1.3,USD,pre-market,22600000,3646179000,0.0933,0.31,0.065,56.66,912986000,1761870000,819115000,None,175.93,180.99,22.6415,4295236000,1408940000,1518223000,3274160000,2886296000,1755937000,4835974000,1016380000,27.53,-3224863000,195.98,135.68
2025-12-28,HSY,6.69,11489095000.0,27.53,None,0.177,22.51,141063000,None,67183000,67183000,-463454000,-163966000,29047000,None,-37320000,None,None,-189621000,359901000,248292000,None,2956682000,2956682000,167812000,None,None,507119000,None,None,218032000,91036000,5.48,0.0297,181084000,181084000,None,-0.382,0.24,950159000,1168191000,1.06,2022-03-31,27.62,487338000,4334866000.0,1863145000,772926000,279682000,142626000,142626000,None,0,None,610284000,None,None,942755000,None,None,533478000,None,None,None,0.135,656467000,1009523000,860911000,167191000,503455000,None,None,None,None,None,None,None,48.57,8.21,3.251,None,None,None,None,None,-203350000,None,0.118,None,1659138000,2025-10-30,quarterly,1.3,USD,pre-market,22600000,3646179000,0.0933,0.31,0.065,56.66,912986000,1761870000,819115000,None,175.93,180.99,22.6415,4295236000,1408940000,1518223000,3274160000,2886296000,1755937000,4835974000,1016380000,27.53,-3224863000,195.98,135.68
2025-12-28,HSY,6.69,11489095000.0,27.53,None,0.177,22.51,148427000,None,67183000,67183000,356690000,-1383089000,-346250000,982000,60321000,None,None,208222000,359901000,248292000,None,2956682000,2956682000,167812000,None,None,507119000,None,None,218032000,83049000,5.48,0.0297,180793000,180793000,None,-0.382,0.24,950159000,1168191000,1.06,2021-12-31,27.62,487338000,4334866000.0,1863145000,772926000,279682000,142626000,142626000,None,0,None,610284000,None,None,942755000,None,None,339791000,None,None,None,0.135,679167000,1009523000,860911000,167191000,503455000,None,None,None,None,None,None,None,48.57,8.21,3.251,None,None,None,None,None,-473000,None,0.118,None,1659138000,2025-10-30,quarterly,1.3,USD,pre-market,22600000,3646179000,0.0933,0.31,0.065,56.66,912986000,1761870000,819115000,None,175.93,180.99,22.6415,4295236000,1408940000,1518223000,3274160000,2886296000,1755937000,4835974000,1016380000,27.53,-3224863000,195.98,135.68
2025-12-28,HSY,6.69,11489095000.0,27.53,None,0.177,22.51,119843000,None,67183000,67183000,3865000,-139619000,249315000,-996000,30104000,None,None,-311809000,359901000,248292000,None,2956682000,2956682000,167812000,None,None,507119000,None,None,218032000,78024000,5.48,0.0297,180890000,180890000,None,-0.382,0.24,950159000,1168191000,1.06,2021-09-30,27.62,487338000,4334866000.0,1863145000,772926000,279682000,142626000,142626000,None,0,None,610284000,None,None,942755000,None,None,444927000,None,None,None,0.135,386065000,1009523000,860911000,167191000,503455000,None,None,None,None,None,None,None,48.57,8.21,3.251,None,None,None,None,None,-23600000,None,0.118,None,1659138000,2025-10-30,quarterly,1.3,USD,pre-market,22600000,3646179000,0.0933,0.31,0.065,56.66,912986000,1761870000,819115000,None,175.93,180.99,22.6415,4295236000,1408940000,1518223000,3274160000,2886296000,1755937000,4835974000,1016380000,27.53,-3224863000,195.98,135.68
2025-12-28,HSY,6.69,11489095000.0,27.53,None,0.177,22.51,113136000,None,67183000,67183000,-549829000,-563115000,-706041000,-1109000,-122291000,None,None,111044000,359901000,248292000,None,2956682000,2956682000,167812000,None,None,507119000,None,None,218032000,76032000,5.48,0.0297,161565000,161565000,None,-0.382,0.24,950159000,1168191000,1.06,2021-06-30,27.62,487338000,4334866000.0,1863145000,772926000,279682000,142626000,142626000,None,0,None,610284000,None,None,942755000,None,None,301230000,None,None,None,0.135,408012000,1009523000,860911000,167191000,503455000,None,None,None,None,None,None,None,48.57,8.21,3.251,None,None,None,None,None,-193987000,None,0.118,None,1659138000,2025-10-30,quarterly,1.3,USD,pre-market,22600000,3646179000,0.0933,0.31,0.065,56.66,912986000,1761870000,819115000,None,175.93,180.99,22.6415,4295236000,1408940000,1518223000,3274160000,2886296000,1755937000,4835974000,1016380000,27.53,-3224863000,195.98,135.68
2025-12-28,HSY,6.69,11489095000.0,27.53,None,0.177,22.51,114471000,None,67183000,67183000,-491862000,-137005000,-23179000,-3952000,53323000,None,None,-22099000,359901000,248292000,None,2956682000,2956682000,167812000,None,None,507119000,None,None,218032000,77897000,5.48,0.0297,162739000,162739000,None,-0.382,0.24,950159000,1168191000,1.06,2021-03-31,27.62,487338000,4334866000.0,1863145000,772926000,279682000,142626000,142626000,None,0,None,610284000,None,None,942755000,None,None,396871000,None,None,None,0.135,609640000,1009523000,860911000,167191000,503455000,None,None,None,None,None,None,None,48.57,8.21,3.251,None,None,None,None,None,-240359000,None,0.118,None,1659138000,2025-10-30,quarterly,1.3,USD,pre-market,22600000,3646179000,0.0933,0.31,0.065,56.66,912986000,1761870000,819115000,None,175.93,180.99,22.6415,4295236000,1408940000,1518223000,3274160000,2886296000,1755937000,4835974000,1016380000,27.53,-3224863000,195.98,135.68
2025-12-28,HSY,6.69,11489095000.0,27.53,None,0.177,22.51,149575000,None,67183000,67183000,-479263000,-190026000,-61151000,3747000,1000,None,None,220112000,359901000,248292000,None,2956682000,2956682000,167812000,None,None,507119000,None,None,218032000,77218000,5.48,0.0297,162714000,162714000,None,-0.382,0.24,950159000,1168191000,1.06,2020-12-31,27.62,487338000,4334866000.0,1863145000,772926000,279682000,142626000,142626000,None,0,None,610284000,None,None,942755000,None,None,291330000,None,None,None,0.135,604391000,1009523000,860911000,167191000,503455000,None,None,None,None,None,None,None,48.57,8.21,3.251,None,None,None,None,None,193652000,None,0.118,None,1659138000,2025-10-30,quarterly,1.3,USD,pre-market,22600000,3646179000,0.0933,0.31,0.065,56.66,912986000,1761870000,819115000,None,175.93,180.99,22.6415,4295236000,1408940000,1518223000,3274160000,2886296000,1755937000,4835974000,1016380000,27.53,-3224863000,195.98,135.68
2025-12-28,HSY,6.69,11489095000.0,27.53,None,0.177,22.51,106267000,None,67183000,67183000,-315823000,-131452000,40558000,6614000,42477000,None,None,-287443000,359901000,248292000,None,2956682000,2956682000,167812000,None,None,507119000,None,None,218032000,75165000,5.48,0.0297,163739000,163739000,None,-0.382,0.24,950159000,1168191000,1.06,2020-09-30,27.62,487338000,4334866000.0,1863145000,772926000,279682000,142626000,142626000,None,0,None,610284000,None,None,942755000,None,None,447258000,None,None,None,0.135,481219000,1009523000,860911000,167191000,503455000,None,None,None,None,None,None,None,48.57,8.21,3.251,None,None,None,None,None,-211196000,None,0.118,None,1659138000,2025-10-30,quarterly,1.3,USD,pre-market,22600000,3646179000,0.0933,0.31,0.065,56.66,912986000,1761870000,819115000,None,175.93,180.99,22.6415,4295236000,1408940000,1518223000,3274160000,2886296000,1755937000,4835974000,1016380000,27.53,-3224863000,195.98,135.68
2025-12-28,HSY,6.69,11489095000.0,27.53,None,0.177,22.51,86567000,None,67183000,67183000,-199767000,-99133000,70374000,1320000,-166489000,None,None,164880000,359901000,248292000,None,2956682000,2956682000,167812000,None,None,507119000,None,None,218032000,71900000,5.48,0.0297,156476000,156476000,None,-0.382,0.24,950159000,1168191000,1.06,2020-06-30,27.62,487338000,4334866000.0,1863145000,772926000,279682000,142626000,142626000,None,0,None,610284000,None,None,942755000,None,None,268042000,None,None,None,0.135,367954000,1009523000,860911000,167191000,503455000,None,None,None,None,None,None,None,48.57,8.21,3.251,None,None,None,None,None,-42020000,None,0.118,None,1659138000,2025-10-30,quarterly,1.3,USD,pre-market,22600000,3646179000,0.0933,0.31,0.065,56.66,912986000,1761870000,819115000,None,175.93,180.99,22.6415,4295236000,1408940000,1518223000,3274160000,2886296000,1755937000,4835974000,1016380000,27.53,-3224863000,195.98,135.68
2025-12-28,HSY,6.69,11489095000.0,27.53,None,0.177,22.51,99217000,None,67183000,67183000,495625000,-110669000,612378000,-18671000,-27907000,None,None,-153086000,359901000,248292000,None,2956682000,2956682000,167812000,None,None,507119000,None,None,218032000,70624000,5.48,0.0297,157803000,157803000,None,-0.382,0.24,950159000,1168191000,1.06,2020-03-31,27.62,487338000,4334866000.0,1863145000,772926000,279682000,142626000,142626000,None,0,None,610284000,None,None,942755000,None,None,268783000,None,None,None,0.135,246093000,1009523000,860911000,167191000,503455000,None,None,None,None,None,None,None,48.57,8.21,3.251,None,None,None,None,None,-169176000,None,0.118,None,1659138000,2025-10-30,quarterly,1.3,USD,pre-market,22600000,3646179000,0.0933,0.31,0.065,56.66,912986000,1761870000,819115000,None,175.93,180.99,22.6415,4295236000,1408940000,1518223000,3274160000,2886296000,1755937000,4835974000,1016380000,27.53,-3224863000,195.98,135.68
2025-12-28,HSY,6.69,11489095000.0,27.53,None,0.177,22.51,81593000,None,67183000,67183000,-498631000,-82839000,192342000,-427000,153320000,None,None,280709000,359901000,248292000,None,2956682000,2956682000,167812000,None,None,507119000,None,None,218032000,72703000,5.48,0.0297,157102000,157102000,None,-0.382,0.24,950159000,1168191000,1.06,2019-12-31,27.62,487338000,4334866000.0,1863145000,772926000,279682000,142626000,142626000,None,0,None,610284000,None,None,942755000,None,None,204418000,None,None,None,0.135,770486000,1009523000,860911000,167191000,503455000,None,None,None,None,None,None,None,48.57,8.21,3.251,None,None,None,None,None,-81341000,None,0.118,None,1659138000,2025-10-30,quarterly,1.3,USD,pre-market,22600000,3646179000,0.0933,0.31,0.065,56.66,912986000,1761870000,819115000,None,175.93,180.99,22.6415,4295236000,1408940000,1518223000,3274160000,2886296000,1755937000,4835974000,1016380000,27.53,-3224863000,195.98,135.68
2025-12-28,HSY,6.69,11489095000.0,27.53,None,0.177,22.51,60329000,None,67183000,67183000,115906000,-491255000,-65043000,None,-1440000,None,None,-295856000,359901000,248292000,None,2956682000,2956682000,167812000,None,None,507119000,None,None,218032000,74495000,5.48,0.0297,157727000,157727000,None,-0.382,0.24,950159000,1168191000,1.06,2019-09-30,27.62,487338000,4334866000.0,1863145000,772926000,279682000,142626000,142626000,None,0,None,610284000,None,None,942755000,None,None,325182000,None,None,None,0.135,314059000,1009523000,860911000,167191000,503455000,None,None,None,None,None,None,None,48.57,8.21,3.251,None,None,None,None,None,-191441000,None,0.118,None,1659138000,2025-10-30,quarterly,1.3,USD,pre-market,22600000,3646179000,0.0933,0.31,0.065,56.66,912986000,1761870000,819115000,None,175.93,180.99,22.6415,4295236000,1408940000,1518223000,3274160000,2886296000,1755937000,4835974000,1016380000,27.53,-3224863000,195.98,135.68
2025-12-28,HSY,6.69,11489095000.0,27.53,None,0.177,22.51,83456000,None,67183000,67183000,-357585000,-94763000,-100002000,2978000,-166664000,None,None,155390000,359901000,248292000,None,2956682000,2956682000,167812000,None,None,507119000,None,None,218032000,72017000,5.48,0.0297,149020000,149020000,None,-0.382,0.24,950159000,1168191000,1.06,2019-06-30,27.62,487338000,4334866000.0,1863145000,772926000,279682000,142626000,142626000,None,0,None,610284000,None,None,942755000,None,None,313271000,None,None,None,0.135,349368000,1009523000,860911000,167191000,503455000,None,None,None,None,None,None,None,48.57,8.21,3.251,None,None,None,None,None,-55929000,None,0.118,None,1659138000,2025-10-30,quarterly,1.3,USD,pre-market,22600000,3646179000,0.0933,0.31,0.065,56.66,912986000,1761870000,819115000,None,175.93,180.99,22.6415,4295236000,1408940000,1518223000,3274160000,2886296000,1755937000,4835974000,1016380000,27.53,-3224863000,195.98,135.68
2025-12-28,HSY,6.69,11489095000.0,27.53,None,0.177,22.51,92814000,None,67183000,67183000,-341145000,-111623000,-122033000,775000,-6410000,None,None,-99991000,359901000,248292000,None,2956682000,2956682000,167812000,None,None,507119000,None,None,218032000,72329000,5.48,0.0297,146463000,146463000,None,-0.382,0.24,950159000,1168191000,1.06,2019-03-31,27.62,487338000,4334866000.0,1863145000,772926000,279682000,142626000,142626000,None,0,None,610284000,None,None,942755000,None,None,303881000,None,None,None,0.135,329960000,1009523000,860911000,167191000,503455000,None,None,None,None,None,None,None,48.57,8.21,3.251,None,None,None,None,None,-198500000,None,0.118,None,1659138000,2025-10-30,quarterly,1.3,USD,pre-market,22600000,3646179000,0.0933,0.31,0.065,56.66,912986000,1761870000,819115000,None,175.93,180.99,22.6415,4295236000,1408940000,1518223000,3274160000,2886296000,1755937000,4835974000,1016380000,27.53,-3224863000,195.98,135.68
2025-12-28,HSY,6.69,11489095000.0,27.53,None,0.177,22.51,87387000,None,67183000,67183000,-412908000,-530655000,-235789000,642000,99155000,None,None,220778000,359901000,248292000,None,2956682000,2956682000,167812000,None,None,507119000,None,None,218032000,69341000,5.48,0.0297,147343000,147343000,None,-0.382,0.24,950159000,1168191000,1.06,2018-12-31,27.62,487338000,4334866000.0,1863145000,772926000,279682000,142626000,142626000,None,0,None,610284000,None,None,942755000,None,None,331600000,None,None,None,0.135,707132000,1009523000,860911000,167191000,503455000,None,None,None,None,None,None,None,48.57,8.21,3.251,None,None,None,None,None,-47835000,None,0.118,None,1659138000,2025-10-30,quarterly,1.3,USD,pre-market,22600000,3646179000,0.0933,0.31,0.065,56.66,912986000,1761870000,819115000,None,175.93,180.99,22.6415,4295236000,1408940000,1518223000,3274160000,2886296000,1755937000,4835974000,1016380000,27.53,-3224863000,195.98,135.68
2025-12-28,HSY,6.69,11489095000.0,27.53,None,0.177,22.51,105295000,None,67183000,67183000,-24143000,92041000,356435000,-1442000,35189000,None,None,-313057000,359901000,248292000,None,2956682000,2956682000,167812000,None,None,507119000,None,None,218032000,74807000,5.48,0.0297,147299000,147299000,None,-0.382,0.24,950159000,1168191000,1.06,2018-09-30,27.62,487338000,4334866000.0,1863145000,772926000,279682000,142626000,142626000,None,0,None,610284000,None,None,942755000,None,None,265413000,None,None,None,0.135,289979000,1009523000,860911000,167191000,503455000,None,None,None,None,None,None,None,48.57,8.21,3.251,None,None,None,None,None,25232000,None,0.118,None,1659138000,2025-10-30,quarterly,1.3,USD,pre-market,22600000,3646179000,0.0933,0.31,0.065,56.66,912986000,1761870000,819115000,None,175.93,180.99,22.6415,4295236000,1408940000,1518223000,3274160000,2886296000,1755937000,4835974000,1016380000,27.53,-3224863000,195.98,135.68
2025-12-28,HSY,6.69,11489095000.0,27.53,None,0.177,22.51,75786000,None,67183000,67183000,-172746000,-82521000,-9082000,-4640000,-135824000,None,None,110746000,359901000,248292000,None,2956682000,2956682000,167812000,None,None,507119000,None,None,218032000,76580000,5.48,0.0297,133579000,133579000,None,-0.382,0.24,950159000,1168191000,1.06,2018-06-30,27.62,487338000,4334866000.0,1863145000,772926000,279682000,142626000,142626000,None,0,None,610284000,None,None,942755000,None,None,223319000,None,None,None,0.135,250825000,1009523000,860911000,167191000,503455000,None,None,None,None,None,None,None,48.57,8.21,3.251,None,None,None,None,None,-21592000,None,0.118,None,1659138000,2025-10-30,quarterly,1.3,USD,pre-market,22600000,3646179000,0.0933,0.31,0.065,56.66,912986000,1761870000,819115000,None,175.93,180.99,22.6415,4295236000,1408940000,1518223000,3274160000,2886296000,1755937000,4835974000,1016380000,27.53,-3224863000,195.98,135.68
2025-12-28,HSY,6.69,11489095000.0,27.53,None,0.177,22.51,60133000,None,67183000,67183000,725905000,-981759000,96255000,52000,-11266000,None,None,-9882000,359901000,248292000,None,2956682000,2956682000,167812000,None,None,507119000,None,None,218032000,74416000,5.48,0.0297,134300000,134300000,None,-0.382,0.24,950159000,1168191000,1.06,2018-03-31,27.62,487338000,4334866000.0,1863145000,772926000,279682000,142626000,142626000,None,0,None,610284000,None,None,942755000,None,None,350719000,None,None,None,0.135,352057000,1009523000,860911000,167191000,503455000,None,None,None,None,None,None,None,48.57,8.21,3.251,None,None,None,None,None,-178073000,None,0.118,None,1659138000,2025-10-30,quarterly,1.3,USD,pre-market,22600000,3646179000,0.0933,0.31,0.065,56.66,912986000,1761870000,819115000,None,175.93,180.99,22.6415,4295236000,1408940000,1518223000,3274160000,2886296000,1755937000,4835974000,1016380000,27.53,-3224863000,195.98,135.68
2025-12-28,HSY,6.69,11489095000.0,27.53,None,0.177,22.51,108752000,None,67183000,67183000,-378049000,-141522000,105123000,1078000,121105000,None,None,154570000,359901000,248292000,None,2956682000,2956682000,167812000,None,None,507119000,None,None,218032000,67540000,5.48,0.0297,134427000,134427000,None,-0.382,0.24,950159000,1168191000,1.06,2017-12-31,27.62,487338000,4334866000.0,1863145000,772926000,279682000,142626000,142626000,None,0,None,610284000,None,None,942755000,None,None,181549000,None,None,None,0.135,623616000,1009523000,860911000,167191000,503455000,None,None,None,None,None,None,None,48.57,8.21,3.251,None,None,None,None,None,9756000,None,0.118,None,1659138000,2025-10-30,quarterly,1.3,USD,pre-market,22600000,3646179000,0.0933,0.31,0.065,56.66,912986000,1761870000,819115000,None,175.93,180.99,22.6415,4295236000,1408940000,1518223000,3274160000,2886296000,1755937000,4835974000,1016380000,27.53,-3224863000,195.98,135.68
2025-12-28,HSY,6.69,11489095000.0,27.53,None,0.177,22.51,64236000,None,67183000,67183000,-150579000,-80905000,60994000,2313000,-1750000,None,None,-325375000,359901000,248292000,None,2956682000,2956682000,167812000,None,None,507119000,None,None,218032000,62234000,5.48,0.0297,135717000,135717000,None,-0.382,0.24,950159000,1168191000,1.06,2017-09-30,27.62,487338000,4334866000.0,1863145000,772926000,279682000,142626000,142626000,None,0,None,610284000,None,None,942755000,None,None,274013000,None,None,None,0.135,290165000,1009523000,860911000,167191000,503455000,None,None,None,None,None,None,None,48.57,8.21,3.251,None,None,None,None,None,-200320000,None,0.118,None,1659138000,2025-10-30,quarterly,1.3,USD,pre-market,22600000,3646179000,0.0933,0.31,0.065,56.66,912986000,1761870000,819115000,None,175.93,180.99,22.6415,4295236000,1408940000,1518223000,3274160000,2886296000,1755937000,4835974000,1016380000,27.53,-3224863000,195.98,135.68
2025-12-28,HSY,6.69,11489095000.0,27.53,None,0.177,22.51,51390000,None,67183000,67183000,-58266000,-65553000,-20969000,1578000,-141033000,None,None,178322000,359901000,248292000,None,2956682000,2956682000,167812000,None,None,507119000,None,None,218032000,67127000,5.48,0.0297,128111000,128111000,None,-0.382,0.24,950159000,1168191000,1.06,2017-06-30,27.62,487338000,4334866000.0,1863145000,772926000,279682000,142626000,142626000,None,0,None,610284000,None,None,942755000,None,None,202727000,None,None,None,0.135,101272000,1009523000,860911000,167191000,503455000,None,None,None,None,None,None,None,48.57,8.21,3.251,None,None,None,None,None,-99992000,None,0.118,None,1659138000,2025-10-30,quarterly,1.3,USD,pre-market,22600000,3646179000,0.0933,0.31,0.065,56.66,912986000,1761870000,819115000,None,175.93,180.99,22.6415,4295236000,1408940000,1518223000,3274160000,2886296000,1755937000,4835974000,1016380000,27.53,-3224863000,195.98,135.68
2025-12-28,HSY,6.69,11489095000.0,27.53,None,0.177,22.51,33297000,None,67183000,67183000,-256874000,-40684000,-61936000,1160000,-49726000,None,None,-14398000,359901000,248292000,None,2956682000,2956682000,167812000,None,None,507119000,None,None,218032000,64952000,5.48,0.0297,128017000,128017000,None,-0.382,0.24,950159000,1168191000,1.06,2017-03-31,27.62,487338000,4334866000.0,1863145000,772926000,279682000,142626000,142626000,None,0,None,610284000,None,None,942755000,None,None,98248000,None,None,None,0.135,234462000,1009523000,860911000,167191000,503455000,None,None,None,None,None,None,None,48.57,8.21,3.251,None,None,None,None,None,17800000,None,0.118,None,1659138000,2025-10-30,quarterly,1.3,USD,pre-market,22600000,3646179000,0.0933,0.31,0.065,56.66,912986000,1761870000,819115000,None,175.93,180.99,22.6415,4295236000,1408940000,1518223000,3274160000,2886296000,1755937000,4835974000,1016380000,27.53,-3224863000,195.98,135.68
2025-12-28,HSY,6.69,11489095000.0,27.53,None,0.177,22.51,101251000,None,67183000,67183000,-484205000,-109492000,-36366000,-3605000,97186000,None,None,178238000,359901000,248292000,None,2956682000,2956682000,167812000,None,None,507119000,None,None,218032000,59936000,5.48,0.0297,127769000,127769000,None,-0.382,0.24,950159000,1168191000,1.06,2016-12-31,27.62,487338000,4334866000.0,1863145000,772926000,279682000,142626000,142626000,None,0,None,610284000,None,None,942755000,None,None,116853000,None,None,None,0.135,560936000,1009523000,860911000,167191000,503455000,None,None,None,None,None,None,None,48.57,8.21,3.251,None,None,None,None,None,-139970000,None,0.118,None,1659138000,2025-10-30,quarterly,1.3,USD,pre-market,22600000,3646179000,0.0933,0.31,0.065,56.66,912986000,1761870000,819115000,None,175.93,180.99,22.6415,4295236000,1408940000,1518223000,3274160000,2886296000,1755937000,4835974000,1016380000,27.53,-3224863000,195.98,135.68
2025-12-28,HSY,6.69,11489095000.0,27.53,None,0.177,22.51,64116000,None,67183000,67183000,90363000,-81373000,83148000,-1283000,27766000,None,None,-276074000,359901000,248292000,None,2956682000,2956682000,167812000,None,None,507119000,None,None,218032000,85122000,5.48,0.0297,128567000,128567000,None,-0.382,0.24,950159000,1168191000,1.06,2016-09-30,27.62,487338000,4334866000.0,1863145000,772926000,279682000,142626000,142626000,None,0,None,610284000,None,None,942755000,None,None,227403000,None,None,None,0.135,75441000,1009523000,860911000,167191000,503455000,None,None,None,None,None,None,None,48.57,8.21,3.251,None,None,None,None,None,42100000,None,0.118,None,1659138000,2025-10-30,quarterly,1.3,USD,pre-market,22600000,3646179000,0.0933,0.31,0.065,56.66,912986000,1761870000,819115000,None,175.93,180.99,22.6415,4295236000,1408940000,1518223000,3274160000,2886296000,1755937000,4835974000,1016380000,27.53,-3224863000,195.98,135.68
2025-12-28,HSY,6.69,11489095000.0,27.53,None,0.177,22.51,62670000,None,67183000,67183000,230634000,-355412000,-35773000,-978000,-91575000,None,None,63886000,359901000,248292000,None,2956682000,2956682000,167812000,None,None,507119000,None,None,218032000,96866000,5.48,0.0297,120772000,120772000,None,-0.382,0.24,950159000,1168191000,1.06,2016-06-30,27.62,487338000,4334866000.0,1863145000,772926000,279682000,142626000,142626000,None,0,None,610284000,None,None,942755000,None,None,145956000,None,None,None,0.135,89983000,1009523000,860911000,167191000,503455000,None,None,None,None,None,None,None,48.57,8.21,3.251,None,None,None,None,None,-148630000,None,0.118,None,1659138000,2025-10-30,quarterly,1.3,USD,pre-market,22600000,3646179000,0.0933,0.31,0.065,56.66,912986000,1761870000,819115000,None,175.93,180.99,22.6415,4295236000,1408940000,1518223000,3274160000,2886296000,1755937000,4835974000,1016380000,27.53,-3224863000,195.98,135.68
2025-12-28,HSY,6.69,11489095000.0,27.53,None,0.177,22.51,41439000,None,67183000,67183000,-271235000,-49177000,-60571000,2726000,-19412000,None,None,55046000,359901000,248292000,None,2956682000,2956682000,167812000,None,None,507119000,None,None,218032000,59913000,5.48,0.0297,122367000,122367000,None,-0.382,0.24,950159000,1168191000,1.06,2016-03-31,27.62,487338000,4334866000.0,1863145000,772926000,279682000,142626000,142626000,None,0,None,610284000,None,None,942755000,None,None,229832000,None,None,None,0.135,257115000,1009523000,860911000,167191000,503455000,None,None,None,None,None,None,None,48.57,8.21,3.251,None,None,None,None,None,-303950000,None,0.118,None,1659138000,2025-10-30,quarterly,1.3,USD,pre-market,22600000,3646179000,0.0933,0.31,0.065,56.66,912986000,1761870000,819115000,None,175.93,180.99,22.6415,4295236000,1408940000,1518223000,3274160000,2886296000,1755937000,4835974000,1016380000,27.53,-3224863000,195.98,135.68
2025-12-28,HSY,6.69,11489095000.0,27.53,None,0.177,22.51,118917000,None,67183000,67183000,-467771000,-145841000,2616000,-10364000,54113000,None,None,161716000,359901000,248292000,None,2956682000,2956682000,167812000,None,None,507119000,None,None,218032000,62073000,5.48,0.0297,123062000,123062000,None,-0.382,0.24,950159000,1168191000,1.06,2015-12-31,27.62,487338000,4334866000.0,1863145000,772926000,279682000,142626000,142626000,None,0,None,610284000,None,None,942755000,None,None,213384000,None,None,None,0.135,626592000,1009523000,860911000,167191000,503455000,None,None,None,None,None,None,None,48.57,8.21,3.251,None,None,None,None,None,-15143000,None,0.118,None,1659138000,2025-10-30,quarterly,1.3,USD,pre-market,22600000,3646179000,0.0933,0.31,0.065,56.66,912986000,1761870000,819115000,None,175.93,180.99,22.6415,4295236000,1408940000,1518223000,3274160000,2886296000,1755937000,4835974000,1016380000,27.53,-3224863000,195.98,135.68
2025-12-28,HSY,6.69,11489095000.0,27.53,None,0.177,22.51,85540000,None,67183000,67183000,-71837000,6175000,41254000,None,57709000,None,None,-319538000,359901000,248292000,None,2956682000,2956682000,167812000,None,None,507119000,None,None,218032000,64054000,5.48,0.0297,124108000,124108000,None,-0.382,0.24,950159000,1168191000,1.06,2015-09-30,27.62,487338000,4334866000.0,1863145000,772926000,279682000,142626000,142626000,None,0,None,610284000,None,None,942755000,None,None,154771000,None,None,None,0.135,106916000,1009523000,860911000,167191000,503455000,None,None,None,None,None,None,None,48.57,8.21,3.251,None,None,None,None,None,-251816000,None,0.118,None,1659138000,2025-10-30,quarterly,1.3,USD,pre-market,22600000,3646179000,0.0933,0.31,0.065,56.66,912986000,1761870000,819115000,None,175.93,180.99,22.6415,4295236000,1408940000,1518223000,3274160000,2886296000,1755937000,4835974000,1016380000,27.53,-3224863000,195.98,135.68
2025-12-28,HSY,6.69,11489095000.0,27.53,None,0.177,22.51,89618000,None,67183000,67183000,-139053000,-88524000,-3031000,None,-138993000,None,None,139347000,359901000,248292000,None,2956682000,2956682000,167812000,None,None,507119000,None,None,218032000,60463000,5.48,0.0297,114581000,114581000,None,-0.382,0.24,950159000,1168191000,1.06,2015-06-30,27.62,487338000,4334866000.0,1863145000,772926000,279682000,142626000,142626000,None,0,None,610284000,None,None,942755000,None,None,-99941000,None,None,None,0.135,224546000,1009523000,860911000,167191000,503455000,None,None,None,None,None,None,None,48.57,8.21,3.251,None,None,None,None,None,-8991000,None,0.118,None,1659138000,2025-10-30,quarterly,1.3,USD,pre-market,22600000,3646179000,0.0933,0.31,0.065,56.66,912986000,1761870000,819115000,None,175.93,180.99,22.6415,4295236000,1408940000,1518223000,3274160000,2886296000,1755937000,4835974000,1016380000,27.53,-3224863000,195.98,135.68
2025-12-28,HSY,6.69,11489095000.0,27.53,None,0.177,22.51,62735000,None,67183000,67183000,-76501000,-249065000,-69164000,None,79220000,None,None,-5965000,359901000,248292000,None,2956682000,2956682000,167812000,None,None,507119000,None,None,218032000,58338000,5.48,0.0297,114381000,114381000,None,-0.382,0.24,950159000,1168191000,1.06,2015-03-31,27.62,487338000,4334866000.0,1863145000,772926000,279682000,142626000,142626000,None,0,None,610284000,None,None,942755000,None,None,244737000,None,None,None,0.135,256402000,1009523000,860911000,167191000,503455000,None,None,None,None,None,None,None,48.57,8.21,3.251,None,None,None,None,None,-306673000,None,0.118,None,1659138000,2025-10-30,quarterly,1.3,USD,pre-market,22600000,3646179000,0.0933,0.31,0.065,56.66,912986000,1761870000,819115000,None,175.93,180.99,22.6415,4295236000,1408940000,1518223000,3274160000,2886296000,1755937000,4835974000,1016380000,27.53,-3224863000,195.98,135.68
2025-12-28,HSY,6.69,11489095000.0,27.53,None,0.177,22.51,138523000,None,67183000,67183000,-382816000,-170206000,-102234000,None,76708000,None,None,149650000,359901000,248292000,None,2956682000,2956682000,167812000,None,None,507119000,None,None,218032000,58526000,5.48,0.0297,115258000,115258000,None,-0.382,0.24,950159000,1168191000,1.06,2014-12-31,27.62,487338000,4334866000.0,1863145000,772926000,279682000,142626000,142626000,None,0,None,610284000,None,None,942755000,None,None,202508000,None,None,None,0.135,450788000,1009523000,860911000,167191000,503455000,None,None,None,None,None,None,None,48.57,8.21,3.251,None,None,None,None,None,-34112000,None,0.118,None,1659138000,2025-10-30,quarterly,1.3,USD,pre-market,22600000,3646179000,0.0933,0.31,0.065,56.66,912986000,1761870000,819115000,None,175.93,180.99,22.6415,4295236000,1408940000,1518223000,3274160000,2886296000,1755937000,4835974000,1016380000,27.53,-3224863000,195.98,135.68
2025-12-28,HSY,6.69,11489095000.0,27.53,None,0.177,22.51,83176000,None,67183000,67183000,155551000,-456565000,-85513000,None,-19292000,None,None,-273047000,359901000,248292000,None,2956682000,2956682000,167812000,None,None,507119000,None,None,218032000,52873000,5.48,0.0297,115250000,115250000,None,-0.382,0.24,950159000,1168191000,1.06,2014-09-30,27.62,487338000,4334866000.0,1863145000,772926000,279682000,142626000,142626000,None,0,None,610284000,None,None,942755000,None,None,223741000,None,None,None,0.135,215501000,1009523000,860911000,167191000,503455000,None,None,None,None,None,None,None,48.57,8.21,3.251,None,None,None,None,None,-106387000,None,0.118,None,1659138000,2025-10-30,quarterly,1.3,USD,pre-market,22600000,3646179000,0.0933,0.31,0.065,56.66,912986000,1761870000,819115000,None,175.93,180.99,22.6415,4295236000,1408940000,1518223000,3274160000,2886296000,1755937000,4835974000,1016380000,27.53,-3224863000,195.98,135.68
2025-12-28,HSY,6.69,11489095000.0,27.53,None,0.177,22.51,69583000,None,67183000,67183000,-244904000,-166766000,-443495000,None,-177527000,None,None,196845000,359901000,248292000,None,2956682000,2956682000,167812000,None,None,507119000,None,None,218032000,50830000,5.48,0.0297,104596000,104596000,None,-0.382,0.24,950159000,1168191000,1.06,2014-06-30,27.62,487338000,4334866000.0,1863145000,772926000,279682000,142626000,142626000,None,0,None,610284000,None,None,942755000,None,None,168168000,None,None,None,0.135,-31825000,1009523000,860911000,167191000,503455000,None,None,None,None,None,None,None,48.57,8.21,3.251,None,None,None,None,None,-164723000,None,0.118,None,1659138000,2025-10-30,quarterly,1.3,USD,pre-market,22600000,3646179000,0.0933,0.31,0.065,56.66,912986000,1761870000,819115000,None,175.93,180.99,22.6415,4295236000,1408940000,1518223000,3274160000,2886296000,1755937000,4835974000,1016380000,27.53,-3224863000,195.98,135.68
2025-12-28,HSY,6.69,11489095000.0,27.53,None,0.177,22.51,79507000,None,67183000,67183000,-247133000,-69036000,-112412000,None,31614000,None,None,-140912000,359901000,248292000,None,2956682000,2956682000,167812000,None,None,507119000,None,None,218032000,49303000,5.48,0.0297,105310000,105310000,None,-0.382,0.24,950159000,1168191000,1.06,2014-03-31,27.62,487338000,4334866000.0,1863145000,772926000,279682000,142626000,142626000,None,0,None,610284000,None,None,942755000,None,None,252495000,None,None,None,0.135,203757000,1009523000,860911000,167191000,503455000,None,None,None,None,None,None,None,48.57,8.21,3.251,None,None,None,None,None,-271533000,None,0.118,None,1659138000,2025-10-30,quarterly,1.3,USD,pre-market,22600000,3646179000,0.0933,0.31,0.065,56.66,912986000,1761870000,819115000,None,175.93,180.99,22.6415,4295236000,1408940000,1518223000,3274160000,2886296000,1755937000,4835974000,1016380000,27.53,-3224863000,195.98,135.68
2025-12-28,HSY,6.69,11489095000.0,27.53,None,0.177,22.51,122591000,None,67183000,67183000,-25102000,-122409000,417180000,None,106494000,None,None,181828000,359901000,248292000,None,2956682000,2956682000,167812000,None,None,507119000,None,None,218032000,50476000,5.48,0.0297,105532000,105532000,None,-0.382,0.24,950159000,1168191000,1.06,2013-12-31,27.62,487338000,4334866000.0,1863145000,772926000,279682000,142626000,142626000,None,0,None,610284000,None,None,942755000,None,None,186075000,None,None,None,0.135,564691000,1009523000,860911000,167191000,503455000,None,None,None,None,None,None,None,48.57,8.21,3.251,None,None,None,None,None,14007000,None,0.118,None,1659138000,2025-10-30,quarterly,1.3,USD,pre-market,22600000,3646179000,0.0933,0.31,0.065,56.66,912986000,1761870000,819115000,None,175.93,180.99,22.6415,4295236000,1408940000,1518223000,3274160000,2886296000,1755937000,4835974000,1016380000,27.53,-3224863000,195.98,135.68
2025-12-28,HSY,6.69,11489095000.0,27.53,None,0.177,22.51,69731000,None,67183000,67183000,-71611000,-69689000,132968000,None,17553000,None,None,-293452000,359901000,248292000,None,2956682000,2956682000,167812000,None,None,507119000,None,None,218032000,51682000,5.48,0.0297,105374000,105374000,None,-0.382,0.24,950159000,1168191000,1.06,2013-09-30,27.62,487338000,4334866000.0,1863145000,772926000,279682000,142626000,142626000,None,0,None,610284000,None,None,942755000,None,None,232985000,None,None,None,0.135,274268000,1009523000,860911000,167191000,503455000,None,None,None,None,None,None,None,48.57,8.21,3.251,None,None,None,None,None,19100000,None,0.118,None,1659138000,2025-10-30,quarterly,1.3,USD,pre-market,22600000,3646179000,0.0933,0.31,0.065,56.66,912986000,1761870000,819115000,None,175.93,180.99,22.6415,4295236000,1408940000,1518223000,3274160000,2886296000,1755937000,4835974000,1016380000,27.53,-3224863000,195.98,135.68
2025-12-28,HSY,6.69,11489095000.0,27.53,None,0.177,22.51,64878000,None,67183000,67183000,-151811000,-66191000,-161736000,None,-148145000,None,None,150305000,359901000,248292000,None,2956682000,2956682000,167812000,None,None,507119000,None,None,218032000,50127000,5.48,0.0297,91291000,91291000,None,-0.382,0.24,950159000,1168191000,1.06,2013-06-30,27.62,487338000,4334866000.0,1863145000,772926000,279682000,142626000,142626000,None,0,None,610284000,None,None,942755000,None,None,159504000,None,None,None,0.135,56266000,1009523000,860911000,167191000,503455000,None,None,None,None,None,None,None,48.57,8.21,3.251,None,None,None,None,None,-101520000,None,0.118,None,1659138000,2025-10-30,quarterly,1.3,USD,pre-market,22600000,3646179000,0.0933,0.31,0.065,56.66,912986000,1761870000,819115000,None,175.93,180.99,22.6415,4295236000,1408940000,1518223000,3274160000,2886296000,1755937000,4835974000,1016380000,27.53,-3224863000,195.98,135.68
2025-12-28,HSY,6.69,11489095000.0,27.53,None,0.177,22.51,93711000,None,67183000,67183000,-198065000,-93291000,1824000,None,-2181000,None,None,-55210000,359901000,248292000,None,2956682000,2956682000,167812000,None,None,507119000,None,None,218032000,48748000,5.48,0.0297,91604000,91604000,None,-0.382,0.24,950159000,1168191000,1.06,2013-03-31,27.62,487338000,4334866000.0,1863145000,772926000,279682000,142626000,142626000,None,0,None,610284000,None,None,942755000,None,None,241906000,None,None,None,0.135,293180000,1009523000,860911000,167191000,503455000,None,None,None,None,None,None,None,48.57,8.21,3.251,None,None,None,None,None,-204044000,None,0.118,None,1659138000,2025-10-30,quarterly,1.3,USD,pre-market,22600000,3646179000,0.0933,0.31,0.065,56.66,912986000,1761870000,819115000,None,175.93,180.99,22.6415,4295236000,1408940000,1518223000,3274160000,2886296000,1755937000,4835974000,1016380000,27.53,-3224863000,195.98,135.68
2025-12-28,HSY,6.69,11489095000.0,27.53,None,0.177,22.51,63988000,None,67183000,67183000,-155956000,-70927000,262037000,None,110900000,None,None,187945000,359901000,248292000,None,2956682000,2956682000,167812000,None,None,507119000,None,None,218032000,47189000,5.48,0.0297,91379000,91379000,None,-0.382,0.24,950159000,1168191000,1.06,2012-12-31,27.62,487338000,4334866000.0,1863145000,772926000,279682000,142626000,142626000,None,0,None,610284000,None,None,942755000,None,None,149879000,None,None,None,0.135,488920000,1009523000,860911000,167191000,503455000,None,None,None,None,None,None,None,48.57,8.21,3.251,None,None,None,None,None,-13070000,None,0.118,None,1659138000,2025-10-30,quarterly,1.3,USD,pre-market,22600000,3646179000,0.0933,0.31,0.065,56.66,912986000,1761870000,819115000,None,175.93,180.99,22.6415,4295236000,1408940000,1518223000,3274160000,2886296000,1755937000,4835974000,1016380000,27.53,-3224863000,195.98,135.68
2025-12-28,HSY,6.69,11489095000.0,27.53,None,0.177,22.51,66171000,None,67183000,67183000,-349441000,-65855000,-123547000,None,85913000,None,None,-295902000,359901000,248292000,None,2956682000,2956682000,167812000,None,None,507119000,None,None,218032000,53213000,5.48,0.0297,82733000,82733000,None,-0.382,0.24,950159000,1168191000,1.06,2012-09-30,27.62,487338000,4334866000.0,1863145000,772926000,279682000,142626000,142626000,None,0,None,610284000,None,None,942755000,None,None,176716000,None,None,None,0.135,291749000,1009523000,860911000,167191000,503455000,None,None,None,None,None,None,None,48.57,8.21,3.251,None,None,None,None,None,-279215000,None,0.118,None,1659138000,2025-10-30,quarterly,1.3,USD,pre-market,22600000,3646179000,0.0933,0.31,0.065,56.66,912986000,1761870000,819115000,None,175.93,180.99,22.6415,4295236000,1408940000,1518223000,3274160000,2886296000,1755937000,4835974000,1016380000,27.53,-3224863000,195.98,135.68
2025-12-28,HSY,6.69,11489095000.0,27.53,None,0.177,22.51,56080000,None,67183000,67183000,56091000,-72004000,22443000,None,-148851000,None,None,149118000,359901000,248292000,None,2956682000,2956682000,167812000,None,None,507119000,None,None,218032000,54767000,5.48,0.0297,83561000,83561000,None,-0.382,0.24,950159000,1168191000,1.06,2012-06-30,27.62,487338000,4334866000.0,1863145000,772926000,279682000,142626000,142626000,None,0,None,610284000,None,None,942755000,None,None,135685000,None,None,None,0.135,38356000,1009523000,860911000,167191000,503455000,None,None,None,None,None,None,None,48.57,8.21,3.251,None,None,None,None,None,131500000,None,0.118,None,1659138000,2025-10-30,quarterly,1.3,USD,pre-market,22600000,3646179000,0.0933,0.31,0.065,56.66,912986000,1761870000,819115000,None,175.93,180.99,22.6415,4295236000,1408940000,1518223000,3274160000,2886296000,1755937000,4835974000,1016380000,27.53,-3224863000,195.98,135.68
2025-12-28,HSY,6.69,11489095000.0,27.53,None,0.177,22.51,91727000,None,67183000,67183000,-137566000,-264583000,-126347000,None,-21364000,None,None,-91631000,359901000,248292000,None,2956682000,2956682000,167812000,None,None,507119000,None,None,218032000,54868000,5.48,0.0297,83533000,83533000,None,-0.382,0.24,950159000,1168191000,1.06,2012-03-31,27.62,487338000,4334866000.0,1863145000,772926000,279682000,142626000,142626000,None,0,None,610284000,None,None,942755000,None,None,198651000,None,None,None,0.135,275802000,1009523000,860911000,167191000,503455000,None,None,None,None,None,None,None,48.57,8.21,3.251,None,None,None,None,None,-218345000,None,0.118,None,1659138000,2025-10-30,quarterly,1.3,USD,pre-market,22600000,3646179000,0.0933,0.31,0.065,56.66,912986000,1761870000,819115000,None,175.93,180.99,22.6415,4295236000,1408940000,1518223000,3274160000,2886296000,1755937000,4835974000,1016380000,27.53,-3224863000,195.98,135.68
2025-12-28,HSY,6.69,11489095000.0,27.53,None,0.177,22.51,81971000,None,67183000,67183000,159628000,-81919000,401347000,None,10202000,None,None,-221246000,359901000,248292000,None,2956682000,2956682000,167812000,None,None,507119000,None,None,218032000,58202000,5.48,0.0297,75692000,75692000,None,-0.382,0.24,950159000,1168191000,1.06,2011-12-31,27.62,487338000,4334866000.0,1863145000,772926000,279682000,142626000,142626000,None,0,None,610284000,None,None,942755000,None,None,142133000,None,None,None,0.135,323638000,1009523000,860911000,167191000,503455000,None,None,None,None,None,None,None,48.57,8.21,3.251,None,None,None,None,None,-26865000,None,0.118,None,1659138000,2025-10-30,quarterly,1.3,USD,pre-market,22600000,3646179000,0.0933,0.31,0.065,56.66,912986000,1761870000,819115000,None,175.93,180.99,22.6415,4295236000,1408940000,1518223000,3274160000,2886296000,1755937000,4835974000,1016380000,27.53,-3224863000,195.98,135.68
2025-12-28,HSY,6.69,11489095000.0,27.53,None,0.177,22.51,85617000,None,67183000,67183000,-402929000,-65566000,-497958000,None,-7331000,None,None,137569000,359901000,248292000,None,2956682000,2956682000,167812000,None,None,507119000,None,None,218032000,54769000,5.48,0.0297,75702000,75702000,None,-0.382,0.24,950159000,1168191000,1.06,2011-09-30,27.62,487338000,4334866000.0,1863145000,772926000,279682000,142626000,142626000,None,0,None,610284000,None,None,942755000,None,None,196695000,None,None,None,0.135,-29463000,1009523000,860911000,167191000,503455000,None,None,None,None,None,None,None,48.57,8.21,3.251,None,None,None,None,None,-164701000,None,0.118,None,1659138000,2025-10-30,quarterly,1.3,USD,pre-market,22600000,3646179000,0.0933,0.31,0.065,56.66,912986000,1761870000,819115000,None,175.93,180.99,22.6415,4295236000,1408940000,1518223000,3274160000,2886296000,1755937000,4835974000,1016380000,27.53,-3224863000,195.98,135.68
2025-12-28,HSY,6.69,11489095000.0,27.53,None,0.177,22.51,98374000,None,67183000,67183000,9056000,-98339000,38031000,None,-128504000,None,None,136573000,359901000,248292000,None,2956682000,2956682000,167812000,None,None,507119000,None,None,218032000,51738000,5.48,0.0297,76066000,76066000,None,-0.382,0.24,950159000,1168191000,1.06,2011-06-30,27.62,487338000,4334866000.0,1863145000,772926000,279682000,142626000,142626000,None,0,None,610284000,None,None,942755000,None,None,130019000,None,None,None,0.135,127314000,1009523000,860911000,167191000,503455000,None,None,None,None,None,None,None,48.57,8.21,3.251,None,None,None,None,None,73000000,None,0.118,None,1659138000,2025-10-30,quarterly,1.3,USD,pre-market,22600000,3646179000,0.0933,0.31,0.065,56.66,912986000,1761870000,819115000,None,175.93,180.99,22.6415,4295236000,1408940000,1518223000,3274160000,2886296000,1755937000,4835974000,1016380000,27.53,-3224863000,195.98,135.68
2025-12-28,HSY,6.69,11489095000.0,27.53,None,0.177,22.51,81605000,None,67183000,67183000,-204573000,-87181000,-132376000,None,10302000,None,None,-43458000,359901000,248292000,None,2956682000,2956682000,167812000,None,None,507119000,None,None,218032000,51054000,5.48,0.0297,76623000,76623000,None,-0.382,0.24,950159000,1168191000,1.06,2011-03-31,27.62,487338000,4334866000.0,1863145000,772926000,279682000,142626000,142626000,None,0,None,610284000,None,None,942755000,None,None,160115000,None,None,None,0.135,159378000,1009523000,860911000,167191000,503455000,None,None,None,None,None,None,None,48.57,8.21,3.251,None,None,None,None,None,-192949000,None,0.118,None,1659138000,2025-10-30,quarterly,1.3,USD,pre-market,22600000,3646179000,0.0933,0.31,0.065,56.66,912986000,1761870000,819115000,None,175.93,180.99,22.6415,4295236000,1408940000,1518223000,3274160000,2886296000,1755937000,4835974000,1016380000,27.53,-3224863000,195.98,135.68
2025-12-28,HSY,6.69,11489095000.0,27.53,None,0.177,22.51,77787000,None,67183000,67183000,204147000,-77676000,639695000,None,46352000,None,None,215680000,359901000,248292000,None,2956682000,2956682000,167812000,None,None,507119000,None,None,218032000,51380000,5.48,0.0297,60633000,60633000,None,-0.382,0.24,950159000,1168191000,1.06,2010-12-31,27.62,487338000,4334866000.0,1863145000,772926000,279682000,142626000,142626000,None,0,None,610284000,None,None,942755000,None,None,135513000,None,None,None,0.135,513224000,1009523000,860911000,167191000,503455000,None,None,None,None,None,None,None,48.57,8.21,3.251,None,None,None,None,None,-35660000,None,0.118,None,1659138000,2025-10-30,quarterly,1.3,USD,pre-market,22600000,3646179000,0.0933,0.31,0.065,56.66,912986000,1761870000,819115000,None,175.93,180.99,22.6415,4295236000,1408940000,1518223000,3274160000,2886296000,1755937000,4835974000,1016380000,27.53,-3224863000,195.98,135.68
2025-12-28,HSY,6.69,11489095000.0,27.53,None,0.177,22.51,48845000,None,67183000,67183000,-79963000,-47511000,-4123000,None,-5146000,None,None,-284690000,359901000,248292000,None,2956682000,2956682000,167812000,None,None,507119000,None,None,218032000,52438000,5.48,0.0297,69959000,69959000,None,-0.382,0.24,950159000,1168191000,1.06,2010-09-30,27.62,487338000,4334866000.0,1863145000,772926000,279682000,142626000,142626000,None,0,None,610284000,None,None,942755000,None,None,180169000,None,None,None,0.135,123351000,1009523000,860911000,167191000,503455000,None,None,None,None,None,None,None,48.57,8.21,3.251,None,None,None,None,None,3000,None,0.118,None,1659138000,2025-10-30,quarterly,1.3,USD,pre-market,22600000,3646179000,0.0933,0.31,0.065,56.66,912986000,1761870000,819115000,None,175.93,180.99,22.6415,4295236000,1408940000,1518223000,3274160000,2886296000,1755937000,4835974000,1016380000,27.53,-3224863000,195.98,135.68
2025-12-28,HSY,6.69,11489095000.0,27.53,None,0.177,22.51,39306000,None,67183000,67183000,-99656000,-38722000,-54716000,None,-130774000,None,None,90194000,359901000,248292000,None,2956682000,2956682000,167812000,None,None,507119000,None,None,218032000,45968000,5.48,0.0297,61538000,61538000,None,-0.382,0.24,950159000,1168191000,1.06,2010-06-30,27.62,487338000,4334866000.0,1863145000,772926000,279682000,142626000,142626000,None,0,None,610284000,None,None,942755000,None,None,46723000,None,None,None,0.135,83662000,1009523000,860911000,167191000,503455000,None,None,None,None,None,None,None,48.57,8.21,3.251,None,None,None,None,None,-69290000,None,0.118,None,1659138000,2025-10-30,quarterly,1.3,USD,pre-market,22600000,3646179000,0.0933,0.31,0.065,56.66,912986000,1761870000,819115000,None,175.93,180.99,22.6415,4295236000,1408940000,1518223000,3274160000,2886296000,1755937000,4835974000,1016380000,27.53,-3224863000,195.98,135.68
2025-12-28,HSY,6.69,11489095000.0,27.53,None,0.177,22.51,35549000,None,67183000,67183000,-95628000,-35377000,50181000,None,75658000,None,None,-855000,359901000,248292000,None,2956682000,2956682000,167812000,None,None,507119000,None,None,218032000,47330000,5.48,0.0297,70906000,70906000,None,-0.382,0.24,950159000,1168191000,1.06,2010-03-31,27.62,487338000,4334866000.0,1863145000,772926000,279682000,142626000,142626000,None,0,None,610284000,None,None,942755000,None,None,147394000,None,None,None,0.135,181186000,1009523000,860911000,167191000,503455000,None,None,None,None,None,None,None,48.57,8.21,3.251,None,None,None,None,None,-64152000,None,0.118,None,1659138000,2025-10-30,quarterly,1.3,USD,pre-market,22600000,3646179000,0.0933,0.31,0.065,56.66,912986000,1761870000,819115000,None,175.93,180.99,22.6415,4295236000,1408940000,1518223000,3274160000,2886296000,1755937000,4835974000,1016380000,27.53,-3224863000,195.98,135.68
2025-12-28,HSY,6.69,11489095000.0,27.53,None,0.177,22.51,38589000,None,67183000,67183000,-262717000,-33132000,None,None,56106000,None,None,None,359901000,248292000,None,2956682000,2956682000,167812000,None,None,507119000,None,None,218032000,43537000,5.48,0.0297,65998000,65998000,None,-0.382,0.24,950159000,1168191000,1.06,2009-12-31,27.62,487338000,4334866000.0,1863145000,772926000,279682000,142626000,142626000,None,0,None,610284000,None,None,942755000,None,None,126779000,None,None,None,0.135,430201000,1009523000,860911000,167191000,503455000,None,None,None,None,None,None,None,48.57,8.21,3.251,None,None,None,None,None,0,None,0.118,None,1659138000,2025-10-30,quarterly,1.3,USD,pre-market,22600000,3646179000,0.0933,0.31,0.065,56.66,912986000,1761870000,819115000,None,175.93,180.99,22.6415,4295236000,1408940000,1518223000,3274160000,2886296000,1755937000,4835974000,1016380000,27.53,-3224863000,195.98,135.68
2025-12-28,HSY,6.69,11489095000.0,27.53,None,0.177,22.51,33065000,None,67183000,67183000,-67663000,-31219000,None,None,84787000,None,None,None,359901000,248292000,None,2956682000,2956682000,167812000,None,None,507119000,None,None,218032000,44816000,5.48,0.0297,65918000,65918000,None,-0.382,0.24,950159000,1168191000,1.06,2009-09-30,27.62,487338000,4334866000.0,1863145000,772926000,279682000,142626000,142626000,None,0,None,610284000,None,None,942755000,None,None,162023000,None,None,None,0.135,189367000,1009523000,860911000,167191000,503455000,None,None,None,None,None,None,None,48.57,8.21,3.251,None,None,None,None,None,14800000,None,0.118,None,1659138000,2025-10-30,quarterly,1.3,USD,pre-market,22600000,3646179000,0.0933,0.31,0.065,56.66,912986000,1761870000,819115000,None,175.93,180.99,22.6415,4295236000,1408940000,1518223000,3274160000,2886296000,1755937000,4835974000,1016380000,27.53,-3224863000,195.98,135.68
2025-12-28,HSY,6.69,11489095000.0,27.53,None,0.177,22.51,36348000,None,67183000,67183000,-177769000,-33404000,None,None,-73238000,None,None,None,359901000,248292000,None,2956682000,2956682000,167812000,None,None,507119000,None,None,218032000,47181000,5.48,0.0297,73080000,73080000,None,-0.382,0.24,950159000,1168191000,1.06,2009-06-30,27.62,487338000,4334866000.0,1863145000,772926000,279682000,142626000,142626000,None,0,None,610284000,None,None,942755000,None,None,71298000,None,None,None,0.135,169005000,1009523000,860911000,167191000,503455000,None,None,None,None,None,None,None,48.57,8.21,3.251,None,None,None,None,None,4000000,None,0.118,None,1659138000,2025-10-30,quarterly,1.3,USD,pre-market,22600000,3646179000,0.0933,0.31,0.065,56.66,912986000,1761870000,819115000,None,175.93,180.99,22.6415,4295236000,1408940000,1518223000,3274160000,2886296000,1755937000,4835974000,1016380000,27.53,-3224863000,195.98,135.68
2025-12-28,HSY,6.69,11489095000.0,27.53,None,0.177,22.51,37468000,None,67183000,67183000,-190772000,-52571000,None,None,6345000,None,None,None,359901000,248292000,None,2956682000,2956682000,167812000,None,None,507119000,None,None,218032000,46877000,5.48,0.0297,58407000,58407000,None,-0.382,0.24,950159000,1168191000,1.06,2009-03-31,27.62,487338000,4334866000.0,1863145000,772926000,279682000,142626000,142626000,None,0,None,610284000,None,None,942755000,None,None,75894000,None,None,None,0.135,277176000,1009523000,860911000,167191000,503455000,None,None,None,None,None,None,None,48.57,8.21,3.251,None,None,None,None,None,-9314000,None,0.118,None,1659138000,2025-10-30,quarterly,1.3,USD,pre-market,22600000,3646179000,0.0933,0.31,0.065,56.66,912986000,1761870000,819115000,None,175.93,180.99,22.6415,4295236000,1408940000,1518223000,3274160000,2886296000,1755937000,4835974000,1016380000,27.53,-3224863000,195.98,135.68
2025-12-28,HSY,6.69,11489095000.0,27.53,None,0.177,22.51,71861000,None,67183000,67183000,-303273000,-66226000,None,None,70490000,None,None,None,359901000,248292000,None,2956682000,2956682000,167812000,None,None,507119000,None,None,218032000,58729000,5.48,0.0297,65731000,65731000,None,-0.382,0.24,950159000,1168191000,1.06,2008-12-31,27.62,487338000,4334866000.0,1863145000,772926000,279682000,142626000,142626000,None,0,None,610284000,None,None,942755000,None,None,82155000,None,None,None,0.135,270970000,1009523000,860911000,167191000,503455000,None,None,None,None,None,None,None,48.57,8.21,3.251,None,None,None,None,None,-5007000,None,0.118,None,1659138000,2025-10-30,quarterly,1.3,USD,pre-market,22600000,3646179000,0.0933,0.31,0.065,56.66,912986000,1761870000,819115000,None,175.93,180.99,22.6415,4295236000,1408940000,1518223000,3274160000,2886296000,1755937000,4835974000,1016380000,27.53,-3224863000,195.98,135.68
2025-12-28,HSY,6.69,11489095000.0,27.53,None,0.177,22.51,64587000,None,67183000,67183000,225953000,-64267000,None,None,32809000,None,None,None,359901000,248292000,None,2956682000,2956682000,167812000,None,None,507119000,None,None,218032000,65674000,5.48,0.0297,65737000,65737000,None,-0.382,0.24,950159000,1168191000,1.06,2008-09-30,27.62,487338000,4334866000.0,1863145000,772926000,279682000,142626000,142626000,None,0,None,610284000,None,None,942755000,None,None,124538000,None,None,None,0.135,-71481000,1009523000,860911000,167191000,503455000,None,None,None,None,None,None,None,48.57,8.21,3.251,None,None,None,None,None,-14268000,None,0.118,None,1659138000,2025-10-30,quarterly,1.3,USD,pre-market,22600000,3646179000,0.0933,0.31,0.065,56.66,912986000,1761870000,819115000,None,175.93,180.99,22.6415,4295236000,1408940000,1518223000,3274160000,2886296000,1755937000,4835974000,1016380000,27.53,-3224863000,195.98,135.68
2025-12-28,HSY,6.69,11489095000.0,27.53,None,0.177,22.51,75786000,None,67183000,67183000,-126285000,-43207000,None,None,-84363000,None,None,None,359901000,248292000,None,2956682000,2956682000,167812000,None,None,507119000,None,None,218032000,56791000,5.48,0.0297,65731000,65731000,None,-0.382,0.24,950159000,1168191000,1.06,2008-06-30,27.62,487338000,4334866000.0,1863145000,772926000,279682000,142626000,142626000,None,0,None,610284000,None,None,942755000,None,None,41467000,None,None,None,0.135,62044000,1009523000,860911000,167191000,503455000,None,None,None,None,None,None,None,48.57,8.21,3.251,None,None,None,None,None,-22756000,None,0.118,None,1659138000,2025-10-30,quarterly,1.3,USD,pre-market,22600000,3646179000,0.0933,0.31,0.065,56.66,912986000,1761870000,819115000,None,175.93,180.99,22.6415,4295236000,1408940000,1518223000,3274160000,2886296000,1755937000,4835974000,1016380000,27.53,-3224863000,195.98,135.68
2025-12-28,HSY,6.69,11489095000.0,27.53,None,0.177,22.51,70745000,None,67183000,67183000,-209847000,-24504000,None,None,-11255000,None,None,None,359901000,248292000,None,2956682000,2956682000,167812000,None,None,507119000,None,None,218032000,68297000,5.48,0.0297,65750000,65750000,None,-0.382,0.24,950159000,1168191000,1.06,2008-03-31,27.62,487338000,4334866000.0,1863145000,772926000,279682000,142626000,142626000,None,0,None,610284000,None,None,942755000,None,None,63245000,None,None,None,0.135,258028000,1009523000,860911000,167191000,503455000,None,None,None,None,None,None,None,48.57,8.21,3.251,None,None,None,None,None,-18330000,None,0.118,None,1659138000,2025-10-30,quarterly,1.3,USD,pre-market,22600000,3646179000,0.0933,0.31,0.065,56.66,912986000,1761870000,819115000,None,175.93,180.99,22.6415,4295236000,1408940000,1518223000,3274160000,2886296000,1755937000,4835974000,1016380000,27.53,-3224863000,195.98,135.68
2025-12-28,HSY,6.69,11489095000.0,27.53,None,0.177,22.51,76162000,None,67183000,67183000,-296334000,-79593000,None,None,173909000,None,None,None,359901000,248292000,None,2956682000,2956682000,167812000,None,None,507119000,None,None,218032000,83149000,5.48,0.0297,65732000,65732000,None,-0.382,0.24,950159000,1168191000,1.06,2007-12-31,27.62,487338000,4334866000.0,1863145000,772926000,279682000,142626000,142626000,None,0,None,610284000,None,None,942755000,None,None,54343000,None,None,None,0.135,463552000,1009523000,860911000,167191000,503455000,None,None,None,None,None,None,None,48.57,8.21,3.251,None,None,None,None,None,-7827000,None,0.118,None,1659138000,2025-10-30,quarterly,1.3,USD,pre-market,22600000,3646179000,0.0933,0.31,0.065,56.66,912986000,1761870000,819115000,None,175.93,180.99,22.6415,4295236000,1408940000,1518223000,3274160000,2886296000,1755937000,4835974000,1016380000,27.53,-3224863000,195.98,135.68
2025-12-28,HSY,6.69,11489095000.0,27.53,None,0.177,22.51,44566000,None,67183000,67183000,45579000,-64607000,None,None,38076000,None,None,None,359901000,248292000,None,2956682000,2956682000,167812000,None,None,507119000,None,None,218032000,83773000,5.48,0.0297,65733000,65733000,None,-0.382,0.24,950159000,1168191000,1.06,2007-09-30,27.62,487338000,4334866000.0,1863145000,772926000,279682000,142626000,142626000,None,0,None,610284000,None,None,942755000,None,None,62784000,None,None,None,0.135,21779000,1009523000,860911000,167191000,503455000,None,None,None,None,None,None,None,48.57,8.21,3.251,None,None,None,None,None,-51439000,None,0.118,None,1659138000,2025-10-30,quarterly,1.3,USD,pre-market,22600000,3646179000,0.0933,0.31,0.065,56.66,912986000,1761870000,819115000,None,175.93,180.99,22.6415,4295236000,1408940000,1518223000,3274160000,2886296000,1755937000,4835974000,1016380000,27.53,-3224863000,195.98,135.68
2025-12-28,HSY,6.69,11489095000.0,27.53,None,0.177,22.51,41410000,None,67183000,67183000,106753000,-118399000,None,None,-149554000,None,None,None,359901000,248292000,None,2956682000,2956682000,167812000,None,None,507119000,None,None,218032000,83896000,5.48,0.0297,60098000,60098000,None,-0.382,0.24,950159000,1168191000,1.06,2007-06-30,27.62,487338000,4334866000.0,1863145000,772926000,279682000,142626000,142626000,None,0,None,610284000,None,None,942755000,None,None,3554000,None,None,None,0.135,-10015000,1009523000,860911000,167191000,503455000,None,None,None,None,None,None,None,48.57,8.21,3.251,None,None,None,None,None,-47022000,None,0.118,None,1659138000,2025-10-30,quarterly,1.3,USD,pre-market,22600000,3646179000,0.0933,0.31,0.065,56.66,912986000,1761870000,819115000,None,175.93,180.99,22.6415,4295236000,1408940000,1518223000,3274160000,2886296000,1755937000,4835974000,1016380000,27.53,-3224863000,195.98,135.68
2025-12-28,HSY,6.69,11489095000.0,27.53,None,0.177,22.51,41754000,None,67183000,67183000,-298424000,-41754000,None,None,-17083000,None,None,None,359901000,248292000,None,2956682000,2956682000,167812000,None,None,507119000,None,None,218032000,60107000,5.48,0.0297,60700000,60700000,None,-0.382,0.24,950159000,1168191000,1.06,2007-03-31,27.62,487338000,4334866000.0,1863145000,772926000,279682000,142626000,142626000,None,0,None,610284000,None,None,942755000,None,None,93473000,None,None,None,0.135,303520000,1009523000,860911000,167191000,503455000,None,None,None,None,None,None,None,48.57,8.21,3.251,None,None,None,None,None,-149997000,None,0.118,None,1659138000,2025-10-30,quarterly,1.3,USD,pre-market,22600000,3646179000,0.0933,0.31,0.065,56.66,912986000,1761870000,819115000,None,175.93,180.99,22.6415,4295236000,1408940000,1518223000,3274160000,2886296000,1755937000,4835974000,1016380000,27.53,-3224863000,195.98,135.68
2025-12-28,HSY,6.69,11489095000.0,27.53,None,0.177,22.51,68575000,None,67183000,67183000,-361759000,-85575000,None,None,147009000,None,None,None,359901000,248292000,None,2956682000,2956682000,167812000,None,None,507119000,None,None,218032000,51185000,5.48,0.0297,60683000,60683000,None,-0.382,0.24,950159000,1168191000,1.06,2006-12-31,27.62,487338000,4334866000.0,1863145000,772926000,279682000,142626000,142626000,None,0,None,610284000,None,None,942755000,None,None,155988000,None,None,None,0.135,496840000,1009523000,860911000,167191000,503455000,None,None,None,None,None,None,None,48.57,8.21,3.251,None,None,None,None,None,-131170000,None,0.118,None,1659138000,2025-10-30,quarterly,1.3,USD,pre-market,22600000,3646179000,0.0933,0.31,0.065,56.66,912986000,1761870000,819115000,None,175.93,180.99,22.6415,4295236000,1408940000,1518223000,3274160000,2886296000,1755937000,4835974000,1016380000,27.53,-3224863000,195.98,135.68
2025-12-28,HSY,6.69,11489095000.0,27.53,None,0.177,22.51,42600000,None,67183000,67183000,7748000,-42600000,None,None,89307000,None,None,None,359901000,248292000,None,2956682000,2956682000,167812000,None,None,507119000,None,None,218032000,50667000,5.48,0.0297,61278000,61278000,None,-0.382,0.24,950159000,1168191000,1.06,2006-09-30,27.62,487338000,4334866000.0,1863145000,772926000,279682000,142626000,142626000,None,0,None,610284000,None,None,942755000,None,None,183665000,None,None,None,0.135,59002000,1009523000,860911000,167191000,503455000,None,None,None,None,None,None,None,48.57,8.21,3.251,None,None,None,None,None,-143860000,None,0.118,None,1659138000,2025-10-30,quarterly,1.3,USD,pre-market,22600000,3646179000,0.0933,0.31,0.065,56.66,912986000,1761870000,819115000,None,175.93,180.99,22.6415,4295236000,1408940000,1518223000,3274160000,2886296000,1755937000,4835974000,1016380000,27.53,-3224863000,195.98,135.68
2025-12-28,HSY,6.69,11489095000.0,27.53,None,0.177,22.51,49079000,None,67183000,67183000,27263000,-49079000,None,None,-133781000,None,None,None,359901000,248292000,None,2956682000,2956682000,167812000,None,None,507119000,None,None,218032000,49924000,5.48,0.0297,56232000,56232000,None,-0.382,0.24,950159000,1168191000,1.06,2006-06-30,27.62,487338000,4334866000.0,1863145000,772926000,279682000,142626000,142626000,None,0,None,610284000,None,None,942755000,None,None,98440000,None,None,None,0.135,1361000,1009523000,860911000,167191000,503455000,None,None,None,None,None,None,None,48.57,8.21,3.251,None,None,None,None,None,-162642000,None,0.118,None,1659138000,2025-10-30,quarterly,1.3,USD,pre-market,22600000,3646179000,0.0933,0.31,0.065,56.66,912986000,1761870000,819115000,None,175.93,180.99,22.6415,4295236000,1408940000,1518223000,3274160000,2886296000,1755937000,4835974000,1016380000,27.53,-3224863000,195.98,135.68
2025-12-28,HSY,6.69,11489095000.0,27.53,None,0.177,22.51,38258000,None,67183000,67183000,-150975000,-38258000,None,None,-114996000,None,None,None,359901000,248292000,None,2956682000,2956682000,167812000,None,None,507119000,None,None,218032000,48135000,5.48,0.0297,56936000,56936000,None,-0.382,0.24,950159000,1168191000,1.06,2006-03-31,27.62,487338000,4334866000.0,1863145000,772926000,279682000,142626000,142626000,None,0,None,610284000,None,None,942755000,None,None,120968000,None,None,None,0.135,165990000,1009523000,860911000,167191000,503455000,None,None,None,None,None,None,None,48.57,8.21,3.251,None,None,None,None,None,-183976000,None,0.118,None,1659138000,2025-10-30,quarterly,1.3,USD,pre-market,22600000,3646179000,0.0933,0.31,0.065,56.66,912986000,1761870000,819115000,None,175.93,180.99,22.6415,4295236000,1408940000,1518223000,3274160000,2886296000,1755937000,4835974000,1016380000,27.53,-3224863000,195.98,135.68
2025-12-28,HSY,6.69,11489095000.0,27.53,None,0.177,22.51,7151000,None,67183000,67183000,-376633000,-42835000,None,None,133988000,None,None,None,359901000,248292000,None,2956682000,2956682000,167812000,None,None,507119000,None,None,218032000,54866000,5.48,0.0297,57514000,57514000,None,-0.382,0.24,950159000,1168191000,1.06,2005-12-31,27.62,487338000,4334866000.0,1863145000,772926000,279682000,142626000,142626000,None,0,None,610284000,None,None,942755000,None,None,158187000,None,None,None,0.135,448753000,1009523000,860911000,167191000,503455000,None,None,None,None,None,None,None,48.57,8.21,3.251,None,None,None,None,None,-395081000,None,0.118,None,1659138000,2025-10-30,quarterly,1.3,USD,pre-market,22600000,3646179000,0.0933,0.31,0.065,56.66,912986000,1761870000,819115000,None,175.93,180.99,22.6415,4295236000,1408940000,1518223000,3274160000,2886296000,1755937000,4835974000,1016380000,27.53,-3224863000,195.98,135.68
2025-12-28,HSY,6.69,11489095000.0,27.53,None,0.177,22.51,92551000,None,67183000,67183000,131170000,-95204000,None,None,77348000,None,None,None,359901000,248292000,None,2956682000,2956682000,167812000,None,None,507119000,None,None,218032000,65205000,5.48,0.0297,58352000,58352000,None,-0.382,0.24,950159000,1168191000,1.06,2005-09-30,27.62,487338000,4334866000.0,1863145000,772926000,279682000,142626000,142626000,None,0,None,610284000,None,None,942755000,None,None,119475000,None,None,None,0.135,-22780000,1009523000,860911000,167191000,503455000,None,None,None,None,None,None,None,48.57,8.21,3.251,None,None,None,None,None,-158796000,None,0.118,None,1659138000,2025-10-30,quarterly,1.3,USD,pre-market,22600000,3646179000,0.0933,0.31,0.065,56.66,912986000,1761870000,819115000,None,175.93,180.99,22.6415,4295236000,1408940000,1518223000,3274160000,2886296000,1755937000,4835974000,1016380000,27.53,-3224863000,195.98,135.68
2025-12-28,HSY,6.69,11489095000.0,27.53,None,0.177,22.51,605942000,None,67183000,67183000,-1296501000,-960314000,None,None,68831000,None,None,None,359901000,248292000,None,2956682000,2956682000,167812000,None,None,507119000,None,None,218032000,455255000,5.48,0.0297,1084802000,1084802000,None,-0.382,0.24,950159000,1168191000,1.06,2024-12-31,27.62,487338000,4334866000.0,1863145000,772926000,279682000,142626000,142626000,None,0,None,610284000,None,None,942755000,None,None,2221239000,None,None,None,0.135,2531596000,1009523000,860911000,167191000,503455000,None,None,None,None,None,None,None,48.57,8.21,3.251,None,None,None,None,None,-494191000,None,0.118,None,1659138000,2025-10-30,annual,1.3,USD,pre-market,22600000,3646179000,0.0933,0.31,0.065,56.66,912986000,1761870000,819115000,None,175.93,180.99,22.6415,4295236000,1408940000,1518223000,3274160000,2886296000,1755937000,4835974000,1016380000,27.53,-3224863000,195.98,135.68
2025-12-28,HSY,6.69,11489095000.0,27.53,None,0.177,22.51,771109000,None,67183000,67183000,-1148251000,-1198676000,None,None,-157153000,None,None,None,359901000,248292000,None,2956682000,2956682000,167812000,None,None,507119000,None,None,218032000,419815000,5.48,0.0297,889071000,889071000,None,-0.382,0.24,950159000,1168191000,1.06,2023-12-31,27.62,487338000,4334866000.0,1863145000,772926000,279682000,142626000,142626000,None,0,None,610284000,None,None,942755000,None,None,1861787000,None,None,None,0.135,2323190000,1009523000,860911000,167191000,503455000,None,None,None,None,None,None,None,48.57,8.21,3.251,None,None,None,None,None,-264913000,None,0.118,None,1659138000,2025-10-30,annual,1.3,USD,pre-market,22600000,3646179000,0.0933,0.31,0.065,56.66,912986000,1761870000,819115000,None,175.93,180.99,22.6415,4295236000,1408940000,1518223000,3274160000,2886296000,1755937000,4835974000,1016380000,27.53,-3224863000,195.98,135.68
2025-12-28,HSY,6.69,11489095000.0,27.53,None,0.177,22.51,519481000,None,67183000,67183000,-1415725000,-787376000,124736000,None,-186963000,None,None,-38165000,359901000,248292000,None,2956682000,2956682000,167812000,None,None,507119000,None,None,218032000,378959000,5.48,0.0297,775030000,775030000,None,-0.382,0.24,950159000,1168191000,1.06,2022-12-31,27.62,487338000,4334866000.0,1863145000,772926000,279682000,142626000,142626000,None,0,None,610284000,None,None,942755000,None,None,1644817000,None,None,None,0.135,2327837000,1009523000,860911000,167191000,503455000,None,None,None,None,None,None,None,48.57,8.21,3.251,None,None,None,None,None,-388964000,None,0.118,None,1659138000,2025-10-30,annual,1.3,USD,pre-market,22600000,3646179000,0.0933,0.31,0.065,56.66,912986000,1761870000,819115000,None,175.93,180.99,22.6415,4295236000,1408940000,1518223000,3274160000,2886296000,1755937000,4835974000,1016380000,27.53,-3224863000,195.98,135.68
2025-12-28,HSY,6.69,11489095000.0,27.53,None,0.177,22.51,495877000,None,67183000,67183000,-681136000,-2222828000,-826155000,-5075000,21457000,None,None,-14642000,359901000,248292000,None,2956682000,2956682000,167812000,None,None,507119000,None,None,218032000,315002000,5.48,0.0297,685987000,685987000,None,-0.382,0.24,950159000,1168191000,1.06,2021-12-31,27.62,487338000,4334866000.0,1863145000,772926000,279682000,142626000,142626000,None,0,None,610284000,None,None,942755000,None,None,1482819000,None,None,None,0.135,2082884000,1009523000,860911000,167191000,503455000,None,None,None,None,None,None,None,48.57,8.21,3.251,None,None,None,None,None,-457946000,None,0.118,None,1659138000,2025-10-30,annual,1.3,USD,pre-market,22600000,3646179000,0.0933,0.31,0.065,56.66,912986000,1761870000,819115000,None,175.93,180.99,22.6415,4295236000,1408940000,1518223000,3274160000,2886296000,1755937000,4835974000,1016380000,27.53,-3224863000,195.98,135.68
2025-12-28,HSY,6.69,11489095000.0,27.53,None,0.177,22.51,441626000,None,67183000,67183000,-499228000,-531280000,662159000,-6990000,-151918000,None,None,-55537000,359901000,248292000,None,2956682000,2956682000,167812000,None,None,507119000,None,None,218032000,294907000,5.48,0.0297,640732000,640732000,None,-0.382,0.24,950159000,1168191000,1.06,2020-12-31,27.62,487338000,4334866000.0,1863145000,772926000,279682000,142626000,142626000,None,0,None,610284000,None,None,942755000,None,None,1275413000,None,None,None,0.135,1699657000,1009523000,860911000,167191000,503455000,None,None,None,None,None,None,None,48.57,8.21,3.251,None,None,None,None,None,-211196000,None,0.118,None,1659138000,2025-10-30,annual,1.3,USD,pre-market,22600000,3646179000,0.0933,0.31,0.065,56.66,912986000,1761870000,819115000,None,175.93,180.99,22.6415,4295236000,1408940000,1518223000,3274160000,2886296000,1755937000,4835974000,1016380000,27.53,-3224863000,195.98,135.68
2025-12-28,HSY,6.69,11489095000.0,27.53,None,0.177,22.51,318192000,None,67183000,67183000,-1081455000,-780480000,-94736000,3326000,-21194000,None,None,40252000,359901000,248292000,None,2956682000,2956682000,167812000,None,None,507119000,None,None,218032000,291544000,5.48,0.0297,610312000,610312000,None,-0.382,0.24,950159000,1168191000,1.06,2019-12-31,27.62,487338000,4334866000.0,1863145000,772926000,279682000,142626000,142626000,None,0,None,610284000,None,None,942755000,None,None,1146752000,None,None,None,0.135,1763873000,1009523000,860911000,167191000,503455000,None,None,None,None,None,None,None,48.57,8.21,3.251,None,None,None,None,None,-527211000,None,0.118,None,1659138000,2025-10-30,annual,1.3,USD,pre-market,22600000,3646179000,0.0933,0.31,0.065,56.66,912986000,1761870000,819115000,None,175.93,180.99,22.6415,4295236000,1408940000,1518223000,3274160000,2886296000,1755937000,4835974000,1016380000,27.53,-3224863000,195.98,135.68
2025-12-28,HSY,6.69,11489095000.0,27.53,None,0.177,22.51,328601000,None,67183000,67183000,116108000,-1502894000,207819000,-5388000,-12746000,None,None,8585000,359901000,248292000,None,2956682000,2956682000,167812000,None,None,507119000,None,None,218032000,295144000,5.48,0.0297,562521000,562521000,None,-0.382,0.24,950159000,1168191000,1.06,2018-12-31,27.62,487338000,4334866000.0,1863145000,772926000,279682000,142626000,142626000,None,0,None,610284000,None,None,942755000,None,None,1171051000,None,None,None,0.135,1599993000,1009523000,860911000,167191000,503455000,None,None,None,None,None,None,None,48.57,8.21,3.251,None,None,None,None,None,-247500000,None,0.118,None,1659138000,2025-10-30,annual,1.3,USD,pre-market,22600000,3646179000,0.0933,0.31,0.065,56.66,912986000,1761870000,819115000,None,175.93,180.99,22.6415,4295236000,1408940000,1518223000,3274160000,2886296000,1755937000,4835974000,1016380000,27.53,-3224863000,195.98,135.68
2025-12-28,HSY,6.69,11489095000.0,27.53,None,0.177,22.51,257675000,None,67183000,67183000,-843768000,-328664000,83212000,6129000,-71404000,None,None,-6881000,359901000,248292000,None,2956682000,2956682000,167812000,None,None,507119000,None,None,218032000,261853000,5.48,0.0297,526272000,526272000,None,-0.382,0.24,950159000,1168191000,1.06,2017-12-31,27.62,487338000,4334866000.0,1863145000,772926000,279682000,142626000,142626000,None,0,None,610284000,None,None,942755000,None,None,756537000,None,None,None,0.135,1249515000,1009523000,860911000,167191000,503455000,None,None,None,None,None,None,None,48.57,8.21,3.251,None,None,None,None,None,-300312000,None,0.118,None,1659138000,2025-10-30,annual,1.3,USD,pre-market,22600000,3646179000,0.0933,0.31,0.065,56.66,912986000,1761870000,819115000,None,175.93,180.99,22.6415,4295236000,1408940000,1518223000,3274160000,2886296000,1755937000,4835974000,1016380000,27.53,-3224863000,195.98,135.68
2025-12-28,HSY,6.69,11489095000.0,27.53,None,0.177,22.51,269476000,None,67183000,67183000,-434443000,-595454000,-49562000,-3140000,13965000,None,None,21096000,359901000,248292000,None,2956682000,2956682000,167812000,None,None,507119000,None,None,218032000,301837000,5.48,0.0297,499475000,499475000,None,-0.382,0.24,950159000,1168191000,1.06,2016-12-31,27.62,487338000,4334866000.0,1863145000,772926000,279682000,142626000,142626000,None,0,None,610284000,None,None,942755000,None,None,720044000,None,None,None,0.135,983475000,1009523000,860911000,167191000,503455000,None,None,None,None,None,None,None,48.57,8.21,3.251,None,None,None,None,None,-592550000,None,0.118,None,1659138000,2025-10-30,annual,1.3,USD,pre-market,22600000,3646179000,0.0933,0.31,0.065,56.66,912986000,1761870000,819115000,None,175.93,180.99,22.6415,4295236000,1408940000,1518223000,3274160000,2886296000,1755937000,4835974000,1016380000,27.53,-3224863000,195.98,135.68
2025-12-28,HSY,6.69,11489095000.0,27.53,None,0.177,22.51,356810000,None,67183000,67183000,-755162000,-477255000,-28325000,-10364000,52049000,None,None,-24440000,359901000,248292000,None,2956682000,2956682000,167812000,None,None,507119000,None,None,218032000,244928000,5.48,0.0297,476132000,476132000,None,-0.382,0.24,950159000,1168191000,1.06,2015-12-31,27.62,487338000,4334866000.0,1863145000,772926000,279682000,142626000,142626000,None,0,None,610284000,None,None,942755000,None,None,512951000,None,None,None,0.135,1214456000,1009523000,860911000,167191000,503455000,None,None,None,None,None,None,None,48.57,8.21,3.251,None,None,None,None,None,-582623000,None,0.118,None,1659138000,2025-10-30,annual,1.3,USD,pre-market,22600000,3646179000,0.0933,0.31,0.065,56.66,912986000,1761870000,819115000,None,175.93,180.99,22.6415,4295236000,1408940000,1518223000,3274160000,2886296000,1755937000,4835974000,1016380000,27.53,-3224863000,195.98,135.68
2025-12-28,HSY,6.69,11489095000.0,27.53,None,0.177,22.51,370789000,None,67183000,67183000,-719302000,-862573000,-743654000,None,-88497000,None,None,-67464000,359901000,248292000,None,2956682000,2956682000,167812000,None,None,507119000,None,None,218032000,211532000,5.48,0.0297,440414000,440414000,None,-0.382,0.24,950159000,1168191000,1.06,2014-12-31,27.62,487338000,4334866000.0,1863145000,772926000,279682000,142626000,142626000,None,0,None,610284000,None,None,942755000,None,None,846912000,None,None,None,0.135,838221000,1009523000,860911000,167191000,503455000,None,None,None,None,None,None,None,48.57,8.21,3.251,None,None,None,None,None,-576755000,None,0.118,None,1659138000,2025-10-30,annual,1.3,USD,pre-market,22600000,3646179000,0.0933,0.31,0.065,56.66,912986000,1761870000,819115000,None,175.93,180.99,22.6415,4295236000,1408940000,1518223000,3274160000,2886296000,1755937000,4835974000,1016380000,27.53,-3224863000,195.98,135.68
2025-12-28,HSY,6.69,11489095000.0,27.53,None,0.177,22.51,350911000,None,67183000,67183000,-446589000,-351580000,390236000,None,-26279000,None,None,-16529000,359901000,248292000,None,2956682000,2956682000,167812000,None,None,507119000,None,None,218032000,201033000,5.48,0.0297,393801000,393801000,None,-0.382,0.24,950159000,1168191000,1.06,2013-12-31,27.62,487338000,4334866000.0,1863145000,772926000,279682000,142626000,142626000,None,0,None,610284000,None,None,942755000,None,None,820470000,None,None,None,0.135,1188405000,1009523000,860911000,167191000,503455000,None,None,None,None,None,None,None,48.57,8.21,3.251,None,None,None,None,None,-305564000,None,0.118,None,1659138000,2025-10-30,annual,1.3,USD,pre-market,22600000,3646179000,0.0933,0.31,0.065,56.66,912986000,1761870000,819115000,None,175.93,180.99,22.6415,4295236000,1408940000,1518223000,3274160000,2886296000,1755937000,4835974000,1016380000,27.53,-3224863000,195.98,135.68
2025-12-28,HSY,6.69,11489095000.0,27.53,None,0.177,22.51,277966000,None,67183000,67183000,-586872000,-473369000,34586000,None,26598000,None,None,-50470000,359901000,248292000,None,2956682000,2956682000,167812000,None,None,507119000,None,None,218032000,210037000,5.48,0.0297,341206000,341206000,None,-0.382,0.24,950159000,1168191000,1.06,2012-12-31,27.62,487338000,4334866000.0,1863145000,772926000,279682000,142626000,142626000,None,0,None,610284000,None,None,942755000,None,None,660931000,None,None,None,0.135,1094827000,1009523000,860911000,167191000,503455000,None,None,None,None,None,None,None,48.57,8.21,3.251,None,None,None,None,None,-510630000,None,0.118,None,1659138000,2025-10-30,annual,1.3,USD,pre-market,22600000,3646179000,0.0933,0.31,0.065,56.66,912986000,1761870000,819115000,None,175.93,180.99,22.6415,4295236000,1408940000,1518223000,3274160000,2886296000,1755937000,4835974000,1016380000,27.53,-3224863000,195.98,135.68
2025-12-28,HSY,6.69,11489095000.0,27.53,None,0.177,22.51,347567000,None,67183000,67183000,-438818000,-333005000,-190956000,None,-115331000,None,None,9438000,359901000,248292000,None,2956682000,2956682000,167812000,None,None,507119000,None,None,218032000,215763000,5.48,0.0297,304083000,304083000,None,-0.382,0.24,950159000,1168191000,1.06,2011-12-31,27.62,487338000,4334866000.0,1863145000,772926000,279682000,142626000,142626000,None,0,None,610284000,None,None,942755000,None,None,628962000,None,None,None,0.135,580867000,1009523000,860911000,167191000,503455000,None,None,None,None,None,None,None,48.57,8.21,3.251,None,None,None,None,None,-384515000,None,0.118,None,1659138000,2025-10-30,annual,1.3,USD,pre-market,22600000,3646179000,0.0933,0.31,0.065,56.66,912986000,1761870000,819115000,None,175.93,180.99,22.6415,4295236000,1408940000,1518223000,3274160000,2886296000,1755937000,4835974000,1016380000,27.53,-3224863000,195.98,135.68
2025-12-28,HSY,6.69,11489095000.0,27.53,None,0.177,22.51,201487000,None,67183000,67183000,-71100000,-199286000,631037000,None,-13910000,None,None,20329000,359901000,248292000,None,2956682000,2956682000,167812000,None,None,507119000,None,None,218032000,197116000,5.48,0.0297,273235000,273235000,None,-0.382,0.24,950159000,1168191000,1.06,2010-12-31,27.62,487338000,4334866000.0,1863145000,772926000,279682000,142626000,142626000,None,0,None,610284000,None,None,942755000,None,None,509799000,None,None,None,0.135,901423000,1009523000,860911000,167191000,503455000,None,None,None,None,None,None,None,48.57,8.21,3.251,None,None,None,None,None,-169099000,None,0.118,None,1659138000,2025-10-30,annual,1.3,USD,pre-market,22600000,3646179000,0.0933,0.31,0.065,56.66,912986000,1761870000,819115000,None,175.93,180.99,22.6415,4295236000,1408940000,1518223000,3274160000,2886296000,1755937000,4835974000,1016380000,27.53,-3224863000,195.98,135.68
2025-12-28,HSY,6.69,11489095000.0,27.53,None,0.177,22.51,145470000,None,67183000,67183000,-698921000,-150326000,216502000,None,74000000,None,None,46584000,359901000,248292000,None,2956682000,2956682000,167812000,None,None,507119000,None,None,218032000,182411000,5.48,0.0297,256081000,256081000,None,-0.382,0.24,950159000,1168191000,1.06,2009-12-31,27.62,487338000,4334866000.0,1863145000,772926000,279682000,142626000,142626000,None,0,None,610284000,None,None,942755000,None,None,435994000,None,None,None,0.135,1065749000,1009523000,860911000,167191000,503455000,None,None,None,None,None,None,None,48.57,8.21,3.251,None,None,None,None,None,-9314000,None,0.118,None,1659138000,2025-10-30,annual,1.3,USD,pre-market,22600000,3646179000,0.0933,0.31,0.065,56.66,912986000,1761870000,819115000,None,175.93,180.99,22.6415,4295236000,1408940000,1518223000,3274160000,2886296000,1755937000,4835974000,1016380000,27.53,-3224863000,195.98,135.68
2025-12-28,HSY,6.69,11489095000.0,27.53,None,0.177,22.51,282979000,None,67183000,67183000,-413452000,-198204000,None,None,7681000,None,None,None,359901000,248292000,None,2956682000,2956682000,167812000,None,None,507119000,None,None,218032000,249491000,5.48,0.0297,262949000,262949000,None,-0.382,0.24,950159000,1168191000,1.06,2008-12-31,27.62,487338000,4334866000.0,1863145000,772926000,279682000,142626000,142626000,None,0,None,610284000,None,None,942755000,None,None,311405000,None,None,None,0.135,519561000,1009523000,860911000,167191000,503455000,None,None,None,None,None,None,None,48.57,8.21,3.251,None,None,None,None,None,-60361000,None,0.118,None,1659138000,2025-10-30,annual,1.3,USD,pre-market,22600000,3646179000,0.0933,0.31,0.065,56.66,912986000,1761870000,819115000,None,175.93,180.99,22.6415,4295236000,1408940000,1518223000,3274160000,2886296000,1755937000,4835974000,1016380000,27.53,-3224863000,195.98,135.68
2025-12-28,HSY,6.69,11489095000.0,27.53,None,0.177,22.51,203892000,None,67183000,67183000,-442426000,-304353000,None,None,45348000,None,None,None,359901000,248292000,None,2956682000,2956682000,167812000,None,None,507119000,None,None,218032000,310925000,5.48,0.0297,252263000,252263000,None,-0.382,0.24,950159000,1168191000,1.06,2007-12-31,27.62,487338000,4334866000.0,1863145000,772926000,279682000,142626000,142626000,None,0,None,610284000,None,None,942755000,None,None,214154000,None,None,None,0.135,778836000,1009523000,860911000,167191000,503455000,None,None,None,None,None,None,None,48.57,8.21,3.251,None,None,None,None,None,-256285000,None,0.118,None,1659138000,2025-10-30,annual,1.3,USD,pre-market,22600000,3646179000,0.0933,0.31,0.065,56.66,912986000,1761870000,819115000,None,175.93,180.99,22.6415,4295236000,1408940000,1518223000,3274160000,2886296000,1755937000,4835974000,1016380000,27.53,-3224863000,195.98,135.68
2025-12-28,HSY,6.69,11489095000.0,27.53,None,0.177,22.51,198512000,None,67183000,67183000,-477723000,-215512000,None,None,-12461000,None,None,None,359901000,248292000,None,2956682000,2956682000,167812000,None,None,507119000,None,None,218032000,199911000,5.48,0.0297,235129000,235129000,None,-0.382,0.24,950159000,1168191000,1.06,2006-12-31,27.62,487338000,4334866000.0,1863145000,772926000,279682000,142626000,142626000,None,0,None,610284000,None,None,942755000,None,None,559061000,None,None,None,0.135,723193000,1009523000,860911000,167191000,503455000,None,None,None,None,None,None,None,48.57,8.21,3.251,None,None,None,None,None,-621648000,None,0.118,None,1659138000,2025-10-30,annual,1.3,USD,pre-market,22600000,3646179000,0.0933,0.31,0.065,56.66,912986000,1761870000,819115000,None,175.93,180.99,22.6415,4295236000,1408940000,1518223000,3274160000,2886296000,1755937000,4835974000,1016380000,27.53,-3224863000,195.98,135.68
2025-12-28,HSY,6.69,11489095000.0,27.53,None,0.177,22.51,194305000,None,67183000,67183000,-210750000,-238666000,None,None,-51204000,None,None,None,359901000,248292000,None,2956682000,2956682000,167812000,None,None,507119000,None,None,218032000,218032000,5.48,0.0297,221235000,221235000,None,-0.382,0.24,950159000,1168191000,1.06,2005-12-31,27.62,487338000,4334866000.0,1863145000,772926000,279682000,142626000,142626000,None,0,None,610284000,None,None,942755000,None,None,493244000,None,None,None,0.135,461762000,1009523000,860911000,167191000,503455000,None,None,None,None,None,None,None,48.57,8.21,3.251,None,None,None,None,None,-536997000,None,0.118,None,1659138000,2025-10-30,annual,1.3,USD,pre-market,22600000,3646179000,0.0933,0.31,0.065,56.66,912986000,1761870000,819115000,None,175.93,180.99,22.6415,4295236000,1408940000,1518223000,3274160000,2886296000,1755937000,4835974000,1016380000,27.53,-3224863000,195.98,135.68
