date,symbol,eps,revenue_ttm,pe_ratio,accumulateddepreciationamortizationppe,beta,book_value,capitalexpenditures,capitalleaseobligations,cashandcashequivalentsatcarryingvalue,cashandshortterminvestments,cashflowfromfinancing,cashflowfrominvestment,changeincashandcashequivalents,changeinexchangerate,changeininventory,changeinoperatingassets,changeinoperatingliabilities,changeinreceivables,commonstock,commonstocksharesoutstanding,comprehensiveincomenetoftax,costofgoodsandservicessold,costofrevenue,currentaccountspayable,currentdebt,currentlongtermdebt,currentnetreceivables,deferredrevenue,depreciation,depreciationandamortization,depreciationdepletionandamortization,dividend_per_share,dividend_yield,dividendpayout,dividendpayoutcommonstock,dividendpayoutpreferredstock,earnings_growth_yoy,earnings_surprise,ebit,ebitda,estimated_eps,fiscaldateending,forward_pe,goodwill,gross_profit_ttm,grossprofit,incomebeforetax,incometaxexpense,intangibleassets,intangibleassetsexcludinggoodwill,interestanddebtexpense,interestexpense,interestincome,inventory,investmentincomenet,investments,longtermdebt,longtermdebtnoncurrent,longterminvestments,netincome,netincomefromcontinuingoperations,netinterestincome,noninterestincome,operating_margin_ttm,operatingcashflow,operatingexpenses,operatingincome,othercurrentassets,othercurrentliabilities,othernoncurrentassets,othernoncurrentliabilities,othernonoperatingincome,paymentsforoperatingactivities,paymentsforrepurchaseofcommonstock,paymentsforrepurchaseofequity,paymentsforrepurchaseofpreferredstock,peg_ratio,price_to_book,price_to_sales_ttm,proceedsfromissuanceofcommonstock,proceedsfromissuanceoflongtermdebtandcapitalsecuritiesnet,proceedsfromissuanceofpreferredstock,proceedsfromoperatingactivities,proceedsfromrepaymentsofshorttermdebt,proceedsfromrepurchaseofequity,proceedsfromsaleoftreasurystock,profit_margin,profitloss,propertyplantequipment,report_date,report_type,reported_eps,reportedcurrency,reporttime,researchanddevelopment,retainedearnings,return_on_assets_ttm,return_on_equity_ttm,revenue_growth_yoy,revenue_per_share_ttm,sellinggeneralandadministrative,shortlongtermdebttotal,shorttermdebt,shortterminvestments,sma_200,sma_50,surprise_pct,totalassets,totalcurrentassets,totalcurrentliabilities,totalliabilities,totalnoncurrentassets,totalnoncurrentliabilities,totalrevenue,totalshareholderequity,trailing_pe,treasurystock,week_52_high,week_52_low
1998-03-31,HTO,,,,,,,,,,,,,,,,,,,,,,,,,,,,,,,,,,,,,,0.0,,,,,,,,,,,,,,,,,,,,,,,,,,,,,,,,,,,,,,,,,,,,,,,,,,,,1998-03-31,,0.0802,,pre-market,,,,,,,,,,,,,,,,,,,,,,,,,
1998-06-30,HTO,,,,,,,,,,,,,,,,,,,,,,,,,,,,,,,,,,,,,,0.0,,,,,,,,,,,,,,,,,,,,,,,,,,,,,,,,,,,,,,,,,,,,,,,,,,,,1998-06-30,,0.2728,,pre-market,,,,,,,,,,,,,,,,,,,,,,,,,
1998-09-30,HTO,,,,,,,,,,,,,,,,,,,,,,,,,,,,,,,,,,,,,,0.0,,,,,,,,,,,,,,,,,,,,,,,,,,,,,,,,,,,,,,,,,,,,,,,,,,,,1998-09-30,,0.3053,,pre-market,,,,,,,,,,,,,,,,,,,,,,,,,
1999-03-31,HTO,,,,,,,,,,,,,,,,,,,,,,,,,,,,,,,,,,,,,,0.0,,,,,,,,,,,,,,,,,,,,,,,,,,,,,,,,,,,,,,,,,,,,,,,,,,,,1999-03-31,,0.0962,,pre-market,,,,,,,,,,,,,,,,,,,,,,,,,
1999-06-30,HTO,,,,,,,,,,,,,,,,,,,,,,,,,,,,,,,,,,,,,,0.0,,,,,,,,,,,,,,,,,,,,,,,,,,,,,,,,,,,,,,,,,,,,,,,,,,,,1999-06-30,,0.223,,pre-market,,,,,,,,,,,,,,,,,,,,,,,,,
1999-09-30,HTO,,,,,,,,,,,,,,,,,,,,,,,,,,,,,,,,,,,,,,0.0,,,,,,,,,,,,,,,,,,,,,,,,,,,,,,,,,,,,,,,,,,,,,,,,,,,,1999-09-30,,0.296,,pre-market,,,,,,,,,,,,,,,,,,,,,,,,,
1999-12-31,HTO,,,,,,,,,,,,,,,,,,,,,,,,,,,,,,,,,,,,,,0.0,,,,,,,,,,,,,,,,,,,,,,,,,,,,,,,,,,,,,,,,,,,,,,,,,,,,1999-12-31,,0.2529,,pre-market,,,,,,,,,,,,,,,,,,,,,,,,,
2000-03-31,HTO,,,,,,,,,,,,,,,,,,,,,,,,,,,,,,,,,,,,,,0.0,,,,,,,,,,,,,,,,,,,,,,,,,,,,,,,,,,,,,,,,,,,,,,,,,,,,2000-03-31,,0.0726,,pre-market,,,,,,,,,,,,,,,,,,,,,,,,,
2000-06-30,HTO,,,,,,,,,,,,,,,,,,,,,,,,,,,,,,,,,,,,,,0.0,,,,,,,,,,,,,,,,,,,,,,,,,,,,,,,,,,,,,,,,,,,,,,,,,,,,2000-06-30,,0.149,,pre-market,,,,,,,,,,,,,,,,,,,,,,,,,
2000-09-30,HTO,,,,,,,,,,,,,,,,,,,,,,,,,,,,,,,,,,,,,,0.0,,,,,,,,,,,,,,,,,,,,,,,,,,,,,,,,,,,,,,,,,,,,,,,,,,,,2000-09-30,,0.2715,,pre-market,,,,,,,,,,,,,,,,,,,,,,,,,
2000-12-31,HTO,,,,,,,,,,,,,,,,,,,,,,,,,,,,,,,,,,,,,,0.0,,,,,,,,,,,,,,,,,,,,,,,,,,,,,,,,,,,,,,,,,,,,,,,,,,,,2000-12-31,,0.0906,,pre-market,,,,,,,,,,,,,,,,,,,,,,,,,
2001-03-31,HTO,,,,,,,,,,,,,,,,,,,,,,,,,,,,,,,,,,,,,,0.0,,,,,,,,,,,,,,,,,,,,,,,,,,,,,,,,,,,,,,,,,,,,,,,,,,,,2001-03-31,,0.0371,,pre-market,,,,,,,,,,,,,,,,,,,,,,,,,
2001-06-30,HTO,,,,,,,,,,,,,,,,,,,,,,,,,,,,,,,,,,,,,,0.0,,,,,,,,,,,,,,,,,,,,,,,,,,,,,,,,,,,,,,,,,,,,,,,,,,,,2001-06-30,,0.2282,,pre-market,,,,,,,,,,,,,,,,,,,,,,,,,
2001-09-30,HTO,,,,,,,,,,,,,,,,,,,,,,,,,,,,,,,,,,,,,,0.0,,,,,,,,,,,,,,,,,,,,,,,,,,,,,,,,,,,,,,,,,,,,,,,,,,,,2001-10-25,,0.35,,pre-market,,,,,,,,,,,,,,,,,,,,,,,,,
2001-12-31,HTO,,,,,,,,,,,,,,,,,,,,,,,,,,,,,,,,,,,,,,0.0,,,,,,,,,,,,,,,,,,,,,,,,,,,,,,,,,,,,,,,,,,,,,,,,,,,,2002-01-31,,0.1518,,pre-market,,,,,,,,,,,,,,,,,,,,,,,,,
2002-03-31,HTO,,,,,,,,,,,,,,,,,,,,,,,,,,,,,,,,,,,,,,0.0,,,,,,,,,,,,,,,,,,,,,,,,,,,,,,,,,,,,,,,,,,,,,,,,,,,,2002-04-18,,0.0957,,pre-market,,,,,,,,,,,,,,,,,,,,,,,,,
2002-06-30,HTO,,,,,,,,,,,,,,,,,,,,,,,,,,,,,,,,,,,,,,0.0,,,,,,,,,,,,,,,,,,,,,,,,,,,,,,,,,,,,,,,,,,,,,,,,,,,,2002-07-18,,0.2184,,pre-market,,,,,,,,,,,,,,,,,,,,,,,,,
2002-09-30,HTO,,,,,,,,,,,,,,,,,,,,,,,,,,,,,,,,,,,,,,0.0,,,,,,,,,,,,,,,,,,,,,,,,,,,,,,,,,,,,,,,,,,,,,,,,,,,,2002-10-24,,0.3161,,pre-market,,,,,,,,,,,,,,,,,,,,,,,,,
2002-12-31,HTO,,,,,,,,,,,,,,,,,,,,,,,,,,,,,,,,,,,,,,0.0,,,,,,,,,,,,,,,,,,,,,,,,,,,,,,,,,,,,,,,,,,,,,,,,,,,,2003-01-29,,0.1487,,pre-market,,,,,,,,,,,,,,,,,,,,,,,,,
2003-03-31,HTO,,,,,,,,,,,,,,,,,,,,,,,,,,,,,,,,,,,,,,0.0,,,,,,,,,,,,,,,,,,,,,,,,,,,,,,,,,,,,,,,,,,,,,,,,,,,,2003-04-29,,0.2891,,pre-market,,,,,,,,,,,,,,,,,,,,,,,,,
2003-06-30,HTO,,,,,,,,,,,,,,,,,,,,,,,,,,,,,,,,,,,,,,0.0,,,,,,,,,,,,,,,,,,,,,,,,,,,,,,,,,,,,,,,,,,,,,,,,,,,,2003-07-29,,0.2422,,pre-market,,,,,,,,,,,,,,,,,,,,,,,,,
2003-09-30,HTO,,,,,,,,,,,,,,,,,,,,,,,,,,,,,,,,,,,,,,0.0,,,,,,,,,,,,,,,,,,,,,,,,,,,,,,,,,,,,,,,,,,,,,,,,,,,,2003-10-28,,0.326,,pre-market,,,,,,,,,,,,,,,,,,,,,,,,,
2003-12-31,HTO,,,,,,,,,,,,,,,,,,,,,,,,,,,,,,,,,,,,,,0.0,,,,,,,,,,,,,,,,,,,,,,,,,,,,,,,,,,,,,,,,,,,,,,,,,,,,2004-01-29,,0.1637,,pre-market,,,,,,,,,,,,,,,,,,,,,,,,,
2004-03-31,HTO,,,,,,,,,,,,,,,,,,,,,,,,,,,,,,,,,,,,,,0.0,,,,,,,,,,,,,,,,,,,,,,,,,,,,,,,,,,,,,,,,,,,,,,,,,,,,2004-04-29,,0.0965,,pre-market,,,,,,,,,,,,,,,,,,,,,,,,,
2004-06-30,HTO,,,,,,,,,,,,,,,,,,,,,,,,,,,,,,,,,,,,,,0.0,,,,,,,,,,,,,,,,,,,,,,,,,,,,,,,,,,,,,,,,,,,,,,,,,,,,2004-07-29,,0.2614,,pre-market,,,,,,,,,,,,,,,,,,,,,,,,,
2004-09-30,HTO,,,,,,,,,,,,,,,,,,,,,,,,,,,,,,,,,,,,,,0.0,,,,,,,,,,,,,,,,,,,,,,,,,,,,,,,,,,,,,,,,,,,,,,,,,,,,2004-10-28,,0.3006,,pre-market,,,,,,,,,,,,,,,,,,,,,,,,,
2004-12-31,HTO,,,,,,,,,,,,,,,,,,,,,,,,,,,,,,,,,,,,,,0.0,,,,,,,,,,,,,,,,,,,,,,,,,,,,,,,,,,,,,,,,,,,,,,,,,,,,2005-02-01,,0.4167,,pre-market,,,,,,,,,,,,,,,,,,,,,,,,,
2005-03-31,HTO,,,,,,,,,,,,,,,,,,,,,,,,,,,,,,,,,,,,,,0.0,,,,,,,,,,,,,,,,,,,,,,,,,,,,,,,,,,,,,,,,,,,,,,,,,,,,2005-04-29,,0.1454,,pre-market,,,,,,,,,,,,,,,,,,,,,,,,,
2005-06-30,HTO,,,,,,,,,,,,,,,,,,,,,,,,,,,,,,,,,,,,,,0.0,,,,,,,,,,,,,,,,,,,,,,,,,,,,,,,,,,,,,,,,,,,,,,,,,,,,2005-07-29,,0.3095,,pre-market,,,,,,,,,,,,,,,,,,,,,,,,,
2005-09-30,HTO,,,,,,,,,,,,,,,,,,,,,,,,,,,,,,,,,,,,,,0.0,,,,,,,,,,,,,,,,,,,,,,,,,,,,,,,,,,,,,,,,,,,,,,,,,,,,2005-10-28,,0.4987,,pre-market,,,,,,,,,,,,,,,,,,,,,,,,,
2005-12-31,HTO,,,,,,,,,,,,,,,,,,,,,,,,,,,,,,,,,,,,,,0.0,,,,,,,,,,,,,,,,,,,,,,,,,,,,,,,,,,,,,,,,,,,,,,,,,,,,2006-02-02,,0.2278,,pre-market,,,,,,,,,,,,,,,,,,,,,,,,,
2006-03-31,HTO,,,,,,,,,,,,,,,,,,,,,,,,,,,,,,,,,,,,,,0.0,,,,,,,,,,,,,,,,,,,,,,,,,,,,,,,,,,,,,,,,,,,,,,,,,,,,2006-04-28,,0.2268,,pre-market,,,,,,,,,,,,,,,,,,,,,,,,,
2006-06-30,HTO,,,,,,,,,,,,,,,,,,,,,,,,,,,,,,,,,,,,,,0.0,,,,,,,,,,,,,,,,,,,,,,,,,,,,,,,,,,,,,,,,,,,,,,,,,,,,2006-07-28,,0.3492,,pre-market,,,,,,,,,,,,,,,,,,,,,,,,,
2006-09-30,HTO,,,,,,,,,,,,,,,,,,,,,,,,,,,,,,,,,,,,,,0.0,,,,,,,,,,,,,,,,,,,,,,,,,,,,,,,,,,,,,,,,,,,,,,,,,,,,2006-10-27,,0.4773,,pre-market,,,,,,,,,,,,,,,,,,,,,,,,,
2006-12-31,HTO,,,,,,,,,,,,,,,,,,,,,,,,,,,,,,,,,,,,,,0.0,,,,,,,,,,,,,,,,,,,,,,,,,,,,,,,,,,,,,,,,,,,,,,,,,,,,2007-01-29,,1.03,,pre-market,,,,,,,,,,,,,,,,,,,,,,,,,
2007-03-31,HTO,,,,,,,,,,,,,,,,,,,,,,,,,,,,,,,,,,,,,,0.0,,,,,,,,,,,,,,,,,,,,,,,,,,,,,,,,,,,,,,,,,,,,,,,,,,,,2007-04-27,,0.1145,,pre-market,,,,,,,,,,,,,,,,,,,,,,,,,
2007-06-30,HTO,,,,,,,,,,,,,,,,,,,,,,,,,,,,,,,,,,,,,,0.0,,,,,,,,,,,,,,,,,,,,,,,,,,,,,,,,,,,,,,,,,,,,,,,,,,,,2007-07-27,,0.2916,,pre-market,,,,,,,,,,,,,,,,,,,,,,,,,
2007-09-30,HTO,,,,,,,,,,,,,,,,,,,,,,,,,,,,,,,,,,,,,,0.0,,,,,,,,,,,,,,,,,,,,,,,,,,,,,,,,,,,,,,,,,,,,,,,,,,,,2007-10-26,,0.4316,,pre-market,,,,,,,,,,,,,,,,,,,,,,,,,
2007-12-31,HTO,,,,,,,,,,,,,,,,,,,,,,,,,,,,,,,,,,,,,,0.0,,,,,,,,,,,,,,,,,,,,,,,,,,,,,,,,,,,,,,,,,,,,,,,,,,,,2008-02-21,,0.2036,,pre-market,,,,,,,,,,,,,,,,,,,,,,,,,
2008-03-31,HTO,,,,,,,,,,,,,,,,,,,,,,,,,,,,,,,,,,,,,,0.0,,,,,,,,,,,,,,,,,,,,,,,,,,,,,,,,,,,,,,,,,,,,,,,,,,,,2008-05-01,,0.1462,,pre-market,,,,,,,,,,,,,,,,,,,,,,,,,
2008-06-30,HTO,,,,,,,,,,,,,,,,,,,,,,,,,,,,,,,,,,,,,,0.0,,,,,,,,,,,,,,,,,,,,,,,,,,,,,,,,,,,,,,,,,,,,,,,,,,,,2008-07-24,,0.3376,,pre-market,,,,,,,,,,,,,,,,,,,,,,,,,
2008-09-30,HTO,,,,,,,,,,,,,,,,,,,,,,,,,,,,,,,,,,,,,,0.0,,,,,,,,,,,,,,,,,,,,,,,,,,,,,,,,,,,,,,,,,,,,,,,,,,,,2008-10-23,,0.4435,,pre-market,,,,,,,,,,,,,,,,,,,,,,,,,
2008-12-31,HTO,,,,,,,,,,,,,,,,,,,,,,,,,,,,,,,,,,,,,,0.0,,,,,,,,,,,,,,,,,,,,,,,,,,,,,,,,,,,,,,,,,,,,,,,,,,,,2009-02-26,,0.2259,,pre-market,,,,,,,,,,,,,,,,,,,,,,,,,
2009-03-31,HTO,,,,,,,,,,,,,,,,,,,,,,,,,,,,,,,,,,,,,,0.0,,,,,,,,,,,,,,,,,,,,,,,,,,,,,,,,,,,,,,,,,,,,,,,,,,,,2009-05-07,,0.0062,,pre-market,,,,,,,,,,,,,,,,,,,,,,,,,
2009-06-30,HTO,,,,,,,,,,,,,,,,,,,,,,,,,,,,,,,,,,,,,,0.0,,,,,,,,,,,,,,,,,,,,,,,,,,,,,,,,,,,,,,,,,,,,,,,,,,,,2009-07-30,,0.2366,,pre-market,,,,,,,,,,,,,,,,,,,,,,,,,
2009-09-30,HTO,,,,,,,,,,,,,,,,,,,,,,,,,,,,,,,,,,,,,,0.0,,,,,,,,,,,,,,,,,,,,,,,,,,,,,,,,,,,,,,,,,,,,,,,,,,,,2009-10-29,,0.429,,pre-market,,,,,,,,,,,,,,,,,,,,,,,,,
2009-12-31,HTO,,,,,,,,,,,,,,,,,,,,,,,,,,,,,,,,,,,,,,0.0,,,,,,,,,,,,,,,,,,,,,,,,,,,,,,,,,,,,,,,,,,,,,,,,,,,,2010-02-25,,0.1401,,pre-market,,,,,,,,,,,,,,,,,,,,,,,,,
2010-03-31,HTO,,,,,,,,,,,,,,,,,,,,,,,,,,,,,,,,,,,,,,0.0,,,,,,,,,,,,,,,,,,,,,,,,,,,,,,,,,,,,,,,,,,,,,,,,,,,,2010-04-29,,0.0526,,pre-market,,,,,,,,,,,,,,,,,,,,,,,,,
2010-06-30,HTO,,,,,,,,,,,,,,,,,,,,,,,,,,,,,,,,,,,,,,0.0,,,,,,,,,,,,,,,,,,,,,,,,,,,,,,,,,,,,,,,,,,,,,,,,,,,,2010-07-29,,0.241,,pre-market,,,,,,,,,,,,,,,,,,,,,,,,,
2010-09-30,HTO,,,,,,,,,,,,,,,,,,,,,,,,,,,,,,,,,,,,,,0.0,,,,,,,,,,,,,,,,,,,,,,,,,,,,,,,,,,,,,,,,,,,,,,,,,,,,2010-10-28,,0.5752,,pre-market,,,,,,,,,,,,,,,,,,,,,,,,,
2010-12-31,HTO,,,,,,,,,,,,,,,,,,,,,,,,,,,,,,,,,,,,,,0.0,,,,,,,,,,,,,,,,,,,,,,,,,,,,,,,,,,,,,,,,,,,,,,,,,,,,2011-02-23,,0.4328,,pre-market,,,,,,,,,,,,,,,,,,,,,,,,,
2011-03-31,HTO,,,,,,,,,,,,,,,,,,,,,,,,,,,,,,,,,,,,,,0.0,,,,,,,,,,,,,,,,,,,,,,,,,,,,,,,,,,,,,,,,,,,,,,,,,,,,2011-04-28,,0.0325,,pre-market,,,,,,,,,,,,,,,,,,,,,,,,,
2011-06-30,HTO,,,,,,,,,,,,,,,,,,,,,,,,,,,,,,,,,,,,,,0.0,,,,,,,,,,,,,,,,,,,,,,,,,,,,,,,,,,,,,,,,,,,,,,,,,,,,2011-07-28,,0.2902,,pre-market,,,,,,,,,,,,,,,,,,,,,,,,,
2011-09-30,HTO,,,,,,,,,,,,,,,,,,,,,,,,,,,,,,,,,,,,,,0.0,,,,,,,,,,,,,,,,,,,,,,,,,,,,,,,,,,,,,,,,,,,,,,,,,,,,2011-10-27,,0.4369,,pre-market,,,,,,,,,,,,,,,,,,,,,,,,,
2011-12-31,HTO,,,,,,,,,,,,,,,,,,,,,,,,,,,,,,,,,,,,,,0.0,,,,,,,,,,,,,,,,,,,,,,,,,,,,,,,,,,,,,,,,,,,,,,,,,,,,2012-02-22,,0.3513,,pre-market,,,,,,,,,,,,,,,,,,,,,,,,,
2012-03-31,HTO,,,,,,,,,,,,,,,,,,,,,,,,,,,,,,,,,,,,,,0.0,,,,,,,,,,,,,,,,,,,,,,,,,,,,,,,,,,,,,,,,,,,,,,,,,,,,2012-04-26,,0.0589,,pre-market,,,,,,,,,,,,,,,,,,,,,,,,,
2012-06-30,HTO,,,,,,,,,,,,,,,,,,,,,,,,,,,,,,,,,,,,,,0.0,,,,,,,,,,,,,,,,,,,,,,,,,,,,,,,,,,,,,,,,,,,,,,,,,,,,2012-07-26,,0.2763,,pre-market,,,,,,,,,,,,,,,,,,,,,,,,,
2012-09-30,HTO,,,,,,,,,,,,,,,,,,,,,,,,,,,,,,,,,,,,,,0.0,,,,,,,,,,,,,,,,,,,,,,,,,,,,,,,,,,,,,,,,,,,,,,,,,,,,2012-10-25,,0.5348,,pre-market,,,,,,,,,,,,,,,,,,,,,,,,,
2012-12-31,HTO,,,,,,,,,,,,,,,,,,,,,,,,,,,,,,,,,,,,,,0.0,,,,,,,,,,,,,,,,,,,,,,,,,,,,,,,,,,,,,,,,,,,,,,,,,,,,2013-02-20,,0.3142,,pre-market,,,,,,,,,,,,,,,,,,,,,,,,,
2013-03-31,HTO,,,,,,,,,,,,,,,,,,,,,,,,,,,,,,,,,,,,,,0.0,,,,,,,,,,,,,,,,,,,,,,,,,,,,,,,,,,,,,,,,,,,,,,,,,,,,2013-04-25,,0.0697,,pre-market,,,,,,,,,,,,,,,,,,,,,,,,,
2013-06-30,HTO,,,,,,,,,,,,,,,,,,,,,,,,,,,,,,,,,,,,,,0.0,,,,,,,,,,,,,,,,,,,,,,,,,,,,,,,,,,,,,,,,,,,,,,,,,,,,2013-08-01,,0.3671,,pre-market,,,,,,,,,,,,,,,,,,,,,,,,,
2013-09-30,HTO,,,,,,,,,,,,,,,,,,,,,,,,,,,,,,,,,,,,,,0.0,,,,,,,,,,,,,,,,,,,,,,,,,,,,,,,,,,,,,,,,,,,,,,,,,,,,2013-10-31,,0.4399,,pre-market,,,,,,,,,,,,,,,,,,,,,,,,,
2013-12-31,HTO,,,,,,,,,,,,,,,,,,,,,,,,,,,,,,,,,,,,,,0.0,,,,,,,,,,,,,,,,,,,,,,,,,,,,,,,,,,,,,,,,,,,,,,,,,,,,2014-02-21,,0.2297,,pre-market,,,,,,,,,,,,,,,,,,,,,,,,,
2014-03-31,HTO,,,,,,,,,,,,,,,,,,,,,,,,,,,,,,,,,,,,,,0.0,,,,,,,,,,,,,,,,,,,,,,,,,,,,,,,,,,,,,,,,,,,,,,,,,,,,2014-05-01,,0.0444,,pre-market,,,,,,,,,,,,,,,,,,,,,,,,,
2014-06-30,HTO,,,,,,,,,,,,,,,,,,,,,,,,,,,,,,,,,,,,,,0.0,,,,,,,,,,,,,,,,,,,,,,,,,,,,,,,,,,,,,,,,,,,,,,,,,,,,2014-07-31,,0.3356,,pre-market,,,,,,,,,,,,,,,,,,,,,,,,,
2014-09-30,HTO,,,,,,,,,,,,,,,,,,,,,,,,,,,,,,,,,,,,,,0.0,,,,,,,,,,,,,,,,,,,,,,,,,,,,,,,,,,,,,,,,,,,,,,,,,,,,2014-10-30,,1.8785,,pre-market,,,,,,,,,,,,,,,,,,,,,,,,,
2014-12-31,HTO,,,,,,,,,,,,,,,,,,,,,,,,,,,,,,,,,,,,,,0.0,,,,,,,,,,,,,,,,,,,,,,,,,,,,,,,,,,,,,,,,,,,,,,,,,,,,2015-02-20,,0.278,,pre-market,,,,,,,,,,,,,,,,,,,,,,,,,
2015-03-31,HTO,,,,,,,,,,,,,,,,,,,,,,,,,,,,,,,,,,,,,,0.0,,,,,,,,,,,,,,,,,,,,,,,,,,,,,,,,,,,,,,,,,,,,,,,,,,,,2015-04-30,,0.2292,,pre-market,,,,,,,,,,,,,,,,,,,,,,,,,
2015-06-30,HTO,,,,,,,,,,,,,,,,,,,,,,,,,,,,,,,,,,,,,,0.0,,,,,,,,,,,,,,,,,,,,,,,,,,,,,,,,,,,,,,,,,,,,,,,,,,,,2015-07-30,,0.3639,,pre-market,,,,,,,,,,,,,,,,,,,,,,,,,
2015-09-30,HTO,,,,,,,,,,,,,,,,,,,,,,,,,,,,,,,,,,,,,,0.0,,,,,,,,,,,,,,,,,,,,,,,,,,,,,,,,,,,,,,,,,,,,,,,,,,,,2015-10-29,,0.4644,,pre-market,,,,,,,,,,,,,,,,,,,,,,,,,
2015-12-31,HTO,,,,,,,,,,,,,,,,,,,,,,,,,,,,,,,,,,,,,,0.0,,,,,,,,,,,,,,,,,,,,,,,,,,,,,,,,,,,,,,,,,,,,,,,,,,,,2016-02-19,,0.788,,pre-market,,,,,,,,,,,,,,,,,,,,,,,,,
2016-03-31,HTO,,,,,,,,,,,,,,,,,,,,,,,,,,,,,,,,,,,,,,0.0,,,,,,,,,,,,,,,,,,,,,,,,,,,,,,,,,,,,,,,,,,,,,,,,,,,,2016-04-28,,0.1643,,pre-market,,,,,,,,,,,,,,,,,,,,,,,,,
2016-06-30,HTO,,,,,,,,,,,,,,,,,,,,,,,,,,,,,,,,,,,,,,0.0,,,,,,,,,,,,,,,,,,,,,,,,,,,,,,,,,,,,,,,,,,,,,,,,,,,,2016-07-28,,0.8152,,pre-market,,,,,,,,,,,,,,,,,,,,,,,,,
2016-09-30,HTO,,,,,,,,,,,,,,,,,,,,,,,,,,,,,,,,,,,,,,0.0,,,,,,,,,,,,,,,,,,,,,,,,,,,,,,,,,,,,,,,,,,,,,,,,,,,,2016-10-27,,0.9202,,pre-market,,,,,,,,,,,,,,,,,,,,,,,,,
2016-12-31,HTO,,,,,,,,,,,,,,,,,,,,,,,,,,,,,,,,,,,,,,0.0,,,,,,,,,,,,,,,,,,,,,,,,,,,,,,,,,,,,,,,,,,,,,,,,,,,,2017-02-23,,0.6659,,pre-market,,,,,,,,,,,,,,,,,,,,,,,,,
2017-03-31,HTO,,,,,,,,,,,,,,,,,,,,,,,,,,,,,,,,,,,,,,0.0,,,,,,,,,,,,,,,,,,,,,,,,,,,,,,,,,,,,,,,,,,,,,,,,,,,,2017-04-27,,0.1777,,pre-market,,,,,,,,,,,,,,,,,,,,,,,,,
2017-06-30,HTO,,,,,,,,,,,,,,,,,,,,,,,,,,,,,,,,,,,,,,0.0,,,,,,,,,,,,,,,,,,,,,,,,,,,,,,,,,,,,,,,,,,,,,,,,,,,,2017-07-27,,0.9039,,pre-market,,,,,,,,,,,,,,,,,,,,,,,,,
2017-09-30,HTO,,,,,,,,,,,,,,,,,,,,,,,,,,,,,,,,,,,,,,0.0,,,,,,,,,,,,,,,,,,,,,,,,,,,,,,,,,,,,,,,,,,,,,,,,,,,,2017-10-26,,0.9441,,pre-market,,,,,,,,,,,,,,,,,,,,,,,,,
2017-12-31,HTO,,,,,,,,,,,,,,,,,,,,,,,,,,,,,,,,,,,,,,0.0,,,,,,,,,,,,,,,,,,,,,,,,,,,,,,,,,,,,,,,,,,,,,,,,,,,,2018-02-22,,0.8354,,pre-market,,,,,,,,,,,,,,,,,,,,,,,,,
2018-03-31,HTO,,,,,,,,,,,,,,,,,,,,,,,,,,,,,,,,,,,,,,0.0,,,,,,,,,,,,,,,,,,,,,,,,,,,,,,,,,,,,,,,,,,,,,,,,,,,,2018-04-26,,0.0621,,pre-market,,,,,,,,,,,,,,,,,,,,,,,,,
2018-06-30,HTO,,,,,,,,,,,,,,,,,,,,,,,,,,,,,,,,,,,,,,0.0,,,,,,,,,,,,,,,,,,,,,,,,,,,,,,,,,,,,,,,,,,,,,,,,,,,,2018-07-26,,0.6208,,pre-market,,,,,,,,,,,,,,,,,,,,,,,,,
2018-09-30,HTO,,,,,,,,,,,,,,,,,,,,,,,,,,,,,,,,,,,,,,0.0,,,,,,,,,,,,,,,,,,,,,,,,,,,,,,,,,,,,,,,,,,,,,,,,,,,,2018-10-25,,0.7615,,pre-market,,,,,,,,,,,,,,,,,,,,,,,,,
2018-12-31,HTO,,,,,,,,,,,,,,,,,,,,,,,,,,,,,,,,,,,,,,0.0,,,,,,,,,,,,,,,,,,,,,,,,,,,,,,,,,,,,,,,,,,,,,,,,,,,,2019-02-21,,0.3812,,pre-market,,,,,,,,,,,,,,,,,,,,,,,,,
2019-03-31,HTO,,,,,,,,,,,,,,,,,,,,,,,,,,,,,,,,,,,,,,0.0,,,,,,,,,,,,,,,,,,,,,,,,,,,,,,,,,,,,,,,,,,,,,,,,,,,,2019-04-25,,0.206,,pre-market,,,,,,,,,,,,,,,,,,,,,,,,,
2019-06-30,HTO,,,,,,,,,,,,,,,,,,,,,,,,,,,,,,,,,,,,,,0.0,,,,,,,,,,,,,,,,,,,,,,,,,,,,,,,,,,,,,,,,,,,,,,,,,,,,2019-07-25,,0.4746,,pre-market,,,,,,,,,,,,,,,,,,,,,,,,,
2019-09-30,HTO,,,,,,,,,,,,,,,,,,,,,,,,,,,,,,,,,,,,,,0.0,,,,,,,,,,,,,,,,,,,,,,,,,,,,,,,,,,,,,,,,,,,,,,,,,,,,2019-10-31,,0.332,,pre-market,,,,,,,,,,,,,,,,,,,,,,,,,
2019-12-31,HTO,,,,,,,,,,,,,,,,,,,,,,,,,,,,,,,,,,,,,,0.0,,,,,,,,,,,,,,,,,,,,,,,,,,,,,,,,,,,,,,,,,,,,,,,,,,,,2020-02-27,,-0.1928,,pre-market,,,,,,,,,,,,,,,,,,,,,,,,,
2020-03-31,HTO,,,,,,,,,,,,,,,,,,,,,,,,,,,,,,,,,,,,,,0.0,,,,,,,,,,,,,,,,,,,,,,,,,,,,,,,,,,,,,,,,,,,,,,,,,,,,2020-05-05,,0.0843,,pre-market,,,,,,,,,,,,,,,,,,,,,,,,,
2020-06-30,HTO,,,,,,,,,,,,,,,,,,,,,,,,,,,,,,,,,,,,,,0.0,,,,,,,,,,,,,,,,,,,,,,,,,,,,,,,,,,,,,,,,,,,,,,,,,,,,2020-08-07,,0.6875,,pre-market,,,,,,,,,,,,,,,,,,,,,,,,,
2020-09-30,HTO,,,,,,,,,,,,,,,,,,,,,,,,,,,,,,,,,,,,,,0.0,,,,,,,,,,,,,,,,,,,,,,,,,,,,,,,,,,,,,,,,,,,,,,,,,,,,2020-11-05,,0.9091,,pre-market,,,,,,,,,,,,,,,,,,,,,,,,,
2020-12-31,HTO,,,,,,,,,,,,,,,,,,,,,,,,,,,,,,,,,,,,,,0.0,,,,,,,,,,,,,,,,,,,,,,,,,,,,,,,,,,,,,,,,,,,,,,,,,,,,2021-02-19,,0.4626,,pre-market,,,,,,,,,,,,,,,,,,,,,,,,,
2021-03-31,HTO,,,,,,,,,,,,,,,,,,,,,,,,,,,,,,,,,,,,,,0.0,,,,,,,,,,,,,,,,,,,,,,,,,,,,,,,,,,,,,,,,,,,,,,,,,,,,2021-04-29,,0.0902,,pre-market,,,,,,,,,,,,,,,,,,,,,,,,,
2021-06-30,HTO,,,,,,,,,,,,,,,,,,,,,,,,,,,,,,,,,,,,,,0.0,,,,,,,,,,,,,,,,,,,,,,,,,,,,,,,,,,,,,,,,,,,,,,,,,,,,2021-07-30,,0.6943,,pre-market,,,,,,,,,,,,,,,,,,,,,,,,,
2021-09-30,HTO,,,,,,,,,,,,,,,,,,,,,,,,,,,,,,,,,,,,,,0.0,,,,,,,,,,,,,,,,,,,,,,,,,,,,,,,,,,,,,,,,,,,,,,,,,,,,2021-10-29,,0.6366,,pre-market,,,,,,,,,,,,,,,,,,,,,,,,,
2021-12-31,HTO,,,,,,,,,,,,,,,,,,,,,,,,,,,,,,,,,,,,,,0.0,,,,,,,,,,,,,,,,,,,,,,,,,,,,,,,,,,,,,,,,,,,,,,,,,,,,2022-02-18,,0.5994,,pre-market,,,,,,,,,,,,,,,,,,,,,,,,,
2022-03-31,HTO,,,,,,,,,,,,,,,,,,,,,,,,,,,,,,,,,,,,,,0.0,,,,,,,,,,,,,,,,,,,,,,,,,,,,,,,,,,,,,,,,,,,,,,,,,,,,2022-04-28,,0.1232,,pre-market,,,,,,,,,,,,,,,,,,,,,,,,,
2022-06-30,HTO,,,,,,,,,,,,,,,,,,,,,,,,,,,,,,,,,,,,,,0.0,,,,,,,,,,,,,,,,,,,,,,,,,,,,,,,,,,,,,,,,,,,,,,,,,,,,2022-07-28,,0.3809,,pre-market,,,,,,,,,,,,,,,,,,,,,,,,,
2022-09-30,HTO,,,,,,,,,,,,,,,,,,,,,,,,,,,,,,,,,,,,,,0.0,,,,,,,,,,,,,,,,,,,,,,,,,,,,,,,,,,,,,,,,,,,,,,,,,,,,2022-10-28,,0.8237,,pre-market,,,,,,,,,,,,,,,,,,,,,,,,,
2022-12-31,HTO,,,,,,,,,,,,,,,,,,,,,,,,,,,,,,,,,,,,,,0.0,,,,,,,,,,,,,,,,,,,,,,,,,,,,,,,,,,,,,,,,,,,,,,,,,,,,2023-02-23,,1.0941,,pre-market,,,,,,,,,,,,,,,,,,,,,,,,,
2023-03-31,HTO,,,,,,,,,,,,,,,,,,,,,,,,,,,,,,,,,,,,,,0.0,,,,,,,,,,,,,,,,,,,,,,,,,,,,,,,,,,,,,,,,,,,,,,,,,,,,2023-05-01,,0.3714,,pre-market,,,,,,,,,,,,,,,,,,,,,,,,,
2023-06-30,HTO,,,,,,,,,,,,,,,,,,,,,,,,,,,,,,,,,,,,,,0.0,,,,,,,,,,,,,,,,,,,,,,,,,,,,,,,,,,,,,,,,,,,,,,,,,,,,2023-07-31,,0.5788,,pre-market,,,,,,,,,,,,,,,,,,,,,,,,,
2023-09-30,HTO,,,,,,,,,,,,,,,,,,,,,,,,,,,,,,,,,,,,,,0.0,,,,,,,,,,,,,,,,,,,,,,,,,,,,,,,,,,,,,,,,,,,,,,,,,,,,2023-10-30,,1.1343,,pre-market,,,,,,,,,,,,,,,,,,,,,,,,,
2023-12-31,HTO,,,,,,,,,,,,,,,,,,,,,,,,,,,,,,,,,,,,,,0.0,,,,,,,,,,,,,,,,,,,,,,,,,,,,,,,,,,,,,,,,,,,,,,,,,,,,2024-02-22,,0.5909,,pre-market,,,,,,,,,,,,,,,,,,,,,,,,,
2024-03-31,HTO,,,,,,,,,,,,,,,,,,,,,,,,,,,,,,,,,,,,,,0.0,,,,,,,,,,,,,,,,,,,,,,,,,,,,,,,,,,,,,,,,,,,,,,,,,,,,2024-04-26,,0.3639,,pre-market,,,,,,,,,,,,,,,,,,,,,,,,,
2024-06-30,HTO,,,,,,,,,,,,,,,,,,,,,,,,,,,,,,,,,,,,,,0.08,,,0.58,,,,,,,,,,,,,,,,,,,,,,,,,,,,,,,,,,,,,,,,,,,,,,,,,2024-07-25,,0.66,,pre-market,,,,,,,,,,,,,13.7931,,,,,,,,,,,,
2024-09-30,HTO,,,,,,,,,,,,,,,,,,,,,,,,,,,,,,,,,,,,,,0.0,,,1.17,,,,,,,,,,,,,,,,,,,,,,,,,,,,,,,,,,,,,,,,,,,,,,,,,2024-10-28,,1.17,,pre-market,,,,,,,,,,,,,0.0,,,,,,,,,,,,
2024-12-31,HTO,,,,,,,,,,,,,,,,,,,,,,,,,,,,,,,,,,,,,,0.1333,,,0.5467,,,,,,,,,,,,,,,,,,,,,,,,,,,,,,,,,,,,,,,,,,,,,,,,,2025-02-26,,0.68,,pre-market,,,,,,,,,,,,,24.3827,,,,,,,,,,,,
2025-03-31,HTO,,,,,,,,,,,,,,,,,,,,,,,,,,,,,,,,,,,,,,0.1768,,,0.3132,,,,,,,,,,,,,,,,,,,,,,,,,,,,,,,,,,,,,,,,,,,,,,,,,2025-04-29,,0.49,,pre-market,,,,,,,,,,,,,56.4496,,,,,,,,,,,,
2025-06-30,HTO,,,,,,,,,,,,,,,,,,,,,,,,,,,,,,,,,,,,,,0.0486,,,0.6614,,,,,,,,,,,,,,,,,,,,,,,,,,,,,,,,,,,,,,,,,,,,,,,,,2025-07-28,,0.71,,pre-market,,,,,,,,,,,,,7.348,,,,,,,,,,,,
2025-09-30,HTO,,,,,,,,,,,,,,,,,,,,,,,,,,,,,,,,,,,,,,0.1,,,1.17,,,,,,,,,,,,,,,,,,,,,,,,,,,,,,,,,,,,,,,,,,,,,,,,,2025-10-27,,1.27,,pre-market,,,,,,,,,,,,,8.547,,,,,,,,,,,,
2025-12-28,HTO,3.0,766656000.0,16.93,,0.525,40.88,,,,,,,,,,,,,,,,,,,,,,,,,,1.62,0.0322,,,,0.361,0.1,,,1.17,,16.86,,435348000.0,,,,,,,,,,,,,,,,,,,0.224,,,,,,,,,,,,,2.134,1.229,2.264,,,,,,,,0.129,,,2025-10-27,,1.27,,pre-market,,,0.0256,0.0749,0.122,23.14,,,,,53.11,52.24,8.547,,,,,,,,,16.93,,55.75,43.43
2025-12-28,HTO,3.0,766656000.0,16.93,,0.525,40.88,,,,,,,,,,,,,,,None,106336000,106336000,,,,,,None,28765000,,1.62,0.0322,,,,0.361,0.1,68821000,97586000,1.17,2025-09-30,16.86,,435348000.0,134214000,50923000,5791000,,,None,17898000,None,,None,,,,,45132000,None,None,None,0.224,,69587000,64627000,,,,,None,,,,,2.134,1.229,2.264,,,,,,,,0.129,,,2025-10-27,quarterly,1.27,None,pre-market,None,,0.0256,0.0749,0.122,23.14,31306000,,,,53.11,52.24,8.547,,,,,,,240550000,,16.93,,55.75,43.43
2025-12-28,HTO,3.0,766656000.0,16.93,,0.525,40.88,,,,,,,,,,,,,,,None,88339000,88339000,,,,,,None,29975000,,1.62,0.0322,,,,0.361,0.1,47467000,77442000,1.17,2025-06-30,16.86,,435348000.0,109916000,29345000,4670000,,,None,18122000,None,,None,,,,,24675000,24675000,-18122000,None,0.224,,66051000,43865000,,,,,None,,,,,2.134,1.229,2.264,,,,,,,,0.129,,,2025-10-27,quarterly,1.27,USD,pre-market,None,,0.0256,0.0749,0.122,23.14,28795000,,,,53.11,52.24,8.547,,,,,,,198255000,,16.93,,55.75,43.43
2025-12-28,HTO,3.0,766656000.0,16.93,,0.525,40.88,,,,,,,,,,,,,,,None,66466000,66466000,,,,,,None,29631000,,1.62,0.0322,,,,0.361,0.1,38294000,67925000,1.17,2025-03-31,16.86,,435348000.0,101133000,20022000,3471000,,,None,18272000,None,,None,,,,,16551000,16551000,-18272000,None,0.224,,65237000,35896000,,,,,None,,,,,2.134,1.229,2.264,,,,,,,,0.129,,,2025-10-27,quarterly,1.27,USD,pre-market,None,,0.0256,0.0749,0.122,23.14,27760000,,,,53.11,52.24,8.547,,,,,,,167599000,,16.93,,55.75,43.43
2025-12-28,HTO,3.0,766656000.0,16.93,,0.525,40.88,,,,,,,,,,,,,,,None,82273000,82273000,,,,,,None,29239000,,1.62,0.0322,,,,0.361,0.1,42003000,71242000,1.17,2024-12-31,16.86,,435348000.0,115547000,24007000,1087000,,,None,17996000,None,,None,,,,,22920000,22920000,-17996000,None,0.224,,71880000,43667000,,,,,None,,,,,2.134,1.229,2.264,,,,,,,,0.129,,,2025-10-27,quarterly,1.27,USD,pre-market,None,,0.0256,0.0749,0.122,23.14,33866000,,,,53.11,52.24,8.547,,,,,,,197820000,,16.93,,55.75,43.43
2025-12-28,HTO,3.0,766656000.0,16.93,,0.525,40.88,,,,,,,,,,,,,,,None,104218000,104218000,,,,,,None,27964000,,1.62,0.0322,,,,0.361,0.1,58096000,86060000,1.17,2024-09-30,16.86,,435348000.0,120845000,40580000,1928000,,,None,17516000,None,,None,,,,,38652000,38652000,-17516000,None,0.224,,62492000,58353000,,,,,None,,,,,2.134,1.229,2.264,,,,,,,,0.129,,,2025-10-27,quarterly,1.27,USD,pre-market,None,,0.0256,0.0749,0.122,23.14,25708000,,,,53.11,52.24,8.547,,,,,,,225063000,,16.93,,55.75,43.43
2025-12-28,HTO,3.0,766656000.0,16.93,,0.525,40.88,,,,,,,,,,,,,,,None,78351000,78351000,,,,,,None,28923000,,1.62,0.0322,,,,0.361,0.1,42714000,71637000,1.17,2024-06-30,16.86,,435348000.0,97823000,24420000,3724000,,,None,18294000,None,,None,,,,,20696000,20696000,-18294000,None,0.224,,57253000,40570000,,,,,None,,,,,2.134,1.229,2.264,,,,,,,,0.129,,,2025-10-27,quarterly,1.27,USD,pre-market,None,,0.0256,0.0749,0.122,23.14,20468000,,,,53.11,52.24,8.547,,,,,,,176174000,,16.93,,55.75,43.43
2025-12-28,HTO,3.0,766656000.0,16.93,,0.525,40.88,,,,,,,,,,,,,,,None,58481000,58481000,,,,,,None,28924000,,1.62,0.0322,,,,0.361,0.1,31514000,60438000,1.17,2024-03-31,16.86,,435348000.0,90901000,13930000,2231000,,,None,17584000,None,,None,,,,,11699000,11699000,-17584000,None,0.224,,62988000,27913000,,,,,None,,,,,2.134,1.229,2.264,,,,,,,,0.129,,,2025-10-27,quarterly,1.27,USD,pre-market,None,,0.0256,0.0749,0.122,23.14,25788000,,,,53.11,52.24,8.547,,,,,,,149382000,,16.93,,55.75,43.43
2025-12-28,HTO,3.0,766656000.0,16.93,,0.525,40.88,,,,,,,,,,,,,,,None,71569000,71569000,,,,,,None,27594000,,1.62,0.0322,,,,0.361,0.1,38009000,65603000,1.17,2023-12-31,16.86,,435348000.0,99769000,20778000,1829000,,,None,17231000,None,,None,,,,,18949000,None,None,None,0.224,,63276000,36493000,,,,,None,,,,,2.134,1.229,2.264,,,,,,,,0.129,,,2025-10-27,quarterly,1.27,None,pre-market,None,,0.0256,0.0749,0.122,23.14,26897000,,,,53.11,52.24,8.547,,,,,,,171338000,,16.93,,55.75,43.43
2025-12-28,HTO,3.0,766656000.0,16.93,,0.525,40.88,,,,,,,,,,,,,,,None,89099000,89099000,,,,,,None,27034000,,1.62,0.0322,,,,0.361,0.1,57527000,84561000,1.17,2023-09-30,16.86,,435348000.0,115744000,40783000,4561000,,,None,16744000,None,,None,,,,,36222000,None,None,None,0.224,,59138000,56606000,,,,,None,,,,,2.134,1.229,2.264,,,,,,,,0.129,,,2025-10-27,quarterly,1.27,None,pre-market,None,,0.0256,0.0749,0.122,23.14,23888000,,,,53.11,52.24,8.547,,,,,,,204843000,,16.93,,55.75,43.43
2025-12-28,HTO,3.0,766656000.0,16.93,,0.525,40.88,,,,,,,,,,,,,,,None,68184000,68184000,,,,,,None,26668000,,1.62,0.0322,,,,0.361,0.1,33171000,59839000,1.17,2023-06-30,16.86,,435348000.0,88702000,16774000,-1512000,,,None,16397000,None,,None,,,,,18286000,None,None,None,0.224,,57544000,31158000,,,,,None,,,,,2.134,1.229,2.264,,,,,,,,0.129,,,2025-10-27,quarterly,1.27,None,pre-market,None,,0.0256,0.0749,0.122,23.14,23527000,,,,53.11,52.24,8.547,,,,,,,156886000,,16.93,,55.75,43.43
2025-12-28,HTO,3.0,766656000.0,16.93,,0.525,40.88,,,,,,,,,,,,,,,None,53077000,53077000,,,,,,None,26842000,,1.62,0.0322,,,,0.361,0.1,28380000,55222000,1.17,2023-03-31,16.86,,435348000.0,84219000,12608000,1078000,,,None,15772000,None,,None,,,,,11530000,None,None,None,0.224,,59041000,25178000,,,,,None,,,,,2.134,1.229,2.264,,,,,,,,0.129,,,2025-10-27,quarterly,1.27,None,pre-market,None,,0.0256,0.0749,0.122,23.14,24344000,,,,53.11,52.24,8.547,,,,,,,137296000,,16.93,,55.75,43.43
2025-12-28,HTO,3.0,766656000.0,16.93,,0.525,40.88,,,,,,,,,,,,,,,None,63219000,63219000,,,,,,None,26577000,,1.62,0.0322,,,,0.361,0.1,54239000,80816000,1.17,2022-12-31,16.86,,435348000.0,108155000,38337000,4838000,,,None,15902000,None,,None,,,,,33499000,None,None,None,0.224,,57770000,50385000,,,,,None,,,,,2.134,1.229,2.264,,,,,,,,0.129,,,2025-10-27,quarterly,1.27,None,pre-market,None,,0.0256,0.0749,0.122,23.14,24030000,,,,53.11,52.24,8.547,,,,,,,171374000,,16.93,,55.75,43.43
2025-12-28,HTO,3.0,766656000.0,16.93,,0.525,40.88,,,,,,,,,,,,,,,None,80669000,80669000,,,,,,None,26032000,,1.62,0.0322,,,,0.361,0.1,39447000,65479000,1.17,2022-09-30,16.86,,435348000.0,95312000,25257000,223000,,,None,14190000,None,,None,,,,,25034000,None,None,None,0.224,,57710000,37602000,,,,,None,,,,,2.134,1.229,2.264,,,,,,,,0.129,,,2025-10-27,quarterly,1.27,None,pre-market,None,,0.0256,0.0749,0.122,23.14,23909000,,,,53.11,52.24,8.547,,,,,,,175981000,,16.93,,55.75,43.43
2025-12-28,HTO,3.0,766656000.0,16.93,,0.525,40.88,,,,,,,,,,,,,,,None,66593000,66593000,,,,,,None,25749000,,1.62,0.0322,,,,0.361,0.1,28167000,53916000,1.17,2022-06-30,16.86,,435348000.0,82448000,13926000,2368000,,,None,14241000,None,,None,,,,,11310000,None,None,None,0.224,,56046000,26402000,,,,,None,,,,,2.134,1.229,2.264,,,,,,,,0.129,,,2025-10-27,quarterly,1.27,None,pre-market,None,,0.0256,0.0749,0.122,23.14,23260000,,,,53.11,52.24,8.547,,,,,,,149041000,,16.93,,55.75,43.43
2025-12-28,HTO,3.0,766656000.0,16.93,,0.525,40.88,,,,,,,,,,,,,,,None,53043000,53043000,,,,,,None,28081000,,1.62,0.0322,,,,0.361,0.1,18533000,46614000,1.17,2022-03-31,16.86,,435348000.0,71259000,4804000,1067000,,,None,13729000,None,,None,,,,,3737000,None,None,None,0.224,,54670000,16589000,,,,,None,,,,,2.134,1.229,2.264,,,,,,,,0.129,,,2025-10-27,quarterly,1.27,None,pre-market,None,,0.0256,0.0749,0.122,23.14,24205000,,,,53.11,52.24,8.547,,,,,,,124302000,,16.93,,55.75,43.43
2025-12-28,HTO,3.0,766656000.0,16.93,,0.525,40.88,,,,,,,,,,,,,,,None,59165000,59165000,,,,,,None,24562000,,1.62,0.0322,,,,0.361,0.1,34913000,59475000,1.17,2021-12-31,16.86,,435348000.0,80572000,21229000,3210000,,,None,13684000,None,,None,,,,,17886000,None,None,None,0.224,,48905000,31667000,,,,,None,,,,,2.134,1.229,2.264,,,,,,,,0.129,,,2025-10-27,quarterly,1.27,None,pre-market,None,,0.0256,0.0749,0.122,23.14,22400000,,,,53.11,52.24,8.547,,,,,,,139737000,,16.93,,55.75,43.43
2025-12-28,HTO,3.0,766656000.0,16.93,,0.525,40.88,,,,,,,,,,,,,,,None,78474000,78474000,,,,,,None,23506000,,1.62,0.0322,,,,0.361,0.1,35352000,58858000,1.17,2021-09-30,16.86,,435348000.0,88449000,21817000,2749000,,,None,13535000,None,,None,,,,,19068000,None,None,None,0.224,,54675000,33774000,,,,,None,,,,,2.134,1.229,2.264,,,,,,,,0.129,,,2025-10-27,quarterly,1.27,None,pre-market,None,,0.0256,0.0749,0.122,23.14,22713000,,,,53.11,52.24,8.547,,,,,,,166923000,,16.93,,55.75,43.43
2025-12-28,HTO,3.0,766656000.0,16.93,,0.525,40.88,,,,,,,,,,,,,,,None,67615000,67615000,,,,,,None,24475000,,1.62,0.0322,,,,0.361,0.1,37762000,62237000,1.17,2021-06-30,16.86,,435348000.0,84626000,24081000,3306000,,,None,13681000,None,,None,,,,,20882000,None,None,None,0.224,,51987000,32639000,,,,,None,,,,,2.134,1.229,2.264,,,,,,,,0.129,,,2025-10-27,quarterly,1.27,None,pre-market,None,,0.0256,0.0749,0.122,23.14,21326000,,,,53.11,52.24,8.547,,,,,,,152241000,,16.93,,55.75,43.43
2025-12-28,HTO,3.0,766656000.0,16.93,,0.525,40.88,,,,,,,,,,,,,,,None,49860000,49860000,,,,,,None,23931000,,1.62,0.0322,,,,0.361,0.1,15159000,39090000,1.17,2021-03-31,16.86,,435348000.0,64925000,1720000,-896000,,,None,13439000,None,,None,,,,,2654000,None,None,None,0.224,,51846000,13079000,,,,,None,,,,,2.134,1.229,2.264,,,,,,,,0.129,,,2025-10-27,quarterly,1.27,None,pre-market,None,,0.0256,0.0749,0.122,23.14,20893000,,,,53.11,52.24,8.547,,,,,,,114785000,,16.93,,55.75,43.43
2025-12-28,HTO,3.0,766656000.0,16.93,,0.525,40.88,,,,,,,,,,,,,,,None,60335000,60335000,,,,,,None,22939000,,1.62,0.0322,,,,0.361,0.1,27055000,49994000,1.17,2020-12-31,16.86,,435348000.0,75365000,12438000,-846000,,,None,14617000,None,,None,,,,,13284000,None,None,None,0.224,,51075000,24290000,,,,,None,,,,,2.134,1.229,2.264,,,,,,,,0.129,,,2025-10-27,quarterly,1.27,None,pre-market,None,,0.0256,0.0749,0.122,23.14,20824000,,,,53.11,52.24,8.547,,,,,,,135700000,,16.93,,55.75,43.43
2025-12-28,HTO,3.0,766656000.0,16.93,,0.525,40.88,,,,,,,,,,,,,,,None,74237000,74237000,,,,,,None,23075000,,1.62,0.0322,,,,0.361,0.1,43845000,66920000,1.17,2020-09-30,16.86,,435348000.0,91626000,30671000,4578000,,,None,13174000,None,,None,,,,,26169000,None,None,None,0.224,,49743000,41883000,,,,,None,,,,,2.134,1.229,2.264,,,,,,,,0.129,,,2025-10-27,quarterly,1.27,None,pre-market,None,,0.0256,0.0749,0.122,23.14,19529000,,,,53.11,52.24,8.547,,,,,,,165863000,,16.93,,55.75,43.43
2025-12-28,HTO,3.0,766656000.0,16.93,,0.525,40.88,,,,,,,,,,,,,,,None,63512000,63512000,,,,,,None,23126000,,1.62,0.0322,,,,0.361,0.1,37111000,60237000,1.17,2020-06-30,16.86,,435348000.0,83697000,23931000,4210000,,,None,13180000,None,,None,,,,,19721000,None,None,None,0.224,,47627000,36070000,,,,,None,,,,,2.134,1.229,2.264,,,,,,,,0.129,,,2025-10-27,quarterly,1.27,None,pre-market,None,,0.0256,0.0749,0.122,23.14,17772000,,,,53.11,52.24,8.547,,,,,,,147209000,,16.93,,55.75,43.43
2025-12-28,HTO,3.0,766656000.0,16.93,,0.525,40.88,,,,,,,,,,,,,,,None,49866000,49866000,,,,,,None,22482000,,1.62,0.0322,,,,0.361,0.1,16139000,38621000,1.17,2020-03-31,16.86,,435348000.0,65888000,2855000,438000,,,None,13284000,None,,None,,,,,2417000,None,None,None,0.224,,50461000,15427000,,,,,None,,,,,2.134,1.229,2.264,,,,,,,,0.129,,,2025-10-27,quarterly,1.27,None,pre-market,None,,0.0256,0.0749,0.122,23.14,21262000,,,,53.11,52.24,8.547,,,,,,,115754000,,16.93,,55.75,43.43
2025-12-28,HTO,3.0,766656000.0,16.93,,0.525,40.88,,,,,,,,,,,,,,,None,57026000,57026000,,,,,,None,21126000,,1.62,0.0322,,,,0.361,0.1,6869000,27995000,1.17,2019-12-31,16.86,,435348000.0,68812000,-5834000,-348000,,,None,12703000,None,,None,,,,,-5486000,None,None,None,0.224,,62796000,6016000,,,,,None,,,,,2.134,1.229,2.264,,,,,,,,0.129,,,2025-10-27,quarterly,1.27,None,pre-market,None,,0.0256,0.0749,0.122,23.14,25890000,,,,53.11,52.24,8.547,,,,,,,125838000,,16.93,,55.75,43.43
2025-12-28,HTO,3.0,766656000.0,16.93,,0.525,40.88,,,,,,,,,,,,,,,None,61277000,61277000,,,,,,None,15787000,,1.62,0.0322,,,,0.361,0.1,18631000,34418000,1.17,2019-09-30,16.86,,435348000.0,52720000,12043000,2565000,,,None,6588000,None,,None,,,,,9478000,None,None,None,0.224,,35636000,17084000,,,,,None,,,,,2.134,1.229,2.264,,,,,,,,0.129,,,2025-10-27,quarterly,1.27,None,pre-market,None,,0.0256,0.0749,0.122,23.14,14712000,,,,53.11,52.24,8.547,,,,,,,113997000,,16.93,,55.75,43.43
2025-12-28,HTO,3.0,766656000.0,16.93,,0.525,40.88,,,,,,,,,,,,,,,None,46862000,46862000,,,,,,None,15773000,,1.62,0.0322,,,,0.361,0.1,24668000,40441000,1.17,2019-06-30,16.86,,435348000.0,56103000,17954000,4192000,,,None,6714000,None,,None,,,,,13538000,None,None,None,0.224,,34132000,21971000,,,,,None,,,,,2.134,1.229,2.264,,,,,,,,0.129,,,2025-10-27,quarterly,1.27,None,pre-market,None,,0.0256,0.0749,0.122,23.14,13408000,,,,53.11,52.24,8.547,,,,,,,102965000,,16.93,,55.75,43.43
2025-12-28,HTO,3.0,766656000.0,16.93,,0.525,40.88,,,,,,,,,,,,,,,None,31109000,31109000,,,,,,None,15803000,,1.62,0.0322,,,,0.361,0.1,13709000,29512000,1.17,2019-03-31,16.86,,435348000.0,46573000,7918000,2045000,,,None,5791000,None,,None,,,,,5873000,None,None,None,0.224,,34165000,12408000,,,,,None,,,,,2.134,1.229,2.264,,,,,,,,0.129,,,2025-10-27,quarterly,1.27,None,pre-market,None,,0.0256,0.0749,0.122,23.14,12291000,,,,53.11,52.24,8.547,,,,,,,77682000,,16.93,,55.75,43.43
2025-12-28,HTO,3.0,766656000.0,16.93,,0.525,40.88,,,,,,,,,,,,,,,None,47642000,47642000,,,,,,None,14258000,,1.62,0.0322,,,,0.361,0.1,17416000,31674000,1.17,2018-12-31,16.86,,435348000.0,51076000,11297000,2474000,,,None,6119000,None,,None,,,,,8823000,None,None,None,0.224,,33594000,17482000,,,,,None,,,,,2.134,1.229,2.264,,,,,,,,0.129,,,2025-10-27,quarterly,1.27,None,pre-market,None,,0.0256,0.0749,0.122,23.14,12655000,,,,53.11,52.24,8.547,,,,,,,98718000,,16.93,,55.75,43.43
2025-12-28,HTO,3.0,766656000.0,16.93,,0.525,40.88,,,,,,,,,,,,,,,None,60133000,60133000,,,,,,None,14260000,,1.62,0.0322,,,,0.361,0.1,25968000,40228000,1.17,2018-09-30,16.86,,435348000.0,64720000,19891000,4103000,,,None,6077000,None,,None,,,,,15788000,None,None,None,0.224,,38892000,25828000,,,,,None,,,,,2.134,1.229,2.264,,,,,,,,0.129,,,2025-10-27,quarterly,1.27,None,pre-market,None,,0.0256,0.0749,0.122,23.14,12752000,,,,53.11,52.24,8.547,,,,,,,124853000,,16.93,,55.75,43.43
2025-12-28,HTO,3.0,766656000.0,16.93,,0.525,40.88,,,,,,,,,,,,,,,None,44477000,44477000,,,,,,None,14229000,,1.62,0.0322,,,,0.361,0.1,23023000,37252000,1.17,2018-06-30,16.86,,435348000.0,54609000,16939000,4068000,,,None,6084000,None,,None,,,,,12871000,None,None,None,0.224,,31810000,22799000,,,,,None,,,,,2.134,1.229,2.264,,,,,,,,0.129,,,2025-10-27,quarterly,1.27,None,pre-market,None,,0.0256,0.0749,0.122,23.14,11958000,,,,53.11,52.24,8.547,,,,,,,99086000,,16.93,,55.75,43.43
2025-12-28,HTO,3.0,766656000.0,16.93,,0.525,40.88,,,,,,,,,,,,,,,None,34888000,34888000,,,,,,None,14160000,,1.62,0.0322,,,,0.361,0.1,6757000,20917000,1.17,2018-03-31,16.86,,435348000.0,40154000,705000,-580000,,,None,6052000,None,,None,,,,,1285000,None,None,None,0.224,,32823000,7331000,,,,,None,,,,,2.134,1.229,2.264,,,,,,,,0.129,,,2025-10-27,quarterly,1.27,None,pre-market,None,,0.0256,0.0749,0.122,23.14,11568000,,,,53.11,52.24,8.547,,,,,,,75042000,,16.93,,55.75,43.43
2025-12-28,HTO,3.0,766656000.0,16.93,,0.525,40.88,,,,,,,,,,,,,,,None,44341000,44341000,,,,,,None,12624000,,1.62,0.0322,,,,0.361,0.1,31218000,43842000,1.17,2017-12-31,16.86,,435348000.0,49188000,25643000,8338000,,,None,5575000,None,,None,,,,,17305000,None,None,None,0.224,,30974000,18214000,,,,,None,,,,,2.134,1.229,2.264,,,,,,,,0.129,,,2025-10-27,quarterly,1.27,None,pre-market,None,,0.0256,0.0749,0.122,23.14,15517000,,,,53.11,52.24,8.547,,,,,,,93529000,,16.93,,55.75,43.43
2025-12-28,HTO,3.0,766656000.0,16.93,,0.525,40.88,,,,,,,,,,,,,,,None,57912000,57912000,,,,,,None,12619000,,1.62,0.0322,,,,0.361,0.1,38604000,51223000,1.17,2017-09-30,16.86,,435348000.0,66666000,33063000,13523000,,,None,5541000,None,,None,,,,,19540000,None,None,None,0.224,,27468000,39198000,,,,,None,,,,,2.134,1.229,2.264,,,,,,,,0.129,,,2025-10-27,quarterly,1.27,None,pre-market,None,,0.0256,0.0749,0.122,23.14,11949000,,,,53.11,52.24,8.547,,,,,,,124578000,,16.93,,55.75,43.43
2025-12-28,HTO,3.0,766656000.0,16.93,,0.525,40.88,,,,,,,,,,,,,,,None,43295000,43295000,,,,,,None,12612000,,1.62,0.0322,,,,0.361,0.1,38304000,50916000,1.17,2017-06-30,16.86,,435348000.0,58778000,32548000,11964000,,,None,5756000,None,,None,,,,,18688000,None,None,None,0.224,,26959000,31819000,,,,,None,,,,,2.134,1.229,2.264,,,,,,,,0.129,,,2025-10-27,quarterly,1.27,None,pre-market,None,,0.0256,0.0749,0.122,23.14,11815000,,,,53.11,52.24,8.547,,,,,,,102073000,,16.93,,55.75,43.43
2025-12-28,HTO,3.0,766656000.0,16.93,,0.525,40.88,,,,,,,,,,,,,,,None,30378000,30378000,,,,,,None,12646000,,1.62,0.0322,,,,0.361,0.1,11296000,23942000,1.17,2017-03-31,16.86,,435348000.0,38667000,5239000,1568000,,,None,6057000,None,,None,,,,,3671000,None,None,None,0.224,,26963000,11704000,,,,,None,,,,,2.134,1.229,2.264,,,,,,,,0.129,,,2025-10-27,quarterly,1.27,None,pre-market,None,,0.0256,0.0749,0.122,23.14,11149000,,,,53.11,52.24,8.547,,,,,,,69045000,,16.93,,55.75,43.43
2025-12-28,HTO,3.0,766656000.0,16.93,,0.525,40.88,,,,,,,,,,,,,,,None,36425000,36425000,,,,,,None,11555000,,1.62,0.0322,,,,0.361,0.1,27232000,38787000,1.17,2016-12-31,16.86,,435348000.0,42881000,21724000,7997000,,,None,5508000,None,,None,,,,,13727000,None,None,None,0.224,,26492000,16389000,,,,,None,,,,,2.134,1.229,2.264,,,,,,,,0.129,,,2025-10-27,quarterly,1.27,None,pre-market,None,,0.0256,0.0749,0.122,23.14,12348000,,,,53.11,52.24,8.547,,,,,,,79306000,,16.93,,55.75,43.43
2025-12-28,HTO,3.0,766656000.0,16.93,,0.525,40.88,,,,,,,,,,,,,,,None,49217000,49217000,,,,,,None,11536000,,1.62,0.0322,,,,0.361,0.1,36897000,48433000,1.17,2016-09-30,16.86,,435348000.0,63127000,31471000,12512000,,,None,5426000,None,,None,,,,,18959000,None,None,None,0.224,,26781000,36346000,,,,,None,,,,,2.134,1.229,2.264,,,,,,,,0.129,,,2025-10-27,quarterly,1.27,None,pre-market,None,,0.0256,0.0749,0.122,23.14,12449000,,,,53.11,52.24,8.547,,,,,,,112344000,,16.93,,55.75,43.43
2025-12-28,HTO,3.0,766656000.0,16.93,,0.525,40.88,,,,,,,,,,,,,,,None,31737000,31737000,,,,,,None,11607000,,1.62,0.0322,,,,0.361,0.1,33155000,44762000,1.17,2016-06-30,16.86,,435348000.0,55207000,27686000,10911000,,,None,5469000,None,,None,,,,,16775000,None,None,None,0.224,,25407000,29800000,,,,,None,,,,,2.134,1.229,2.264,,,,,,,,0.129,,,2025-10-27,quarterly,1.27,None,pre-market,None,,0.0256,0.0749,0.122,23.14,11536000,,,,53.11,52.24,8.547,,,,,,,86944000,,16.93,,55.75,43.43
2025-12-28,HTO,3.0,766656000.0,16.93,,0.525,40.88,,,,,,,,,,,,,,,None,24425000,24425000,,,,,,None,11597000,,1.62,0.0322,,,,0.361,0.1,10935000,22532000,1.17,2016-03-31,16.86,,435348000.0,36687000,5500000,2122000,,,None,5435000,None,,None,,,,,3378000,None,None,None,0.224,,26106000,10581000,,,,,None,,,,,2.134,1.229,2.264,,,,,,,,0.129,,,2025-10-27,quarterly,1.27,None,pre-market,None,,0.0256,0.0749,0.122,23.14,11705000,,,,53.11,52.24,8.547,,,,,,,61112000,,16.93,,55.75,43.43
2025-12-28,HTO,3.0,766656000.0,16.93,,0.525,40.88,,,,,,,,,,,,,,,None,30678000,30678000,,,,,,None,10590000,,1.62,0.0322,,,,0.361,0.1,32128000,42718000,1.17,2015-12-31,16.86,,435348000.0,56935000,26728000,10536000,,,None,5400000,None,,None,,,,,16192000,None,None,None,0.224,,25250000,31685000,,,,,None,,,,,2.134,1.229,2.264,,,,,,,,0.129,,,2025-10-27,quarterly,1.27,None,pre-market,None,,0.0256,0.0749,0.122,23.14,12270000,,,,53.11,52.24,8.547,,,,,,,87613000,,16.93,,55.75,43.43
2025-12-28,HTO,3.0,766656000.0,16.93,,0.525,40.88,,,,,,,,,,,,,,,None,39513000,39513000,,,,,,None,10588000,,1.62,0.0322,,,,0.361,0.1,20587000,31175000,1.17,2015-09-30,16.86,,435348000.0,43442000,15071000,5537000,,,None,5516000,None,,None,,,,,9534000,None,None,None,0.224,,25182000,18260000,,,,,None,,,,,2.134,1.229,2.264,,,,,,,,0.129,,,2025-10-27,quarterly,1.27,None,pre-market,None,,0.0256,0.0749,0.122,23.14,12101000,,,,53.11,52.24,8.547,,,,,,,82955000,,16.93,,55.75,43.43
2025-12-28,HTO,3.0,766656000.0,16.93,,0.525,40.88,,,,,,,,,,,,,,,None,30636000,30636000,,,,,,None,10594000,,1.62,0.0322,,,,0.361,0.1,17484000,28078000,1.17,2015-06-30,16.86,,435348000.0,41766000,11866000,4405000,,,None,5618000,None,,None,,,,,7461000,None,None,None,0.224,,24556000,17210000,,,,,None,,,,,2.134,1.229,2.264,,,,,,,,0.129,,,2025-10-27,quarterly,1.27,None,pre-market,None,,0.0256,0.0749,0.122,23.14,11464000,,,,53.11,52.24,8.547,,,,,,,72402000,,16.93,,55.75,43.43
2025-12-28,HTO,3.0,766656000.0,16.93,,0.525,40.88,,,,,,,,,,,,,,,None,24757000,24757000,,,,,,None,10558000,,1.62,0.0322,,,,0.361,0.1,13141000,23699000,1.17,2015-03-31,16.86,,435348000.0,37355000,7489000,2794000,,,None,5652000,None,,None,,,,,4695000,None,None,None,0.224,,24550000,12805000,,,,,None,,,,,2.134,1.229,2.264,,,,,,,,0.129,,,2025-10-27,quarterly,1.27,None,pre-market,None,,0.0256,0.0749,0.122,23.14,11296000,,,,53.11,52.24,8.547,,,,,,,62112000,,16.93,,55.75,43.43
2025-12-28,HTO,3.0,766656000.0,16.93,,0.525,40.88,,,,,,,,,,,,,,,None,30365000,30365000,,,,,,None,9856000,,1.62,0.0322,,,,0.361,0.1,16842000,26698000,1.17,2014-12-31,16.86,,435348000.0,38921000,11275000,5587000,,,None,5567000,None,,None,,,,,5688000,None,None,None,0.224,,23332000,15589000,,,,,None,,,,,2.134,1.229,2.264,,,,,,,,0.129,,,2025-10-27,quarterly,1.27,None,pre-market,None,,0.0256,0.0749,0.122,23.14,11039000,,,,53.11,52.24,8.547,,,,,,,69286000,,16.93,,55.75,43.43
2025-12-28,HTO,3.0,766656000.0,16.93,,0.525,40.88,,,,,,,,,,,,,,,None,43403000,43403000,,,,,,None,9863000,,1.62,0.0322,,,,0.361,0.1,59494000,69357000,1.17,2014-09-30,16.86,,435348000.0,82027000,54097000,15731000,,,None,5397000,None,,None,,,,,38366000,None,None,None,0.224,,22913000,59114000,,,,,None,,,,,2.134,1.229,2.264,,,,,,,,0.129,,,2025-10-27,quarterly,1.27,None,pre-market,None,,0.0256,0.0749,0.122,23.14,10574000,,,,53.11,52.24,8.547,,,,,,,125430000,,16.93,,55.75,43.43
2025-12-28,HTO,3.0,766656000.0,16.93,,0.525,40.88,,,,,,,,,,,,,,,None,36655000,36655000,,,,,,None,9891000,,1.62,0.0322,,,,0.361,0.1,14892000,24783000,1.17,2014-06-30,16.86,,435348000.0,33701000,9938000,3092000,,,None,4954000,None,,None,,,,,6846000,None,None,None,0.224,,21580000,12121000,,,,,None,,,,,2.134,1.229,2.264,,,,,,,,0.129,,,2025-10-27,quarterly,1.27,None,pre-market,None,,0.0256,0.0749,0.122,23.14,9510000,,,,53.11,52.24,8.547,,,,,,,70356000,,16.93,,55.75,43.43
2025-12-28,HTO,3.0,766656000.0,16.93,,0.525,40.88,,,,,,,,,,,,,,,None,26803000,26803000,,,,,,None,9881000,,1.62,0.0322,,,,0.361,0.1,6337000,16218000,1.17,2014-03-31,16.86,,435348000.0,27793000,1467000,561000,,,None,4870000,None,,None,,,,,906000,None,None,None,0.224,,21739000,6054000,,,,,None,,,,,2.134,1.229,2.264,,,,,,,,0.129,,,2025-10-27,quarterly,1.27,None,pre-market,None,,0.0256,0.0749,0.122,23.14,9450000,,,,53.11,52.24,8.547,,,,,,,54596000,,16.93,,55.75,43.43
2025-12-28,HTO,3.0,766656000.0,16.93,,0.525,40.88,,,,,,,,,,,,,,,None,33241000,33241000,,,,,,None,9085000,,1.62,0.0322,,,,0.361,0.1,11823000,20908000,1.17,2013-12-31,16.86,,435348000.0,34021000,6888000,2211000,,,None,4935000,None,,None,,,,,4677000,None,None,None,0.224,,22670000,11351000,,,,,None,,,,,2.134,1.229,2.264,,,,,,,,0.129,,,2025-10-27,quarterly,1.27,None,pre-market,None,,0.0256,0.0749,0.122,23.14,11429000,,,,53.11,52.24,8.547,,,,,,,67262000,,16.93,,55.75,43.43
2025-12-28,HTO,3.0,766656000.0,16.93,,0.525,40.88,,,,,,,,,,,,,,,None,43713000,43713000,,,,,,None,9172000,,1.62,0.0322,,,,0.361,0.1,19762000,28934000,1.17,2013-09-30,16.86,,435348000.0,41525000,14753000,5803000,,,None,5009000,None,,None,,,,,8950000,None,None,None,0.224,,22179000,19346000,,,,,None,,,,,2.134,1.229,2.264,,,,,,,,0.129,,,2025-10-27,quarterly,1.27,None,pre-market,None,,0.0256,0.0749,0.122,23.14,10706000,,,,53.11,52.24,8.547,,,,,,,85238000,,16.93,,55.75,43.43
2025-12-28,HTO,3.0,766656000.0,16.93,,0.525,40.88,,,,,,,,,,,,,,,None,35931000,35931000,,,,,,None,9138000,,1.62,0.0322,,,,0.361,0.1,17587000,26725000,1.17,2013-06-30,16.86,,435348000.0,38299000,12631000,5191000,,,None,4956000,None,,None,,,,,7440000,None,None,None,0.224,,21362000,16937000,,,,,None,,,,,2.134,1.229,2.264,,,,,,,,0.129,,,2025-10-27,quarterly,1.27,None,pre-market,None,,0.0256,0.0749,0.122,23.14,10085000,,,,53.11,52.24,8.547,,,,,,,74230000,,16.93,,55.75,43.43
2025-12-28,HTO,3.0,766656000.0,16.93,,0.525,40.88,,,,,,,,,,,,,,,None,21507000,21507000,,,,,,None,9200000,,1.62,0.0322,,,,0.361,0.1,7269000,16469000,1.17,2013-03-31,16.86,,435348000.0,28632000,2247000,930000,,,None,5022000,None,,None,,,,,1317000,None,None,None,0.224,,22859000,5773000,,,,,None,,,,,2.134,1.229,2.264,,,,,,,,0.129,,,2025-10-27,quarterly,1.27,None,pre-market,None,,0.0256,0.0749,0.122,23.14,11494000,,,,53.11,52.24,8.547,,,,,,,50139000,,16.93,,55.75,43.43
2025-12-28,HTO,3.0,766656000.0,16.93,,0.525,40.88,,,,,,,,,,,,,,,None,36499000,36499000,,,,,,None,8594000,,1.62,0.0322,,,,0.361,0.1,15241000,23835000,1.17,2012-12-31,16.86,,435348000.0,25950000,10244000,4320000,,,None,4997000,None,,None,,,,,5924000,None,None,None,0.224,,11840000,14110000,,,,,None,,,,,2.134,1.229,2.264,,,,,,,,0.129,,,2025-10-27,quarterly,1.27,None,pre-market,None,,0.0256,0.0749,0.122,23.14,None,,,,53.11,52.24,8.547,,,,,,,62449000,,16.93,,55.75,43.43
2025-12-28,HTO,3.0,766656000.0,16.93,,0.525,40.88,,,,,,,,,,,,,,,None,40039000,40039000,,,,,,None,8667000,,1.62,0.0322,,,,0.361,0.1,22013000,30680000,1.17,2012-09-30,16.86,,435348000.0,42335000,16950000,6866000,,,None,5063000,None,,None,,,,,10084000,None,None,None,0.224,,21458000,20877000,,,,,None,,,,,2.134,1.229,2.264,,,,,,,,0.129,,,2025-10-27,quarterly,1.27,None,pre-market,None,,0.0256,0.0749,0.122,23.14,10773000,,,,53.11,52.24,8.547,,,,,,,82374000,,16.93,,55.75,43.43
2025-12-28,HTO,3.0,766656000.0,16.93,,0.525,40.88,,,,,,,,,,,,,,,None,30499000,30499000,,,,,,None,8677000,,1.62,0.0322,,,,0.361,0.1,13808000,22485000,1.17,2012-06-30,16.86,,435348000.0,35076000,8758000,3557000,,,None,5050000,None,,None,,,,,5201000,None,None,None,0.224,,21491000,13585000,,,,,None,,,,,2.134,1.229,2.264,,,,,,,,0.129,,,2025-10-27,quarterly,1.27,None,pre-market,None,,0.0256,0.0749,0.122,23.14,10746000,,,,53.11,52.24,8.547,,,,,,,65575000,,16.93,,55.75,43.43
2025-12-28,HTO,3.0,766656000.0,16.93,,0.525,40.88,,,,,,,,,,,,,,,None,23133000,23133000,,,,,,None,8691000,,1.62,0.0322,,,,0.361,0.1,6983000,15674000,1.17,2012-03-31,16.86,,435348000.0,28016000,1908000,799000,,,None,5075000,None,,None,,,,,1109000,None,None,None,0.224,,21291000,6725000,,,,,None,,,,,2.134,1.229,2.264,,,,,,,,0.129,,,2025-10-27,quarterly,1.27,None,pre-market,None,,0.0256,0.0749,0.122,23.14,10548000,,,,53.11,52.24,8.547,,,,,,,51149000,,16.93,,55.75,43.43
2025-12-28,HTO,3.0,766656000.0,16.93,,0.525,40.88,,,,,,,,,,,,,,,None,22334000,22334000,,,,,,None,9320000,,1.62,0.0322,,,,0.361,0.1,16700000,26020000,1.17,2011-12-31,16.86,,435348000.0,40004000,11558000,4956000,,,None,5142000,None,,None,,,,,6602000,None,None,None,0.224,,23484000,16520000,,,,,None,,,,,2.134,1.229,2.264,,,,,,,,0.129,,,2025-10-27,quarterly,1.27,None,pre-market,None,,0.0256,0.0749,0.122,23.14,None,,,,53.11,52.24,8.547,,,,,,,62338000,,16.93,,55.75,43.43
2025-12-28,HTO,3.0,766656000.0,16.93,,0.525,40.88,,,,,,,,,,,,,,,None,32015000,32015000,,,,,,None,8180000,,1.62,0.0322,,,,0.361,0.1,18695000,26875000,1.17,2011-09-30,16.86,,435348000.0,41899000,13575000,5360000,,,None,5120000,None,,None,,,,,8215000,None,None,None,0.224,,23413000,18486000,,,,,None,,,,,2.134,1.229,2.264,,,,,,,,0.129,,,2025-10-27,quarterly,1.27,None,pre-market,None,,0.0256,0.0749,0.122,23.14,9882000,,,,53.11,52.24,8.547,,,,,,,73914000,,16.93,,55.75,43.43
2025-12-28,HTO,3.0,766656000.0,16.93,,0.525,40.88,,,,,,,,,,,,,,,None,22174000,22174000,,,,,,None,8165000,,1.62,0.0322,,,,0.361,0.1,13950000,22115000,1.17,2011-06-30,16.86,,435348000.0,36833000,9268000,3817000,,,None,4682000,None,,None,,,,,5451000,None,None,None,0.224,,23049000,13784000,,,,,None,,,,,2.134,1.229,2.264,,,,,,,,0.129,,,2025-10-27,quarterly,1.27,None,pre-market,None,,0.0256,0.0749,0.122,23.14,9658000,,,,53.11,52.24,8.547,,,,,,,59007000,,16.93,,55.75,43.43
2025-12-28,HTO,3.0,766656000.0,16.93,,0.525,40.88,,,,,,,,,,,,,,,None,15530000,15530000,,,,,,None,8176000,,1.62,0.0322,,,,0.361,0.1,5774000,13950000,1.17,2011-03-31,16.86,,435348000.0,28166000,1043000,433000,,,None,4731000,None,,None,,,,,610000,None,None,None,0.224,,22565000,5601000,,,,,None,,,,,2.134,1.229,2.264,,,,,,,,0.129,,,2025-10-27,quarterly,1.27,None,pre-market,None,,0.0256,0.0749,0.122,23.14,9636000,,,,53.11,52.24,8.547,,,,,,,43696000,,16.93,,55.75,43.43
2025-12-28,HTO,3.0,766656000.0,16.93,,0.525,40.88,,,,,,,,,,,,,,,None,18053000,18053000,,,,,,None,7068000,,1.62,0.0322,,,,0.361,0.1,7389000,14457000,1.17,2010-12-31,16.86,,435348000.0,32699000,None,None,,,None,4704000,None,,None,,,,,8118000,None,None,None,0.224,,28907000,3792000,,,,,None,,,,,2.134,1.229,2.264,,,,,,,,0.129,,,2025-10-27,quarterly,1.27,None,pre-market,None,,0.0256,0.0749,0.122,23.14,8225000,,,,53.11,52.24,8.547,,,,,,,50752000,,16.93,,55.75,43.43
2025-12-28,HTO,3.0,766656000.0,16.93,,0.525,40.88,,,,,,,,,,,,,,,None,30158000,30158000,,,,,,None,7082000,,1.62,0.0322,,,,0.361,0.1,22772000,29854000,1.17,2010-09-30,16.86,,435348000.0,40189000,18120000,7333000,,,None,4652000,None,,None,,,,,10787000,None,None,None,0.224,,22267000,17922000,,,,,None,,,,,2.134,1.229,2.264,,,,,,,,0.129,,,2025-10-27,quarterly,1.27,None,pre-market,None,,0.0256,0.0749,0.122,23.14,8168000,,,,53.11,52.24,8.547,,,,,,,70347000,,16.93,,55.75,43.43
2025-12-28,HTO,3.0,766656000.0,16.93,,0.525,40.88,,,,,,,,,,,,,,,None,21725000,21725000,,,,,,None,7070000,,1.62,0.0322,,,,0.361,0.1,11822000,18892000,1.17,2010-06-30,16.86,,435348000.0,32403000,7617000,3101000,,,None,4205000,None,,None,,,,,4516000,None,None,None,0.224,,21058000,11345000,,,,,None,,,,,2.134,1.229,2.264,,,,,,,,0.129,,,2025-10-27,quarterly,1.27,None,pre-market,None,,0.0256,0.0749,0.122,23.14,6683000,,,,53.11,52.24,8.547,,,,,,,54128000,,16.93,,55.75,43.43
2025-12-28,HTO,3.0,766656000.0,16.93,,0.525,40.88,,,,,,,,,,,,,,,None,14496000,14496000,,,,,,None,7111000,,1.62,0.0322,,,,0.361,0.1,5789000,12900000,1.17,2010-03-31,16.86,,435348000.0,25915000,1667000,682000,,,None,4122000,None,,None,,,,,985000,None,None,None,0.224,,20578000,5337000,,,,,None,,,,,2.134,1.229,2.264,,,,,,,,0.129,,,2025-10-27,quarterly,1.27,None,pre-market,None,,0.0256,0.0749,0.122,23.14,7058000,,,,53.11,52.24,8.547,,,,,,,40411000,,16.93,,55.75,43.43
2025-12-28,HTO,3.0,766656000.0,16.93,,0.525,40.88,,,,,,,,,,,,,,,None,17452000,17452000,,,,,,None,6451000,,1.62,0.0322,,,,0.361,0.1,7986000,14437000,1.17,2009-12-31,16.86,,435348000.0,31104000,None,None,,,None,4080000,None,,None,,,,,2620000,None,None,None,0.224,,24859000,6245000,,,,,None,,,,,2.134,1.229,2.264,,,,,,,,0.129,,,2025-10-27,quarterly,1.27,None,pre-market,None,,0.0256,0.0749,0.122,23.14,6824000,,,,53.11,52.24,8.547,,,,,,,48556000,,16.93,,55.75,43.43
2025-12-28,HTO,3.0,766656000.0,16.93,,0.525,40.88,,,,,,,,,,,,,,,None,28583000,28583000,,,,,,None,6403000,,1.62,0.0322,,,,0.361,0.1,11669000,18072000,1.17,2009-09-30,16.86,,435348000.0,40743000,None,None,,,None,4114000,None,,None,,,,,8017000,None,None,None,0.224,,29074000,11669000,,,,,None,,,,,2.134,1.229,2.264,,,,,,,,0.129,,,2025-10-27,quarterly,1.27,None,pre-market,None,,0.0256,0.0749,0.122,23.14,6807000,,,,53.11,52.24,8.547,,,,,,,69326000,,16.93,,55.75,43.43
2025-12-28,HTO,3.0,766656000.0,16.93,,0.525,40.88,,,,,,,,,,,,,,,None,23898000,23898000,,,,,,None,6238000,,1.62,0.0322,,,,0.361,0.1,8031000,14269000,1.17,2009-06-30,16.86,,435348000.0,34296000,None,None,,,None,3988000,None,,None,,,,,4418000,None,None,None,0.224,,26265000,8031000,,,,,None,,,,,2.134,1.229,2.264,,,,,,,,0.129,,,2025-10-27,quarterly,1.27,None,pre-market,None,,0.0256,0.0749,0.122,23.14,6897000,,,,53.11,52.24,8.547,,,,,,,58194000,,16.93,,55.75,43.43
2025-12-28,HTO,3.0,766656000.0,16.93,,0.525,40.88,,,,,,,,,,,,,,,None,13601000,13601000,,,,,,None,6551000,,1.62,0.0322,,,,0.361,0.1,3455000,10006000,1.17,2009-03-31,16.86,,435348000.0,26420000,None,None,,,None,3788000,None,,None,,,,,116000,None,None,None,0.224,,22965000,3455000,,,,,None,,,,,2.134,1.229,2.264,,,,,,,,0.129,,,2025-10-27,quarterly,1.27,None,pre-market,None,,0.0256,0.0749,0.122,23.14,7130000,,,,53.11,52.24,8.547,,,,,,,40021000,,16.93,,55.75,43.43
2025-12-28,HTO,3.0,766656000.0,16.93,,0.525,40.88,,,,,,,,,,,,,,,None,12633000,12633000,,,,,,None,6008000,,1.62,0.0322,,,,0.361,0.1,7714000,13722000,1.17,2008-12-31,16.86,,435348000.0,36896000,5795000,1587000,,,None,None,None,,None,,,,,4208000,None,None,None,0.224,,29182000,7714000,,,,,None,,,,,2.134,1.229,2.264,,,,,,,,0.129,,,2025-10-27,quarterly,1.27,None,pre-market,None,,0.0256,0.0749,0.122,23.14,None,,,,53.11,52.24,8.547,,,,,,,49529000,,16.93,,55.75,43.43
2025-12-28,HTO,3.0,766656000.0,16.93,,0.525,40.88,,,,,,,,,,,,,,,None,30814000,30814000,,,,,,None,5988000,,1.62,0.0322,,,,0.361,0.1,11465000,17453000,1.17,2008-09-30,16.86,,435348000.0,38693000,13773000,5516000,,,None,3749000,None,,None,,,,,8257000,None,None,None,0.224,,27228000,11465000,,,,,None,,,,,2.134,1.229,2.264,,,,,,,,0.129,,,2025-10-27,quarterly,1.27,None,pre-market,None,,0.0256,0.0749,0.122,23.14,None,,,,53.11,52.24,8.547,,,,,,,69507000,,16.93,,55.75,43.43
2025-12-28,HTO,3.0,766656000.0,16.93,,0.525,40.88,,,,,,,,,,,,,,,None,25603000,25603000,,,,,,None,5984000,,1.62,0.0322,,,,0.361,0.1,9532000,15516000,1.17,2008-06-30,16.86,,435348000.0,34455000,10587000,4309000,,,None,3683000,None,,None,,,,,6278000,None,None,None,0.224,,24923000,9532000,,,,,None,,,,,2.134,1.229,2.264,,,,,,,,0.129,,,2025-10-27,quarterly,1.27,None,pre-market,None,,0.0256,0.0749,0.122,23.14,None,,,,53.11,52.24,8.547,,,,,,,60058000,,16.93,,55.75,43.43
2025-12-28,HTO,3.0,766656000.0,16.93,,0.525,40.88,,,,,,,,,,,,,,,None,13478000,13478000,,,,,,None,6063000,,1.62,0.0322,,,,0.361,0.1,5770000,11833000,1.17,2008-03-31,16.86,,435348000.0,27775000,4504000,1786000,,,None,3627000,None,,None,,,,,2718000,None,None,None,0.224,,22005000,5770000,,,,,None,,,,,2.134,1.229,2.264,,,,,,,,0.129,,,2025-10-27,quarterly,1.27,None,pre-market,None,,0.0256,0.0749,0.122,23.14,None,,,,53.11,52.24,8.547,,,,,,,41253000,,16.93,,55.75,43.43
2025-12-28,HTO,3.0,766656000.0,16.93,,0.525,40.88,,,,,,,,,,,,,,,None,11014000,11014000,,,,,,None,5879000,,1.62,0.0322,,,,0.361,0.1,8683000,14562000,1.17,2007-12-31,16.86,,435348000.0,36588000,5914000,2130000,,,None,None,None,,None,,,,,3784000,None,None,None,0.224,,27905000,8683000,,,,,None,,,,,2.134,1.229,2.264,,,,,,,,0.129,,,2025-10-27,quarterly,1.27,None,pre-market,None,,0.0256,0.0749,0.122,23.14,None,,,,53.11,52.24,8.547,,,,,,,47602000,,16.93,,55.75,43.43
2025-12-28,HTO,3.0,766656000.0,16.93,,0.525,40.88,,,,,,,,,,,,,,,None,19325000,19325000,,,,,,None,5690000,,1.62,0.0322,,,,0.361,0.1,15909000,21599000,1.17,2007-09-30,16.86,,435348000.0,45522000,13189000,5178000,,,None,None,None,,None,,,,,8011000,None,None,None,0.224,,29613000,15909000,,,,,None,,,,,2.134,1.229,2.264,,,,,,,,0.129,,,2025-10-27,quarterly,1.27,None,pre-market,None,,0.0256,0.0749,0.122,23.14,None,,,,53.11,52.24,8.547,,,,,,,64847000,,16.93,,55.75,43.43
2025-12-28,HTO,3.0,766656000.0,16.93,,0.525,40.88,,,,,,,,,,,,,,,None,15551000,15551000,,,,,,None,5672000,,1.62,0.0322,,,,0.361,0.1,11895000,17567000,1.17,2007-06-30,16.86,,435348000.0,39584000,9241000,3835000,,,None,None,None,,None,,,,,5406000,None,None,None,0.224,,27689000,11895000,,,,,None,,,,,2.134,1.229,2.264,,,,,,,,0.129,,,2025-10-27,quarterly,1.27,None,pre-market,None,,0.0256,0.0749,0.122,23.14,None,,,,53.11,52.24,8.547,,,,,,,55135000,,16.93,,55.75,43.43
2025-12-28,HTO,3.0,766656000.0,16.93,,0.525,40.88,,,,,,,,,,,,,,,None,10238000,10238000,,,,,,None,5613000,,1.62,0.0322,,,,0.361,0.1,5815000,11428000,1.17,2007-03-31,16.86,,435348000.0,28779000,3528000,1406000,,,None,None,None,,None,,,,,2122000,None,None,None,0.224,,22964000,5815000,,,,,None,,,,,2.134,1.229,2.264,,,,,,,,0.129,,,2025-10-27,quarterly,1.27,None,pre-market,None,,0.0256,0.0749,0.122,23.14,None,,,,53.11,52.24,8.547,,,,,,,39017000,,16.93,,55.75,43.43
2025-12-28,HTO,3.0,766656000.0,16.93,,0.525,40.88,,,,,,,,,,,,,,,None,11696000,11696000,,,,,,None,5315000,,1.62,0.0322,,,,0.361,0.1,9474000,14789000,1.17,2006-12-31,16.86,,435348000.0,32808000,21789000,2740000,,,None,None,None,,None,,,,,19049000,None,None,None,0.224,,23334000,9474000,,,,,None,,,,,2.134,1.229,2.264,,,,,,,,0.129,,,2025-10-27,quarterly,1.27,None,pre-market,None,,0.0256,0.0749,0.122,23.14,None,,,,53.11,52.24,8.547,,,,,,,44504000,,16.93,,55.75,43.43
2025-12-28,HTO,3.0,766656000.0,16.93,,0.525,40.88,,,,,,,,,,,,,,,None,18482000,18482000,,,,,,None,5508000,,1.62,0.0322,,,,0.361,0.1,17520000,23028000,1.17,2006-09-30,16.86,,435348000.0,44637000,14977000,6119000,,,None,None,None,,None,,,,,8858000,None,None,None,0.224,,27117000,17520000,,,,,None,,,,,2.134,1.229,2.264,,,,,,,,0.129,,,2025-10-27,quarterly,1.27,None,pre-market,None,,0.0256,0.0749,0.122,23.14,None,,,,53.11,52.24,8.547,,,,,,,63119000,,16.93,,55.75,43.43
2025-12-28,HTO,3.0,766656000.0,16.93,,0.525,40.88,,,,,,,,,,,,,,,None,12674000,12674000,,,,,,None,5286000,,1.62,0.0322,,,,0.361,0.1,13182000,18468000,1.17,2006-06-30,16.86,,435348000.0,35199000,11016000,4545000,,,None,None,None,,None,,,,,6471000,None,None,None,0.224,,22017000,13182000,,,,,None,,,,,2.134,1.229,2.264,,,,,,,,0.129,,,2025-10-27,quarterly,1.27,None,pre-market,None,,0.0256,0.0749,0.122,23.14,None,,,,53.11,52.24,8.547,,,,,,,47873000,,16.93,,55.75,43.43
2025-12-28,HTO,3.0,766656000.0,16.93,,0.525,40.88,,,,,,,,,,,,,,,None,7213000,7213000,,,,,,None,5190000,,1.62,0.0322,,,,0.361,0.1,6675000,11865000,1.17,2006-03-31,16.86,,435348000.0,26528000,6097000,1894000,,,None,None,None,,None,,,,,4203000,None,None,None,0.224,,19853000,6675000,,,,,None,,,,,2.134,1.229,2.264,,,,,,,,0.129,,,2025-10-27,quarterly,1.27,None,pre-market,None,,0.0256,0.0749,0.122,23.14,None,,,,53.11,52.24,8.547,,,,,,,33741000,,16.93,,55.75,43.43
2025-12-28,HTO,3.0,766656000.0,16.93,,0.525,40.88,,,,,,,,,,,,,,,None,11448000,11448000,,,,,,None,4726000,,1.62,0.0322,,,,0.361,0.1,9189000,13915000,1.17,2005-12-31,16.86,,435348000.0,32082000,7368000,3151000,,,None,None,None,,None,,,,,4217000,None,None,None,0.224,,22893000,9189000,,,,,None,,,,,2.134,1.229,2.264,,,,,,,,0.129,,,2025-10-27,quarterly,1.27,None,pre-market,None,,0.0256,0.0749,0.122,23.14,None,,,,53.11,52.24,8.547,,,,,,,43530000,,16.93,,55.75,43.43
2025-12-28,HTO,3.0,766656000.0,16.93,,0.525,40.88,,,,,,,,,,,,,,,None,17384000,17384000,,,,,,None,5042000,,1.62,0.0322,,,,0.361,0.1,58469000,63511000,1.17,2005-09-30,16.86,,435348000.0,41085000,14982000,5755000,,,None,None,None,,None,,,,,9227000,None,None,None,0.224,,23972000,17113000,,,,,None,,,,,2.134,1.229,2.264,,,,,,,,0.129,,,2025-10-27,quarterly,1.27,None,pre-market,None,,0.0256,0.0749,0.122,23.14,None,,,,53.11,52.24,8.547,,,,,,,58469000,,16.93,,55.75,43.43
2025-12-28,HTO,3.0,766656000.0,16.93,,0.525,40.88,,,,,,,,,,,,,,,None,323323000,323323000,,,,,,None,115050000,,1.62,0.0322,,,,0.361,0.1,174327000,289377000,1.17,2024-12-31,16.86,,435348000.0,425116000,102937000,8970000,,,None,71390000,None,,None,,,,,93967000,93967000,-71390000,None,0.224,,254613000,170503000,,,,,None,,,,,2.134,1.229,2.264,,,,,,,,0.129,,,2025-10-27,annual,1.27,USD,pre-market,None,,0.0256,0.0749,0.122,23.14,105830000,,,,53.11,52.24,8.547,,,,,,,748439000,,16.93,,55.75,43.43
2025-12-28,HTO,3.0,766656000.0,16.93,,0.525,40.88,,,,,,,,,,,,,,,None,281929000,281929000,,,,,,None,108138000,,1.62,0.0322,,,,0.361,0.1,157087000,265225000,1.17,2023-12-31,16.86,,435348000.0,388434000,90943000,5956000,,,None,66144000,None,,None,,,,,84987000,84987000,-66144000,None,0.224,,238999000,149435000,,,,,None,,,,,2.134,1.229,2.264,,,,,,,,0.129,,,2025-10-27,annual,1.27,USD,pre-market,None,,0.0256,0.0749,0.122,23.14,98656000,,,,53.11,52.24,8.547,,,,,,,670363000,,16.93,,55.75,43.43
2025-12-28,HTO,3.0,766656000.0,16.93,,0.525,40.88,,,,,,,,,,,,,,,None,263524000,263524000,,,,,,None,106439000,,1.62,0.0322,,,,0.361,0.1,140386000,246825000,1.17,2022-12-31,16.86,,435348000.0,357174000,82324000,8496000,,,None,58062000,None,,None,,,,,73828000,73828000,-58062000,None,0.224,,226196000,130978000,,,,,None,,,,,2.134,1.229,2.264,,,,,,,,0.129,,,2025-10-27,annual,1.27,USD,pre-market,None,,0.0256,0.0749,0.122,23.14,95404000,,,,53.11,52.24,8.547,,,,,,,620698000,,16.93,,55.75,43.43
2025-12-28,HTO,3.0,766656000.0,16.93,,0.525,40.88,,,,,,,,,,,,,,,None,255114000,255114000,,,,,,None,96474000,,1.62,0.0322,,,,0.361,0.1,123186000,219660000,1.17,2021-12-31,16.86,,435348000.0,318572000,68847000,8369000,,,None,54339000,0,,None,,,,,60478000,60478000,-54339000,None,0.224,,207413000,111159000,,,,,None,,,,,2.134,1.229,2.264,,,,,,,,0.129,,,2025-10-27,annual,1.27,USD,pre-market,None,,0.0256,0.0749,0.122,23.14,87332000,,,,53.11,52.24,8.547,,,,,,,573686000,,16.93,,55.75,43.43
2025-12-28,HTO,3.0,766656000.0,16.93,,0.525,40.88,,,,,,,,,,,,,,,None,247950000,247950000,,,,,,None,91622000,,1.62,0.0322,,,,0.361,0.1,124150000,215772000,1.17,2020-12-31,16.86,,435348000.0,316576000,69895000,8380000,,,None,54255000,None,,None,,,,,61515000,None,None,None,0.224,,198906000,117670000,,,,,None,,,,,2.134,1.229,2.264,,,,,,,,0.129,,,2025-10-27,annual,1.27,None,pre-market,None,,0.0256,0.0749,0.122,23.14,79741000,,,,53.11,52.24,8.547,,,,,,,564526000,,16.93,,55.75,43.43
2025-12-28,HTO,3.0,766656000.0,16.93,,0.525,40.88,,,,,,,,,,,,,,,None,196274000,196274000,,,,,,None,68489000,,1.62,0.0322,,,,0.361,0.1,63877000,132366000,1.17,2019-12-31,16.86,,435348000.0,224208000,32081000,8454000,,,None,31796000,None,,None,,,,,23403000,None,None,None,0.224,,166729000,57479000,,,,,None,,,,,2.134,1.229,2.264,,,,,,,,0.129,,,2025-10-27,annual,1.27,None,pre-market,None,,0.0256,0.0749,0.122,23.14,66301000,,,,53.11,52.24,8.547,,,,,,,420482000,,16.93,,55.75,43.43
2025-12-28,HTO,3.0,766656000.0,16.93,,0.525,40.88,,,,,,,,,,,,,,,None,187140000,187140000,,,,,,None,56907000,,1.62,0.0322,,,,0.361,0.1,73164000,130071000,1.17,2018-12-31,16.86,,435348000.0,210559000,48832000,10065000,,,None,24332000,None,,None,,,,,38767000,None,None,None,0.224,,137119000,73440000,,,,,None,,,,,2.134,1.229,2.264,,,,,,,,0.129,,,2025-10-27,annual,1.27,None,pre-market,None,,0.0256,0.0749,0.122,23.14,48933000,,,,53.11,52.24,8.547,,,,,,,397699000,,16.93,,55.75,43.43
2025-12-28,HTO,3.0,766656000.0,16.93,,0.525,40.88,,,,,,,,,,,,,,,None,176500000,176500000,,,,,,None,50501000,,1.62,0.0322,,,,0.361,0.1,119422000,169923000,1.17,2017-12-31,16.86,,435348000.0,212725000,96493000,35393000,,,None,22929000,None,,None,,,,,59204000,None,None,None,0.224,,110874000,101851000,,,,,None,,,,,2.134,1.229,2.264,,,,,,,,0.129,,,2025-10-27,annual,1.27,None,pre-market,None,,0.0256,0.0749,0.122,23.14,48940000,,,,53.11,52.24,8.547,,,,,,,389225000,,16.93,,55.75,43.43
2025-12-28,HTO,3.0,766656000.0,16.93,,0.525,40.88,,,,,,,,,,,,,,,None,143992000,143992000,,,,,,None,46295000,,1.62,0.0322,,,,0.361,0.1,108219000,154514000,1.17,2016-12-31,16.86,,435348000.0,195714000,86381000,33542000,,,None,21838000,None,,None,,,,,52839000,None,None,None,0.224,,98277000,97437000,,,,,None,,,,,2.134,1.229,2.264,,,,,,,,0.129,,,2025-10-27,annual,1.27,None,pre-market,None,,0.0256,0.0749,0.122,23.14,41529000,,,,53.11,52.24,8.547,,,,,,,339706000,,16.93,,55.75,43.43
2025-12-28,HTO,3.0,766656000.0,16.93,,0.525,40.88,,,,,,,,,,,,,,,None,125584000,125584000,,,,,,None,42330000,,1.62,0.0322,,,,0.361,0.1,83340000,125670000,1.17,2015-12-31,16.86,,435348000.0,179498000,61154000,23272000,,,None,22186000,None,,None,,,,,37882000,None,None,None,0.224,,99538000,79960000,,,,,None,,,,,2.134,1.229,2.264,,,,,,,,0.129,,,2025-10-27,annual,1.27,None,pre-market,None,,0.0256,0.0749,0.122,23.14,47131000,,,,53.11,52.24,8.547,,,,,,,305082000,,16.93,,55.75,43.43
2025-12-28,HTO,3.0,766656000.0,16.93,,0.525,40.88,,,,,,,,,,,,,,,None,137226000,137226000,,,,,,None,39491000,,1.62,0.0322,,,,0.361,0.1,97565000,137056000,1.17,2014-12-31,16.86,,435348000.0,182442000,76777000,24971000,,,None,20788000,None,,None,,,,,51806000,None,None,None,0.224,,89564000,92878000,,,,,None,,,,,2.134,1.229,2.264,,,,,,,,0.129,,,2025-10-27,annual,1.27,None,pre-market,None,,0.0256,0.0749,0.122,23.14,40573000,,,,53.11,52.24,8.547,,,,,,,319668000,,16.93,,55.75,43.43
2025-12-28,HTO,3.0,766656000.0,16.93,,0.525,40.88,,,,,,,,,,,,,,,None,134392000,134392000,,,,,,None,36595000,,1.62,0.0322,,,,0.361,0.1,56441000,93036000,1.17,2013-12-31,16.86,,435348000.0,142477000,36519000,14135000,,,None,19922000,None,,None,,,,,22384000,None,None,None,0.224,,89070000,53407000,,,,,None,,,,,2.134,1.229,2.264,,,,,,,,0.129,,,2025-10-27,annual,1.27,None,pre-market,None,,0.0256,0.0749,0.122,23.14,43714000,,,,53.11,52.24,8.547,,,,,,,276869000,,16.93,,55.75,43.43
2025-12-28,HTO,3.0,766656000.0,16.93,,0.525,40.88,,,,,,,,,,,,,,,None,120637000,120637000,,,,,,None,34629000,,1.62,0.0322,,,,0.361,0.1,58045000,92674000,1.17,2012-12-31,16.86,,435348000.0,140910000,37860000,15542000,,,None,20185000,None,,None,,,,,22318000,None,None,None,0.224,,85613000,55297000,,,,,None,,,,,2.134,1.229,2.264,,,,,,,,0.129,,,2025-10-27,annual,1.27,None,pre-market,None,,0.0256,0.0749,0.122,23.14,42812000,,,,53.11,52.24,8.547,,,,,,,261547000,,16.93,,55.75,43.43
2025-12-28,HTO,3.0,766656000.0,16.93,,0.525,40.88,,,,,,,,,,,,,,,None,105314000,105314000,,,,,,None,32709000,,1.62,0.0322,,,,0.361,0.1,55119000,87828000,1.17,2011-12-31,16.86,,435348000.0,133641000,35444000,14566000,,,None,19675000,None,,None,,,,,20878000,None,None,None,0.224,,79250000,54391000,,,,,None,,,,,2.134,1.229,2.264,,,,,,,,0.129,,,2025-10-27,annual,1.27,None,pre-market,None,,0.0256,0.0749,0.122,23.14,39136000,,,,53.11,52.24,8.547,,,,,,,238955000,,16.93,,55.75,43.43
2025-12-28,HTO,3.0,766656000.0,16.93,,0.525,40.88,,,,,,,,,,,,,,,None,99544000,99544000,,,,,,None,29756000,,1.62,0.0322,,,,0.361,0.1,58829000,88585000,1.17,2010-12-31,16.86,,435348000.0,116094000,41146000,16740000,,,None,17683000,None,,None,,,,,24406000,None,None,None,0.224,,78019000,38075000,,,,,None,,,,,2.134,1.229,2.264,,,,,,,,0.129,,,2025-10-27,annual,1.27,None,pre-market,None,,0.0256,0.0749,0.122,23.14,38184000,,,,53.11,52.24,8.547,,,,,,,215638000,,16.93,,55.75,43.43
2025-12-28,HTO,3.0,766656000.0,16.93,,0.525,40.88,,,,,,,,,,,,,,,None,83534000,83534000,,,,,,None,25643000,,1.62,0.0322,,,,0.361,0.1,29400000,55043000,1.17,2009-12-31,16.86,,435348000.0,132563000,15171000,None,,,None,15970000,None,,None,,,,,15171000,None,None,None,0.224,,103163000,29400000,,,,,None,,,,,2.134,1.229,2.264,,,,,,,,0.129,,,2025-10-27,annual,1.27,None,pre-market,None,,0.0256,0.0749,0.122,23.14,27658000,,,,53.11,52.24,8.547,,,,,,,216097000,,16.93,,55.75,43.43
2025-12-28,HTO,3.0,766656000.0,16.93,,0.525,40.88,,,,,,,,,,,,,,,None,90218000,90218000,,,,,,None,24043000,,1.62,0.0322,,,,0.361,0.1,36188000,60231000,1.17,2008-12-31,16.86,,435348000.0,130129000,21461000,13198000,,,None,14727000,None,,None,,,,,21461000,None,None,None,0.224,,97235000,32894000,,,,,None,,,,,2.134,1.229,2.264,,,,,,,,0.129,,,2025-10-27,annual,1.27,None,pre-market,None,,0.0256,0.0749,0.122,23.14,None,,,,53.11,52.24,8.547,,,,,,,220347000,,16.93,,55.75,43.43
2025-12-28,HTO,3.0,766656000.0,16.93,,0.525,40.88,,,,,,,,,,,,,,,None,86269000,86269000,,,,,,None,22854000,,1.62,0.0322,,,,0.361,0.1,32332000,55186000,1.17,2007-12-31,16.86,,435348000.0,120332000,19323000,12549000,,,None,13009000,None,,None,,,,,19323000,None,None,None,0.224,,90579000,29753000,,,,,None,,,,,2.134,1.229,2.264,,,,,,,,0.129,,,2025-10-27,annual,1.27,None,pre-market,None,,0.0256,0.0749,0.122,23.14,None,,,,53.11,52.24,8.547,,,,,,,206601000,,16.93,,55.75,43.43
2025-12-28,HTO,3.0,766656000.0,16.93,,0.525,40.88,,,,,,,,,,,,,,,None,50066000,50066000,,,,,,None,21299000,,1.62,0.0322,,,,0.361,0.1,46851000,68150000,1.17,2006-12-31,16.86,,435348000.0,139172000,53879000,15298000,,,None,None,None,,None,,,,,38581000,None,None,None,0.224,,92321000,46851000,,,,,None,,,,,2.134,1.229,2.264,,,,,,,,0.129,,,2025-10-27,annual,1.27,None,pre-market,None,,0.0256,0.0749,0.122,23.14,None,,,,53.11,52.24,8.547,,,,,,,189238000,,16.93,,55.75,43.43
2025-12-28,HTO,3.0,766656000.0,16.93,,0.525,40.88,,,,,,,,,,,,,,,None,49271000,49271000,,,,,,None,19654000,,1.62,0.0322,,,,0.361,0.1,180105000,199759000,1.17,2005-12-31,16.86,,435348000.0,130834000,36613000,14773000,,,None,None,None,,None,,,,,21840000,None,None,None,0.224,,85949000,44885000,,,,,None,,,,,2.134,1.229,2.264,,,,,,,,0.129,,,2025-10-27,annual,1.27,None,pre-market,None,,0.0256,0.0749,0.122,23.14,None,,,,53.11,52.24,8.547,,,,,,,180105000,,16.93,,55.75,43.43
2025-12-28,HTO,3.0,766656000.0,16.93,None,0.525,40.88,,None,11314000,11314000,,,,,,,,,36000,35643826,None,49271000,49271000,61238000,None,None,None,None,None,19654000,,1.62,0.0322,,,,0.361,0.1,180105000,199759000,1.17,2025-09-30,16.86,None,435348000.0,130834000,36613000,14773000,None,None,None,None,None,None,None,None,None,None,None,21840000,None,None,None,0.224,,85949000,44885000,None,98547000,None,None,None,,,,,2.134,1.229,2.264,,,,,,,,0.129,,None,2025-10-27,quarterly,1.27,None,pre-market,None,579908000,0.0256,0.0749,0.122,23.14,None,1901333000,144378000,None,53.11,52.24,8.547,3584781000,11314000,304163000,2061118000,None,1756955000,180105000,1523663000,16.93,None,55.75,43.43
2025-12-28,HTO,3.0,766656000.0,16.93,None,0.525,40.88,,None,19849000,19849000,,,,,,,,,35000,34860000,None,49271000,49271000,48231000,None,179763000,152384000,None,None,19654000,,1.62,0.0322,,,,0.361,0.1,180105000,199759000,1.17,2025-06-30,16.86,640311000,435348000.0,130834000,36613000,14773000,51604000,51604000,None,None,None,None,None,None,1692212000,None,18878000,21840000,None,None,None,0.224,,85949000,44885000,28217000,86240000,None,362853000,None,,,,,2.134,1.229,2.264,,,,,,,,0.129,,None,2025-10-27,quarterly,1.27,USD,pre-market,None,549646000,0.0256,0.0749,0.122,23.14,None,1871975000,179763000,None,53.11,52.24,8.547,4846926000,200450000,314234000,3380955000,4646476000,3066721000,180105000,1465971000,16.93,None,55.75,43.43
2025-12-28,HTO,3.0,766656000.0,16.93,None,0.525,40.88,,None,23696000,23696000,,,,,,,,,34000,33869000,None,49271000,49271000,46654000,None,171255000,135752000,None,None,19654000,,1.62,0.0322,,,,0.361,0.1,180105000,199759000,1.17,2025-03-31,16.86,640311000,435348000.0,130834000,36613000,14773000,51604000,51604000,None,None,None,None,None,None,1691475000,None,18622000,21840000,None,None,None,0.224,,85949000,44885000,37824000,78770000,None,363283000,None,,,,,2.134,1.229,2.264,,,,,,,,0.129,,None,2025-10-27,quarterly,1.27,USD,pre-market,None,539584000,0.0256,0.0749,0.122,23.14,None,1862730000,171255000,None,53.11,52.24,8.547,4728810000,197272000,296679000,3331473000,4531538000,3034794000,180105000,1397337000,16.93,None,55.75,43.43
2025-12-28,HTO,3.0,766656000.0,16.93,None,0.525,40.88,,None,11114000,11114000,,,,,,,,,34000,33520000,None,49271000,49271000,56256000,None,122772000,142538000,None,None,19654000,,1.62,0.0322,,,,0.361,0.1,180105000,199759000,1.17,2024-12-31,16.86,640311000,435348000.0,130834000,36613000,14773000,42079000,42079000,None,None,None,None,None,None,1706904000,None,18087000,21840000,None,None,None,0.224,,85949000,44885000,37062000,82145000,None,363036000,None,,,,,2.134,1.229,2.264,,,,,,,,0.129,,None,2025-10-27,quarterly,1.27,USD,pre-market,None,537184000,0.0256,0.0749,0.122,23.14,None,1829676000,122772000,None,53.11,52.24,8.547,4658309000,190714000,261173000,3291335000,4467595000,3030162000,180105000,1366974000,16.93,None,55.75,43.43
2025-12-28,HTO,3.0,766656000.0,16.93,None,0.525,40.88,,None,3967000,3967000,,,,,,,,,33000,32983000,None,49271000,49271000,44480000,None,101323000,161739000,None,None,19654000,,1.62,0.0322,,,,0.361,0.1,180105000,199759000,1.17,2024-09-30,16.86,640311000,435348000.0,130834000,36613000,14773000,64372000,64372000,None,None,None,None,None,None,1673715000,None,18213000,21840000,None,None,None,0.224,,85949000,44885000,21570000,98246000,None,359760000,None,,,,,2.134,1.229,2.264,,,,,,,,0.129,,None,2025-10-27,quarterly,1.27,USD,pre-market,None,527575000,0.0256,0.0749,0.122,23.14,None,1775038000,101323000,None,53.11,52.24,8.547,4552302000,187276000,244049000,3218497000,4365026000,2974448000,180105000,1333805000,16.93,None,55.75,43.43
2025-12-28,HTO,3.0,766656000.0,16.93,None,0.525,40.88,,None,22804000,22804000,,,,,,,,,33000,32460894,None,49271000,49271000,37932000,None,226518000,133644000,None,None,19654000,,1.62,0.0322,,,,0.361,0.1,180105000,199759000,1.17,2024-06-30,16.86,640311000,435348000.0,130834000,36613000,14773000,55778520,55778520,None,None,None,None,None,None,1549587000,None,17368000,21840000,None,None,None,0.224,,85949000,44885000,16731000,83624000,None,357300000,None,,,,,2.134,1.229,2.264,,,,,,,,0.129,,None,2025-10-27,quarterly,1.27,USD,pre-market,None,502037000,0.0256,0.0749,0.122,23.14,None,1776105000,226518000,None,53.11,52.24,8.547,4439427000,173179000,350133000,3164819000,4266248000,2814686000,180105000,1274608000,16.93,None,55.75,43.43
2025-12-28,HTO,3.0,766656000.0,16.93,None,0.525,40.88,,None,4542000,4542000,,,,,,,,,32000,32145000,None,49271000,49271000,34397000,None,219750000,112104000,None,None,19654000,,1.62,0.0322,,,,0.361,0.1,180105000,199759000,1.17,2024-03-31,16.86,640311000,435348000.0,130834000,36613000,14773000,64332000,64332000,None,None,None,None,None,None,1550298000,None,17435000,21840000,None,None,None,0.224,,85949000,44885000,61436000,69113000,None,355036000,None,,,,,2.134,1.229,2.264,,,,,,,,0.129,,None,2025-10-27,quarterly,1.27,USD,pre-market,None,494249000,0.0256,0.0749,0.122,23.14,None,1770048000,219750000,None,53.11,52.24,8.547,4367512000,178082000,323260000,3127261000,4189430000,2804001000,180105000,1240251000,16.93,None,55.75,43.43
2025-12-28,HTO,3.0,766656000.0,16.93,None,0.525,40.88,,None,9723000,9723000,,,,,,,,,32000,32068000,None,49271000,49271000,46121000,None,None,126284000,None,None,19654000,,1.62,0.0322,,,,0.361,0.1,180105000,199759000,1.17,2023-12-31,16.86,640311000,435348000.0,130834000,36613000,14773000,43443000,43443000,None,None,None,None,None,None,None,None,None,21840000,None,None,None,0.224,,85949000,44885000,62382000,76378000,None,None,None,,,,,2.134,1.229,2.264,,,,,,,,0.129,,None,2025-10-27,quarterly,1.27,None,pre-market,None,495383000,0.0256,0.0749,0.122,23.14,None,1747174000,220475000,None,53.11,52.24,8.547,4345067000,198389000,342974000,3111670000,4146678000,2768696000,180105000,1233397000,16.93,None,55.75,43.43
2025-12-28,HTO,3.0,766656000.0,16.93,None,0.525,40.88,,None,21067000,21067000,,,,,,,,,32000,31934636,None,49271000,49271000,35926000,None,None,137008000,None,None,19654000,,1.62,0.0322,,,,0.361,0.1,180105000,199759000,1.17,2023-09-30,16.86,640311000,435348000.0,130834000,36613000,14773000,64332000,64332000,None,None,None,None,None,None,None,None,None,21840000,None,None,None,0.224,,85949000,44885000,70696000,88484000,None,None,None,,,,,2.134,1.229,2.264,,,,,,,,0.129,,None,2025-10-27,quarterly,1.27,None,pre-market,None,488585000,0.0256,0.0749,0.122,23.14,None,1705666000,171897000,None,53.11,52.24,8.547,3843428000,228771000,308116000,2623175000,3614657000,2315059000,180105000,1220253000,16.93,None,55.75,43.43
2025-12-28,HTO,3.0,766656000.0,16.93,None,0.525,40.88,,None,25474000,25474000,,,,,,,,,32000,31594494,None,49271000,49271000,36446000,None,None,113914000,None,None,19654000,,1.62,0.0322,,,,0.361,0.1,180105000,199759000,1.17,2023-06-30,16.86,640311000,435348000.0,130834000,36613000,14773000,35947000,35947000,None,None,None,None,None,None,None,None,None,21840000,None,None,None,0.224,,85949000,44885000,62045000,69266000,None,None,None,,,,,2.134,1.229,2.264,,,,,,,,0.129,,None,2025-10-27,quarterly,1.27,None,pre-market,None,464464000,0.0256,0.0749,0.122,23.14,None,1646919000,127638000,None,53.11,52.24,8.547,3712158000,201433000,237954000,2529442000,3510725000,2291488000,180105000,1182716000,16.93,None,55.75,43.43
2025-12-28,HTO,3.0,766656000.0,16.93,None,0.525,40.88,,None,23333000,23333000,,,,,,,,,31000,31040897,None,49271000,49271000,25974000,None,None,102050000,None,None,19654000,,1.62,0.0322,,,,0.361,0.1,180105000,199759000,1.17,2023-03-31,16.86,640311000,435348000.0,130834000,36613000,14773000,35947000,35947000,None,None,None,None,None,None,None,None,None,21840000,None,None,None,0.224,,85949000,44885000,68465000,65676000,None,None,None,,,,,2.134,1.229,2.264,,,,,,,,0.129,,None,2025-10-27,quarterly,1.27,None,pre-market,None,458142000,0.0256,0.0749,0.122,23.14,None,1637069000,116707000,None,53.11,52.24,8.547,3652498000,193848000,212965000,2500013000,3458650000,2287048000,180105000,1152485000,16.93,None,55.75,43.43
2025-12-28,HTO,3.0,766656000.0,16.93,None,0.525,40.88,,None,12344000,12344000,,,,,,,,,31000,30618000,None,49271000,49271000,29581000,None,None,110454000,None,None,19654000,,1.62,0.0322,,,,0.361,0.1,180105000,199759000,1.17,2022-12-31,16.86,640311000,435348000.0,130834000,36613000,14773000,35959000,35959000,None,None,None,None,None,None,None,None,None,21840000,None,None,None,0.224,,85949000,44885000,35588000,72107000,None,None,None,,,,,2.134,1.229,2.264,,,,,,,,0.129,,None,2025-10-27,quarterly,1.27,None,pre-market,None,458356000,0.0256,0.0749,0.122,23.14,None,1655903000,163938000,None,53.11,52.24,8.547,3755056000,158386000,268322000,2644188000,3596670000,2375866000,180105000,1110868000,16.93,None,55.75,43.43
2025-12-28,HTO,3.0,766656000.0,16.93,None,0.525,40.88,,None,13190000,13190000,,,,,,,,,30000,30392000,None,49271000,49271000,29765000,None,None,124742000,None,None,19654000,,1.62,0.0322,,,,0.361,0.1,180105000,199759000,1.17,2022-09-30,16.86,640311000,435348000.0,130834000,36613000,14773000,35960000,35960000,None,None,None,None,None,None,None,None,None,21840000,None,None,None,0.224,,85949000,44885000,19968000,81576000,None,None,None,,,,,2.134,1.229,2.264,,,,,,,,0.129,,None,2025-10-27,quarterly,1.27,None,pre-market,None,435856000,0.0256,0.0749,0.122,23.14,None,1657258000,203510000,None,53.11,52.24,8.547,3604704000,157900000,318710000,2555357000,3446804000,2236647000,180105000,1049347000,16.93,None,55.75,43.43
2025-12-28,HTO,3.0,766656000.0,16.93,None,0.525,40.88,,None,12049000,12049000,,,,,,,,,30000,30346000,None,49271000,49271000,26580000,None,None,110718000,None,None,19654000,,1.62,0.0322,,,,0.361,0.1,180105000,199759000,1.17,2022-06-30,16.86,640311000,435348000.0,130834000,36613000,14773000,36220000,36220000,None,None,None,None,None,None,None,None,None,21840000,None,None,None,0.224,,85949000,44885000,16025000,69860000,None,None,None,,,,,2.134,1.229,2.264,,,,,,,,0.129,,None,2025-10-27,quarterly,1.27,None,pre-market,None,421741000,0.0256,0.0749,0.122,23.14,None,1636011000,180302000,None,53.11,52.24,8.547,3541047000,138792000,277829000,2511202000,3402255000,2233373000,180105000,1029845000,16.93,None,55.75,43.43
2025-12-28,HTO,3.0,766656000.0,16.93,None,0.525,40.88,,None,17487000,17487000,,,,,,,,,30000,30336000,None,49271000,49271000,28367000,None,None,100185000,None,None,19654000,,1.62,0.0322,,,,0.361,0.1,180105000,199759000,1.17,2022-03-31,16.86,640311000,435348000.0,130834000,36613000,14773000,36290000,36290000,None,None,None,None,None,None,None,None,None,21840000,None,None,None,0.224,,85949000,44885000,20263000,74570000,None,None,None,,,,,2.134,1.229,2.264,,,,,,,,0.129,,None,2025-10-27,quarterly,1.27,None,pre-market,None,421095000,0.0256,0.0749,0.122,23.14,None,1606472000,114916000,None,53.11,52.24,8.547,3511876000,137935000,217853000,2483458000,3373941000,2265605000,180105000,1028418000,16.93,None,55.75,43.43
2025-12-28,HTO,3.0,766656000.0,16.93,None,0.525,40.88,,None,10908000,10908000,,,,,,,,,30000,30061000,None,49271000,49271000,30391000,None,None,104768000,None,None,19654000,,1.62,0.0322,,,,0.361,0.1,180105000,199759000,1.17,2021-12-31,16.86,640471000,435348000.0,130834000,36613000,14773000,20650000,20650000,None,None,None,None,None,None,None,None,None,21840000,None,None,None,0.224,,85949000,44885000,18409000,70778000,None,None,None,,,,,2.134,1.229,2.264,,,,,,,,0.129,,None,2025-10-27,quarterly,1.27,None,pre-market,None,428260000,0.0256,0.0749,0.122,23.14,None,1595037000,102102000,None,53.11,52.24,8.547,3492395000,134085000,203271000,2457876000,3358310000,2254605000,180105000,1034519000,16.93,None,55.75,43.43
2025-12-28,HTO,3.0,766656000.0,16.93,None,0.525,40.88,,None,14019000,14019000,,,,,,,,,30000,29952477,None,49271000,49271000,37410000,None,None,117846000,None,None,19654000,,1.62,0.0322,,,,0.361,0.1,180105000,199759000,1.17,2021-09-30,16.86,628144000,435348000.0,130834000,36613000,14773000,37347000,37347000,None,None,None,None,None,None,None,None,None,21840000,None,None,None,0.224,,85949000,44885000,23648000,81515000,None,None,None,,,,,2.134,1.229,2.264,,,,,,,,0.129,,None,2025-10-27,quarterly,1.27,None,pre-market,None,420411000,0.0256,0.0749,0.122,23.14,None,1568392000,148360000,None,53.11,52.24,8.547,3469741000,155513000,267285000,2469030000,3314228000,2201745000,180105000,1000711000,16.93,None,55.75,43.43
2025-12-28,HTO,3.0,766656000.0,16.93,None,0.525,40.88,,None,25442000,25442000,,,,,,,,,30000,29924191,None,49271000,49271000,39546000,None,None,103863000,None,None,19654000,,1.62,0.0322,,,,0.361,0.1,180105000,199759000,1.17,2021-06-30,16.86,628144000,435348000.0,130834000,36613000,14773000,35357000,35357000,None,None,None,None,None,None,None,None,None,21840000,None,None,None,0.224,,85949000,44885000,17553000,69828000,None,None,None,,,,,2.134,1.229,2.264,,,,,,,,0.129,,None,2025-10-27,quarterly,1.27,None,pre-market,None,411511000,0.0256,0.0749,0.122,23.14,None,1536937000,164811000,None,53.11,52.24,8.547,3409522000,146858000,274431000,2419843000,3262664000,2145412000,180105000,989679000,16.93,None,55.75,43.43
2025-12-28,HTO,3.0,766656000.0,16.93,None,0.525,40.88,,None,11406000,11406000,,,,,,,,,30000,28990203,None,49271000,49271000,25636000,None,None,92997000,None,None,19654000,,1.62,0.0322,,,,0.361,0.1,180105000,199759000,1.17,2021-03-31,16.86,628144000,435348000.0,130834000,36613000,14773000,35167000,35167000,None,None,None,None,None,None,None,None,None,21840000,None,None,None,0.224,,85949000,44885000,19064000,66305000,None,None,None,,,,,2.134,1.229,2.264,,,,,,,,0.129,,None,2025-10-27,quarterly,1.27,None,pre-market,None,400897000,0.0256,0.0749,0.122,23.14,None,1500822000,197794000,None,53.11,52.24,8.547,3332142000,123467000,289735000,2353846000,3208675000,2064111000,180105000,978296000,16.93,None,55.75,43.43
2025-12-28,HTO,3.0,766656000.0,16.93,None,0.525,40.88,,None,5269000,5269000,,,,,,,,,29000,28719000,None,49271000,49271000,34200000,None,None,103092000,None,None,19654000,,1.62,0.0322,,,,0.361,0.1,180105000,199759000,1.17,2020-12-31,16.86,628144000,435348000.0,130834000,36613000,14773000,35167000,35167000,None,None,None,None,None,None,None,None,None,21840000,None,None,None,0.224,,85949000,44885000,18970000,65260000,None,None,None,,,,,2.134,1.229,2.264,,,,,,,,0.129,,None,2025-10-27,quarterly,1.27,None,pre-market,None,408037000,0.0256,0.0749,0.122,23.14,None,1538915000,251335000,None,53.11,52.24,8.547,3311465000,127331000,350795000,2394305000,3184134000,2043510000,180105000,917160000,16.93,None,55.75,43.43
2025-12-28,HTO,3.0,766656000.0,16.93,None,0.525,40.88,,None,20211000,20211000,,,,,,,,,29000,28703000,None,49271000,49271000,33759000,None,None,113842000,None,None,19654000,,1.62,0.0322,,,,0.361,0.1,180105000,199759000,1.17,2020-09-30,16.86,627036000,435348000.0,130834000,36613000,14773000,35274000,35274000,None,None,None,None,None,None,None,None,None,21840000,None,None,None,0.224,,85949000,44885000,20849000,73893000,None,None,None,,,,,2.134,1.229,2.264,,,,,,,,0.129,,None,2025-10-27,quarterly,1.27,None,pre-market,None,403923000,0.0256,0.0749,0.122,23.14,None,1505358000,197746000,None,53.11,52.24,8.547,3259714000,154902000,305398000,2346653000,3104812000,2041255000,180105000,913061000,16.93,None,55.75,43.43
2025-12-28,HTO,3.0,766656000.0,16.93,None,0.525,40.88,,None,23317000,23317000,,,,,,,,,29000,28683000,None,49271000,49271000,24295000,None,None,105104000,None,None,19654000,,1.62,0.0322,,,,0.361,0.1,180105000,199759000,1.17,2020-06-30,16.86,628343000,435348000.0,130834000,36613000,14773000,32826000,32826000,None,None,None,None,None,None,None,None,None,21840000,None,None,None,0.224,,85949000,44885000,17122000,64646000,None,None,None,,,,,2.134,1.229,2.264,,,,,,,,0.129,,None,2025-10-27,quarterly,1.27,None,pre-market,None,387003000,0.0256,0.0749,0.122,23.14,None,1485004000,169025000,None,53.11,52.24,8.547,3209977000,145543000,257966000,2314846000,3064434000,2056880000,180105000,895131000,16.93,None,55.75,43.43
2025-12-28,HTO,3.0,766656000.0,16.93,None,0.525,40.88,,None,28273000,28273000,,,,,,,,,28000,28674000,None,49271000,49271000,25214000,None,None,80839000,None,None,19654000,,1.62,0.0322,,,,0.361,0.1,180105000,199759000,1.17,2020-03-31,16.86,628287000,435348000.0,130834000,36613000,14773000,32775000,32775000,None,None,None,None,None,None,None,None,None,21840000,None,None,None,0.224,,85949000,44885000,19706000,55932000,None,None,None,,,,,2.134,1.229,2.264,,,,,,,,0.129,,None,2025-10-27,quarterly,1.27,None,pre-market,None,376447000,0.0256,0.0749,0.122,23.14,None,1470709000,153713000,None,53.11,52.24,8.547,3174298000,128818000,238404000,2290757000,3045480000,2052353000,180105000,883541000,16.93,None,55.75,43.43
2025-12-28,HTO,3.0,766656000.0,16.93,None,0.525,40.88,,None,12944000,12944000,,,,,,,,,28000,28666000,None,49271000,49271000,34886000,None,None,88077000,None,None,19654000,,1.62,0.0322,,,,0.361,0.1,180105000,199759000,1.17,2019-12-31,16.86,628287000,435348000.0,130834000,36613000,14773000,33424000,33424000,None,None,None,None,None,None,None,None,None,21840000,None,None,None,0.224,,85949000,44885000,21025000,58161000,None,None,None,,,,,2.134,1.229,2.264,,,,,,,,0.129,,None,2025-10-27,quarterly,1.27,None,pre-market,None,383191000,0.0256,0.0749,0.122,23.14,None,1423078000,139481000,None,53.11,52.24,8.547,3132470000,122046000,234567000,2242486000,3010424000,2007919000,180105000,889984000,16.93,None,55.75,43.43
2025-12-28,HTO,3.0,766656000.0,16.93,None,0.525,40.88,,None,424702000,424702000,,,,,,,,,28000,28550000,None,49271000,49271000,28193000,None,None,68947000,None,None,19654000,,1.62,0.0322,,,,0.361,0.1,180105000,199759000,1.17,2019-09-30,16.86,None,435348000.0,130834000,36613000,14773000,68947000,68947000,None,None,None,None,None,None,None,None,None,21840000,None,None,None,0.224,,85949000,44885000,14165000,49894000,None,None,None,,,,,2.134,1.229,2.264,,,,,,,,0.129,,None,2025-10-27,quarterly,1.27,None,pre-market,None,397259000,0.0256,0.0749,0.122,23.14,None,573076000,62000000,None,53.11,52.24,8.547,2022382000,507814000,144307000,1125718000,1514568000,981411000,180105000,896664000,16.93,None,55.75,43.43
2025-12-28,HTO,3.0,766656000.0,16.93,None,0.525,40.88,,None,421849000,421849000,,,,,,,,,28000,28526000,None,49271000,49271000,28253000,None,None,61003000,None,None,19654000,,1.62,0.0322,,,,0.361,0.1,180105000,199759000,1.17,2019-06-30,16.86,None,435348000.0,130834000,36613000,14773000,61003000,61003000,None,None,None,None,None,None,None,None,None,21840000,None,None,None,0.224,,85949000,44885000,21067000,42763000,None,None,None,,,,,2.134,1.229,2.264,,,,,,,,0.129,,None,2025-10-27,quarterly,1.27,None,pre-market,None,396334000,0.0256,0.0749,0.122,23.14,None,565859000,55000000,None,53.11,52.24,8.547,2003650000,503919000,127058000,1109655000,1499731000,982597000,180105000,893995000,16.93,None,55.75,43.43
2025-12-28,HTO,3.0,766656000.0,16.93,None,0.525,40.88,,None,419663000,419663000,,,,,,,,,28000,28508000,None,49271000,49271000,22819000,None,None,42238000,None,None,19654000,,1.62,0.0322,,,,0.361,0.1,180105000,199759000,1.17,2019-03-31,16.86,None,435348000.0,130834000,36613000,14773000,42238000,42238000,None,None,None,None,None,None,None,None,None,21840000,None,None,None,0.224,,85949000,44885000,26555000,27214000,None,None,None,,,,,2.134,1.229,2.264,,,,,,,,0.129,,None,2025-10-27,quarterly,1.27,None,pre-market,None,391344000,0.0256,0.0749,0.122,23.14,None,542903000,32000000,None,53.11,52.24,8.547,1958807000,488456000,86688000,1070514000,1470351000,983826000,180105000,888293000,16.93,None,55.75,43.43
2025-12-28,HTO,3.0,766656000.0,16.93,None,0.525,40.88,,None,420722000,420722000,,,,,,,,,28000,23143000,None,49271000,49271000,24937000,None,None,50219000,None,None,19654000,,1.62,0.0322,,,,0.361,0.1,180105000,199759000,1.17,2018-12-31,16.86,1680000,435348000.0,130834000,36613000,14773000,15799000,15799000,None,None,None,None,None,None,None,None,None,21840000,None,None,None,0.224,,85949000,44885000,31781000,37122000,None,None,None,,,,,2.134,1.229,2.264,,,,,,,,0.129,,None,2025-10-27,quarterly,1.27,None,pre-market,None,393918000,0.0256,0.0749,0.122,23.14,None,531424000,100000000,None,53.11,52.24,8.547,1956389000,502722000,163985000,1067077000,1453667000,903092000,180105000,889312000,16.93,None,55.75,43.43
2025-12-28,HTO,3.0,766656000.0,16.93,None,0.525,40.88,,None,13327000,13327000,,,,,,,,,21000,20732000,None,49271000,49271000,26956000,None,None,61518000,None,None,19654000,,1.62,0.0322,,,,0.361,0.1,180105000,199759000,1.17,2018-09-30,16.86,None,435348000.0,130834000,36613000,14773000,15748000,15748000,None,None,None,None,None,None,None,None,None,21840000,None,None,None,0.224,,85949000,44885000,5522000,43328000,None,None,None,,,,,2.134,1.229,2.264,,,,,,,,0.129,,None,2025-10-27,quarterly,1.27,None,pre-market,None,390891000,0.0256,0.0749,0.122,23.14,None,507341000,76000000,None,53.11,52.24,8.547,1536868000,80367000,151680000,1061911000,1456501000,910231000,180105000,474957000,16.93,None,55.75,43.43
2025-12-28,HTO,3.0,766656000.0,16.93,None,0.525,40.88,,None,8926000,8926000,,,,,,,,,21000,20732000,None,49271000,49271000,26183000,None,None,57939000,None,None,19654000,,1.62,0.0322,,,,0.361,0.1,180105000,199759000,1.17,2018-06-30,16.86,None,435348000.0,130834000,36613000,14773000,15650000,15650000,None,None,None,None,None,None,None,None,None,21840000,None,None,None,0.224,,85949000,44885000,6308000,38397000,None,None,None,,,,,2.134,1.229,2.264,,,,,,,,0.129,,None,2025-10-27,quarterly,1.27,None,pre-market,None,380898000,0.0256,0.0749,0.122,23.14,None,490258000,59000000,None,53.11,52.24,8.547,1500121000,73173000,124551000,1034827000,1426948000,910276000,180105000,465294000,16.93,None,55.75,43.43
2025-12-28,HTO,3.0,766656000.0,16.93,None,0.525,40.88,,None,6954000,6954000,,,,,,,,,21000,20701000,None,49271000,49271000,22482000,None,None,49584000,None,None,19654000,,1.62,0.0322,,,,0.361,0.1,180105000,199759000,1.17,2018-03-31,16.86,None,435348000.0,130834000,36613000,14773000,15567000,15567000,None,None,None,None,None,None,None,None,None,21840000,None,None,None,0.224,,85949000,44885000,4522000,31098000,None,None,None,,,,,2.134,1.229,2.264,,,,,,,,0.129,,None,2025-10-27,quarterly,1.27,None,pre-market,None,373823000,0.0256,0.0749,0.122,23.14,None,470175000,39000000,None,53.11,52.24,8.547,1463874000,61060000,95360000,1006044000,1402814000,910684000,180105000,457830000,16.93,None,55.75,43.43
2025-12-28,HTO,3.0,766656000.0,16.93,None,0.525,40.88,,None,7799000,7799000,,,,,,,,,21000,20714000,None,49271000,49271000,22960000,None,None,54309000,None,None,19654000,,1.62,0.0322,,,,0.361,0.1,180105000,199759000,1.17,2017-12-31,16.86,None,435348000.0,130834000,36613000,14773000,14413000,14413000,None,None,None,56213000,None,None,None,None,None,21840000,None,None,None,0.224,,85949000,44885000,-51463000,35188000,None,None,None,,,,,2.134,1.229,2.264,,,,,,,,0.129,,None,2025-10-27,quarterly,1.27,None,pre-market,None,376119000,0.0256,0.0749,0.122,23.14,None,456092000,25000000,None,53.11,52.24,8.547,1458001000,66858000,85052000,994792000,1391143000,909740000,180105000,463209000,16.93,None,55.75,43.43
2025-12-28,HTO,3.0,766656000.0,16.93,None,0.525,40.88,,None,7569000,7569000,,,,,,,,,21000,20697000,None,49271000,49271000,30658000,None,None,62961000,None,None,19654000,,1.62,0.0322,,,,0.361,0.1,180105000,199759000,1.17,2017-09-30,16.86,None,435348000.0,130834000,36613000,14773000,25164000,25164000,None,None,None,None,None,None,None,None,None,21840000,None,None,None,0.224,,85949000,44885000,16591000,41208000,None,None,None,,,,,2.134,1.229,2.264,,,,,,,,0.129,,None,2025-10-27,quarterly,1.27,None,pre-market,None,366818000,0.0256,0.0749,0.122,23.14,None,444009000,13000000,None,53.11,52.24,8.547,1511570000,87121000,93418000,1059099000,1424449000,965681000,180105000,452471000,16.93,None,55.75,43.43
2025-12-28,HTO,3.0,766656000.0,16.93,None,0.525,40.88,,None,9220000,9220000,,,,,,,,,21000,20674000,None,49271000,49271000,27060000,None,None,51813000,None,None,19654000,,1.62,0.0322,,,,0.361,0.1,180105000,199759000,1.17,2017-06-30,16.86,None,435348000.0,130834000,36613000,14773000,25165000,25165000,None,None,None,None,None,None,None,None,None,21840000,None,None,None,0.224,,85949000,44885000,11859000,36982000,None,None,None,,,,,2.134,1.229,2.264,,,,,,,,0.129,,None,2025-10-27,quarterly,1.27,None,pre-market,None,351771000,0.0256,0.0749,0.122,23.14,None,430926000,None,None,53.11,52.24,8.547,1471186000,72892000,70396000,1035076000,1398294000,964680000,180105000,436110000,16.93,None,55.75,43.43
2025-12-28,HTO,3.0,766656000.0,16.93,None,0.525,40.88,,None,7092000,7092000,,,,,,,,,21000,20655000,None,49271000,49271000,20723000,None,None,48016000,None,None,19654000,,1.62,0.0322,,,,0.361,0.1,180105000,199759000,1.17,2017-03-31,16.86,None,435348000.0,130834000,36613000,14773000,25090000,25090000,None,None,None,None,None,None,None,None,None,21840000,None,None,None,0.224,,85949000,44885000,18628000,27371000,None,None,None,,,,,2.134,1.229,2.264,,,,,,,,0.129,,None,2025-10-27,quarterly,1.27,None,pre-market,None,337572000,0.0256,0.0749,0.122,23.14,None,433515000,127000,None,53.11,52.24,8.547,1435777000,73736000,50780000,1014377000,1362041000,963597000,180105000,421400000,16.93,None,55.75,43.43
2025-12-28,HTO,3.0,766656000.0,16.93,None,0.525,40.88,,None,6349000,6349000,,,,,,,,,21000,20614000,None,49271000,49271000,18739000,None,None,53795000,None,None,19654000,,1.62,0.0322,,,,0.361,0.1,180105000,199759000,1.17,2016-12-31,16.86,None,435348000.0,130834000,36613000,14773000,23989000,23989000,None,None,None,None,None,None,None,None,None,21840000,None,None,None,0.224,,85949000,44885000,39467000,28828000,None,None,None,,,,,2.134,1.229,2.264,,,,,,,,0.129,,None,2025-10-27,quarterly,1.27,None,pre-market,None,338386000,0.0256,0.0749,0.122,23.14,None,447660000,14325000,None,53.11,52.24,8.547,1443376000,99611000,63573000,1021730000,1343765000,958157000,180105000,421646000,16.93,None,55.75,43.43
2025-12-28,HTO,3.0,766656000.0,16.93,None,0.525,40.88,,None,17663000,17663000,,,,,,,,,10655000,20602000,None,49271000,49271000,21673000,None,None,75063000,None,None,19654000,,1.62,0.0322,,,,0.361,0.1,180105000,199759000,1.17,2016-09-30,16.86,None,435348000.0,130834000,36613000,14773000,23811000,23811000,None,None,None,None,None,None,None,None,None,21840000,None,None,None,0.224,,85949000,44885000,40613000,50778000,None,None,None,,,,,2.134,1.229,2.264,,,,,,,,0.129,,None,2025-10-27,quarterly,1.27,None,pre-market,None,328829000,0.0256,0.0749,0.122,23.14,None,439683000,75454000,None,53.11,52.24,8.547,1454341000,133339000,151127000,1042733000,1321002000,891606000,180105000,411608000,16.93,None,55.75,43.43
2025-12-28,HTO,3.0,766656000.0,16.93,None,0.525,40.88,,None,12518000,12518000,,,,,,,,,10648000,20579000,None,49271000,49271000,23768000,None,None,48041000,None,None,19654000,,1.62,0.0322,,,,0.361,0.1,180105000,199759000,1.17,2016-06-30,16.86,None,435348000.0,130834000,36613000,14773000,23906000,23906000,None,None,None,None,None,None,None,None,None,21840000,None,None,None,0.224,,85949000,44885000,32155000,27941000,None,None,None,,,,,2.134,1.229,2.264,,,,,,,,0.129,,None,2025-10-27,quarterly,1.27,None,pre-market,None,314040000,0.0256,0.0749,0.122,23.14,None,431718000,67546000,None,53.11,52.24,8.547,1399337000,92714000,120082000,1003315000,1306623000,883233000,180105000,396022000,16.93,None,55.75,43.43
2025-12-28,HTO,3.0,766656000.0,16.93,None,0.525,40.88,,None,8692000,8692000,,,,,,,,,10639000,20561000,None,49271000,49271000,19116000,None,None,34626000,None,None,19654000,,1.62,0.0322,,,,0.361,0.1,180105000,199759000,1.17,2016-03-31,16.86,None,435348000.0,130834000,36613000,14773000,23904000,23904000,None,None,None,None,None,None,None,None,None,21840000,None,None,None,0.224,,85949000,44885000,19308000,21688000,None,None,None,,,,,2.134,1.229,2.264,,,,,,,,0.129,,None,2025-10-27,quarterly,1.27,None,pre-market,None,301433000,0.0256,0.0749,0.122,23.14,None,420104000,54281000,None,53.11,52.24,8.547,1355576000,62626000,97815000,971377000,1292950000,873562000,180105000,384199000,16.93,None,55.75,43.43
2025-12-28,HTO,3.0,766656000.0,16.93,None,0.525,40.88,,None,5239000,5239000,,,,,,,,,21000,20548000,None,49271000,49271000,16196000,None,None,46851000,None,None,19654000,,1.62,0.0322,,,,0.361,0.1,180105000,199759000,1.17,2015-12-31,16.86,None,435348000.0,130834000,36613000,14773000,15558000,15558000,None,None,None,None,None,None,None,None,None,21840000,None,None,None,0.224,,85949000,44885000,21286000,23714000,None,None,None,,,,,2.134,1.229,2.264,,,,,,,,0.129,,None,2025-10-27,quarterly,1.27,None,pre-market,None,302220000,0.0256,0.0749,0.122,23.14,None,415278000,38091000,None,53.11,52.24,8.547,1337325000,73376000,79623000,953542000,1263949000,873919000,180105000,383783000,16.93,None,55.75,43.43
2025-12-28,HTO,3.0,766656000.0,16.93,None,0.525,40.88,,None,6271000,6271000,,,,,,,,,10616000,20532000,None,49271000,49271000,17523000,None,None,50625000,None,None,19654000,,1.62,0.0322,,,,0.361,0.1,180105000,199759000,1.17,2015-09-30,16.86,None,435348000.0,130834000,36613000,14773000,22139000,22139000,None,None,None,None,None,None,None,None,None,21840000,None,None,None,0.224,,85949000,44885000,19983000,27602000,None,None,None,,,,,2.134,1.229,2.264,,,,,,,,0.129,,None,2025-10-27,quarterly,1.27,None,pre-market,None,290030000,0.0256,0.0749,0.122,23.14,None,405714000,24763000,None,53.11,52.24,8.547,1323375000,76879000,73045000,952353000,1246496000,879308000,180105000,371022000,16.93,None,55.75,43.43
2025-12-28,HTO,3.0,766656000.0,16.93,None,0.525,40.88,,None,5238000,5238000,,,,,,,,,10606000,20501000,None,49271000,49271000,13037000,None,None,43552000,None,None,19654000,,1.62,0.0322,,,,0.361,0.1,180105000,199759000,1.17,2015-06-30,16.86,None,435348000.0,130834000,36613000,14773000,22182000,22182000,None,None,None,1301000,None,None,None,None,None,21840000,None,None,None,0.224,,85949000,44885000,19921000,24364000,None,None,None,,,,,2.134,1.229,2.264,,,,,,,,0.129,,None,2025-10-27,quarterly,1.27,None,pre-market,None,284498000,0.0256,0.0749,0.122,23.14,None,404835000,20797000,None,53.11,52.24,8.547,1295857000,70012000,59037000,931162000,1225845000,872125000,180105000,364695000,16.93,None,55.75,43.43
2025-12-28,HTO,3.0,766656000.0,16.93,None,0.525,40.88,,None,5417000,5417000,,,,,,,,,10595000,20480000,None,49271000,49271000,11776000,None,None,37942000,None,None,19654000,,1.62,0.0322,,,,0.361,0.1,180105000,199759000,1.17,2015-03-31,16.86,None,435348000.0,130834000,36613000,14773000,20324000,20324000,None,None,None,1250000,None,None,None,None,None,21840000,None,None,None,0.224,,85949000,44885000,18539000,21928000,None,None,None,,,,,2.134,1.229,2.264,,,,,,,,0.129,,None,2025-10-27,quarterly,1.27,None,pre-market,None,281473000,0.0256,0.0749,0.122,23.14,None,396502000,12313000,None,53.11,52.24,8.547,1277821000,63148000,48652000,916366000,1214673000,867714000,180105000,361455000,16.93,None,55.75,43.43
2025-12-28,HTO,3.0,766656000.0,16.93,None,0.525,40.88,,None,2399000,2399000,,,,,,,,,10567000,20459000,None,49271000,49271000,7001000,None,None,45327000,None,None,19654000,,1.62,0.0322,,,,0.361,0.1,180105000,199759000,1.17,2014-12-31,16.86,None,435348000.0,130834000,36613000,14773000,13781000,13781000,None,None,None,1214000,None,None,None,None,None,21840000,None,None,None,0.224,,85949000,44885000,19153000,22302000,None,None,None,,,,,2.134,1.229,2.264,,,,,,,,0.129,,None,2025-10-27,quarterly,1.27,None,pre-market,None,280773000,0.0256,0.0749,0.122,23.14,None,398149000,13784000,None,53.11,52.24,8.547,1269304000,68093000,44694000,909149000,1201211000,864455000,180105000,360155000,16.93,None,55.75,43.43
2025-12-28,HTO,3.0,766656000.0,16.93,None,0.525,40.88,,None,5599000,5599000,,,,,,,,,10541000,20424000,None,49271000,49271000,12311000,None,None,43370000,None,None,19654000,,1.62,0.0322,,,,0.361,0.1,180105000,199759000,1.17,2014-09-30,16.86,None,435348000.0,130834000,36613000,14773000,19149000,19149000,None,None,None,1138000,None,None,None,None,None,21840000,None,None,None,0.224,,85949000,44885000,20421000,27495000,None,None,None,,,,,2.134,1.229,2.264,,,,,,,,0.129,,None,2025-10-27,quarterly,1.27,None,pre-market,None,278918000,0.0256,0.0749,0.122,23.14,None,393338000,8824000,None,53.11,52.24,8.547,1210104000,70528000,51753000,853542000,1139576000,801789000,180105000,356562000,16.93,None,55.75,43.43
2025-12-28,HTO,3.0,766656000.0,16.93,None,0.525,40.88,,None,6023000,6023000,,,,,,,,,10531000,20398000,None,49271000,49271000,12589000,None,None,37653000,None,None,19654000,,1.62,0.0322,,,,0.361,0.1,180105000,199759000,1.17,2014-06-30,16.86,None,435348000.0,130834000,36613000,14773000,19149000,19149000,None,None,None,1113000,None,None,None,None,None,21840000,None,None,None,0.224,,85949000,44885000,2218000,25955000,None,None,None,,,,,2.134,1.229,2.264,,,,,,,,0.129,,None,2025-10-27,quarterly,1.27,None,pre-market,None,244377000,0.0256,0.0749,0.122,23.14,None,387253000,52569000,None,53.11,52.24,8.547,1147022000,47007000,92057000,825482000,1100015000,733425000,180105000,321540000,16.93,None,55.75,43.43
2025-12-28,HTO,3.0,766656000.0,16.93,None,0.525,40.88,,None,3118000,3118000,,,,,,,,,10523000,20385000,None,49271000,49271000,10702000,None,None,30464000,None,None,19654000,,1.62,0.0322,,,,0.361,0.1,180105000,199759000,1.17,2014-03-31,16.86,None,435348000.0,130834000,36613000,14773000,19148000,19148000,None,None,None,1107000,None,None,None,None,None,21840000,None,None,None,0.224,,85949000,44885000,6063000,21229000,None,None,None,,,,,2.134,1.229,2.264,,,,,,,,0.129,,None,2025-10-27,quarterly,1.27,None,pre-market,None,241351000,0.0256,0.0749,0.122,23.14,None,372413000,37537000,None,53.11,52.24,8.547,1123935000,40752000,71926000,804589000,1083183000,732663000,180105000,319346000,16.93,None,55.75,43.43
2025-12-28,HTO,3.0,766656000.0,16.93,None,0.525,40.88,,None,2299000,2299000,,,,,,,,,10505000,20362000,None,49271000,49271000,12587000,None,None,34189000,None,None,19654000,,1.62,0.0322,,,,0.361,0.1,180105000,199759000,1.17,2013-12-31,16.86,None,435348000.0,130834000,36613000,14773000,18341000,18341000,None,None,None,1045000,None,None,None,None,None,21840000,None,None,None,0.224,,85949000,44885000,2119000,22036000,None,None,None,,,,,2.134,1.229,2.264,,,,,,,,0.129,,None,2025-10-27,quarterly,1.27,None,pre-market,None,244266000,0.0256,0.0749,0.122,23.14,None,357951000,22954000,None,53.11,52.24,8.547,1109986000,39652000,59195000,788811000,1070334000,729616000,180105000,321175000,16.93,None,55.75,43.43
2025-12-28,HTO,3.0,766656000.0,16.93,None,0.525,40.88,,None,3219000,3219000,,,,,,,,,10501000,20347000,None,49271000,49271000,11831000,None,None,42522000,None,None,19654000,,1.62,0.0322,,,,0.361,0.1,180105000,199759000,1.17,2013-09-30,16.86,None,435348000.0,130834000,36613000,14773000,18340000,18340000,None,None,None,1035000,None,None,None,None,None,21840000,None,None,None,0.224,,85949000,44885000,2554000,26952000,None,None,None,,,,,2.134,1.229,2.264,,,,,,,,0.129,,None,2025-10-27,quarterly,1.27,None,pre-market,None,243300000,0.0256,0.0749,0.122,23.14,None,342732000,7589000,None,53.11,52.24,8.547,1149840000,49330000,49748000,830503000,1100510000,780755000,180105000,319337000,16.93,None,55.75,43.43
2025-12-28,HTO,3.0,766656000.0,16.93,None,0.525,40.88,,None,4005000,4005000,,,,,,,,,10489000,20266000,None,49271000,49271000,15906000,None,None,41193000,None,None,19654000,,1.62,0.0322,,,,0.361,0.1,180105000,199759000,1.17,2013-06-30,16.86,None,435348000.0,130834000,36613000,14773000,18259000,18259000,None,None,None,1045000,None,None,None,None,None,21840000,None,None,None,0.224,,85949000,44885000,1980000,27915000,None,None,None,,,,,2.134,1.229,2.264,,,,,,,,0.129,,None,2025-10-27,quarterly,1.27,None,pre-market,None,238060000,0.0256,0.0749,0.122,23.14,None,335840000,540000,None,53.11,52.24,8.547,1130465000,48223000,45185000,817194000,1082242000,772009000,180105000,313271000,16.93,None,55.75,43.43
2025-12-28,HTO,3.0,766656000.0,16.93,None,0.525,40.88,,None,2145000,2145000,,,,,,,,,9739000,18889000,None,49271000,49271000,10908000,None,None,28517000,None,None,19654000,,1.62,0.0322,,,,0.361,0.1,180105000,199759000,1.17,2013-03-31,16.86,None,435348000.0,130834000,36613000,14773000,18102000,18102000,None,None,None,1046000,None,None,None,None,None,21840000,None,None,None,0.224,,85949000,44885000,2459000,23274000,None,None,None,,,,,2.134,1.229,2.264,,,,,,,,0.129,,None,2025-10-27,quarterly,1.27,None,pre-market,None,234324000,0.0256,0.0749,0.122,23.14,None,358115000,22679000,None,53.11,52.24,8.547,1098691000,34167000,59148000,825234000,1064524000,766086000,180105000,273457000,16.93,None,55.75,43.43
2025-12-28,HTO,3.0,766656000.0,16.93,None,0.525,40.88,,None,2522000,2522000,,,,,,,,,9724000,18857000,None,49271000,49271000,8481000,None,None,29944000,None,None,19654000,,1.62,0.0322,,,,0.361,0.1,180105000,199759000,1.17,2012-12-31,16.86,None,435348000.0,130834000,36613000,14773000,10701000,10701000,None,None,None,1088000,None,None,None,None,None,21840000,None,None,None,0.224,,85949000,44885000,9357000,18469000,None,None,None,,,,,2.134,1.229,2.264,,,,,,,,0.129,,None,2025-10-27,quarterly,1.27,None,pre-market,None,236453000,0.0256,0.0749,0.122,23.14,None,356290000,20692000,None,53.11,52.24,8.547,1087499000,42911000,49107000,812895000,1044588000,763788000,180105000,274604000,16.93,None,55.75,43.43
2025-12-28,HTO,3.0,766656000.0,16.93,None,0.525,40.88,,None,6684000,6684000,,,,,,,,,9715000,18854000,None,49271000,49271000,17566000,None,None,42973000,None,None,19654000,,1.62,0.0322,,,,0.361,0.1,180105000,199759000,1.17,2012-09-30,16.86,None,435348000.0,130834000,36613000,14773000,15561000,15561000,None,None,None,1028000,None,None,None,None,None,21840000,None,None,None,0.224,,85949000,44885000,11390000,24504000,None,None,None,,,,,2.134,1.229,2.264,,,,,,,,0.129,,None,2025-10-27,quarterly,1.27,None,pre-market,None,233870000,0.0256,0.0749,0.122,23.14,None,341189000,5410000,None,53.11,52.24,8.547,1075319000,62075000,50910000,803664000,1013244000,752754000,180105000,271655000,16.93,None,55.75,43.43
2025-12-28,HTO,3.0,766656000.0,16.93,None,0.525,40.88,,None,9258000,9258000,,,,,,,,,9707000,18824000,None,49271000,49271000,14302000,None,None,36868000,None,None,19654000,,1.62,0.0322,,,,0.361,0.1,180105000,199759000,1.17,2012-06-30,16.86,None,435348000.0,130834000,36613000,14773000,15559000,15559000,None,None,None,1086000,None,None,None,None,None,21840000,None,None,None,0.224,,85949000,44885000,11067000,23276000,None,None,None,,,,,2.134,1.229,2.264,,,,,,,,0.129,,None,2025-10-27,quarterly,1.27,None,pre-market,None,227129000,0.0256,0.0749,0.122,23.14,None,344226000,8340000,None,53.11,52.24,8.547,1055247000,58279000,45918000,790867000,996968000,744949000,180105000,264380000,16.93,None,55.75,43.43
2025-12-28,HTO,3.0,766656000.0,16.93,None,0.525,40.88,,None,19261000,19261000,,,,,,,,,9698000,18821000,None,49271000,49271000,10798000,None,None,31465000,None,None,19654000,,1.62,0.0322,,,,0.361,0.1,180105000,199759000,1.17,2012-03-31,16.86,None,435348000.0,130834000,36613000,14773000,15549000,15549000,None,None,None,1021000,None,None,None,None,None,21840000,None,None,None,0.224,,85949000,44885000,7623000,20344000,None,None,None,,,,,2.134,1.229,2.264,,,,,,,,0.129,,None,2025-10-27,quarterly,1.27,None,pre-market,None,225264000,0.0256,0.0749,0.122,23.14,None,344445000,828000,None,53.11,52.24,8.547,1042444000,59370000,31970000,780227000,983074000,748257000,180105000,262217000,16.93,None,55.75,43.43
2025-12-28,HTO,3.0,766656000.0,16.93,None,0.525,40.88,,None,26734000,26734000,,,,,,,,,9684000,18798336,None,49271000,49271000,7417000,None,None,33853000,None,None,19654000,,1.62,0.0322,,,,0.361,0.1,180105000,199759000,1.17,2011-12-31,16.86,None,435348000.0,130834000,36613000,14773000,10213000,10213000,None,None,None,991000,None,None,None,None,None,21840000,None,None,None,0.224,,85949000,44885000,7337000,18735000,None,None,None,,,,,2.134,1.229,2.264,,,,,,,,0.129,,None,2025-10-27,quarterly,1.27,None,pre-market,None,227494000,0.0256,0.0749,0.122,23.14,None,344686000,838000,None,53.11,52.24,8.547,1038810000,68915000,28288000,774806000,969895000,746518000,180105000,264004000,16.93,None,55.75,43.43
2025-12-28,HTO,3.0,766656000.0,16.93,None,0.525,40.88,,None,43069000,43069000,,,,,,,,,9683000,18802606,None,49271000,49271000,6687000,None,None,41877000,None,None,19654000,,1.62,0.0322,,,,0.361,0.1,180105000,199759000,1.17,2011-09-30,16.86,None,435348000.0,130834000,36613000,14773000,None,None,None,None,None,989000,None,None,None,None,None,21840000,None,None,None,0.224,,85949000,44885000,3260000,25352000,None,None,None,,,,,2.134,1.229,2.264,,,,,,,,0.129,,None,2025-10-27,quarterly,1.27,None,pre-market,None,224132000,0.0256,0.0749,0.122,23.14,None,351156000,6654000,None,53.11,52.24,8.547,1013243000,89195000,38693000,752875000,924048000,714182000,180105000,260368000,16.93,None,55.75,43.43
2025-12-28,HTO,3.0,766656000.0,16.93,None,0.525,40.88,,None,45356000,45356000,,,,,,,,,9676000,18784694,None,49271000,49271000,9765000,None,None,35220000,None,None,19654000,,1.62,0.0322,,,,0.361,0.1,180105000,199759000,1.17,2011-06-30,16.86,None,435348000.0,130834000,36613000,14773000,None,None,None,None,None,972000,None,None,None,None,None,21840000,None,None,None,0.224,,85949000,44885000,2266000,21680000,None,None,None,,,,,2.134,1.229,2.264,,,,,,,,0.129,,None,2025-10-27,quarterly,1.27,None,pre-market,None,219155000,0.0256,0.0749,0.122,23.14,None,352730000,7919000,None,53.11,52.24,8.547,1000314000,83814000,39364000,745166000,916500000,705802000,180105000,255148000,16.93,None,55.75,43.43
2025-12-28,HTO,3.0,766656000.0,16.93,None,0.525,40.88,,None,2354000,2354000,,,,,,,,,9675000,18775385,None,49271000,49271000,10609000,None,None,34572000,None,None,19654000,,1.62,0.0322,,,,0.361,0.1,180105000,199759000,1.17,2011-03-31,16.86,None,435348000.0,130834000,36613000,14773000,14313000,14313000,None,None,None,1015000,None,None,None,None,None,21840000,None,None,None,0.224,,85949000,44885000,1120000,17813000,None,None,None,,,,,2.134,1.229,2.264,,,,,,,,0.129,,None,2025-10-27,quarterly,1.27,None,pre-market,None,216942000,0.0256,0.0749,0.122,23.14,None,307708000,12649000,None,53.11,52.24,8.547,947678000,39061000,41071000,694905000,908617000,653834000,180105000,252773000,16.93,None,55.75,43.43
2025-12-28,HTO,3.0,766656000.0,16.93,None,0.525,40.88,,None,1730000,1730000,,,,,,,,,9662000,18747158,None,49271000,49271000,5487000,None,None,33835000,None,None,19654000,,1.62,0.0322,,,,0.361,0.1,180105000,199759000,1.17,2010-12-31,16.86,None,435348000.0,130834000,36613000,14773000,13538000,13538000,None,None,None,989000,None,None,None,None,None,21840000,None,None,None,0.224,,85949000,44885000,1473000,18535000,None,None,None,,,,,2.134,1.229,2.264,,,,,,,,0.129,,None,2025-10-27,quarterly,1.27,None,pre-market,None,219568000,0.0256,0.0749,0.122,23.14,None,300837000,5133000,None,53.11,52.24,8.547,935362000,38027000,29155000,680330000,897335000,651175000,180105000,255032000,16.93,None,55.75,43.43
2025-12-28,HTO,3.0,766656000.0,16.93,None,0.525,40.88,,None,3335000,3335000,,,,,,,,,9657000,18752000,None,49271000,49271000,21273000,None,None,36204000,None,None,19654000,,1.62,0.0322,,,,0.361,0.1,180105000,199759000,1.17,2010-09-30,16.86,None,435348000.0,130834000,36613000,14773000,13258000,13258000,None,None,None,974000,None,None,None,None,None,21840000,None,None,None,0.224,,85949000,44885000,2131000,23809000,None,None,None,,,,,2.134,1.229,2.264,,,,,,,,0.129,,None,2025-10-27,quarterly,1.27,None,pre-market,None,214632000,0.0256,0.0749,0.122,23.14,None,300634000,4644000,None,53.11,52.24,8.547,955392000,42644000,53163000,697425000,912748000,644262000,180105000,257967000,16.93,None,55.75,43.43
2025-12-28,HTO,3.0,766656000.0,16.93,None,0.525,40.88,,None,3495000,3495000,,,,,,,,,9650000,18741000,None,49271000,49271000,17965000,None,None,30912000,None,None,19654000,,1.62,0.0322,,,,0.361,0.1,180105000,199759000,1.17,2010-06-30,16.86,None,435348000.0,130834000,36613000,14773000,30912000,30912000,None,None,None,988000,None,None,None,None,None,21840000,None,None,None,0.224,,85949000,44885000,29053000,22180000,None,None,None,,,,,2.134,1.229,2.264,,,,,,,,0.129,,None,2025-10-27,quarterly,1.27,None,pre-market,None,207028000,0.0256,0.0749,0.122,23.14,None,309253000,12958000,None,53.11,52.24,8.547,952980000,64448000,55014000,701196000,888532000,646182000,180105000,251784000,16.93,None,55.75,43.43
2025-12-28,HTO,3.0,766656000.0,16.93,None,0.525,40.88,,None,1800000,1800000,,,,,,,,,9650000,18721000,None,49271000,49271000,10595000,None,None,21799000,None,None,19654000,,1.62,0.0322,,,,0.361,0.1,180105000,199759000,1.17,2010-03-31,16.86,None,435348000.0,130834000,36613000,14773000,11549000,11549000,None,None,None,994000,None,None,None,None,None,21840000,None,None,None,0.224,,85949000,44885000,1295000,15300000,None,None,None,,,,,2.134,1.229,2.264,,,,,,,,0.129,,None,2025-10-27,quarterly,1.27,None,pre-market,None,205693000,0.0256,0.0749,0.122,23.14,None,262041000,15466000,None,53.11,52.24,8.547,890662000,25888000,42967000,639156000,864774000,596189000,180105000,251506000,16.93,None,55.75,43.43
2025-12-28,HTO,3.0,766656000.0,16.93,None,0.525,40.88,,None,1416000,1416000,,,,,,,,,9635000,18685114,None,49271000,49271000,6562000,None,None,24004000,None,None,19654000,,1.62,0.0322,,,,0.361,0.1,180105000,199759000,1.17,2009-12-31,16.86,None,435348000.0,130834000,36613000,14773000,11278000,11278000,None,None,None,994000,None,None,None,None,None,21840000,None,None,None,0.224,,85949000,44885000,1596000,17034000,None,None,None,,,,,2.134,1.229,2.264,,,,,,,,0.129,,None,2025-10-27,quarterly,1.27,None,pre-market,None,207888000,0.0256,0.0749,0.122,23.14,None,253760000,6881000,None,53.11,52.24,8.547,878474000,28010000,31958000,625718000,850464000,593760000,180105000,252756000,16.93,None,55.75,43.43
2025-12-28,HTO,3.0,766656000.0,16.93,None,0.525,40.88,,None,1860000,1860000,,,,,,,,,9635000,18689769,None,49271000,49271000,9125000,None,None,35396000,None,None,19654000,,1.62,0.0322,,,,0.361,0.1,180105000,199759000,1.17,2009-09-30,16.86,None,435348000.0,130834000,36613000,14773000,11278000,11278000,None,None,None,924000,None,None,None,None,None,21840000,None,None,None,0.224,,85949000,44885000,1681000,20896000,None,None,None,,,,,2.134,1.229,2.264,,,,,,,,0.129,,None,2025-10-27,quarterly,1.27,None,pre-market,None,208351000,0.0256,0.0749,0.122,23.14,None,251094000,5081000,None,53.11,52.24,8.547,881264000,39861000,37324000,626857000,841403000,589533000,180105000,254407000,16.93,None,55.75,43.43
2025-12-28,HTO,3.0,766656000.0,16.93,None,0.525,40.88,,None,4771000,4771000,,,,,,,,,9628000,18670057,None,49271000,49271000,10350000,None,None,34297000,None,None,19654000,,1.62,0.0322,,,,0.361,0.1,180105000,199759000,1.17,2009-06-30,16.86,None,435348000.0,130834000,36613000,14773000,10790000,10790000,None,None,None,947000,None,None,None,None,None,21840000,None,None,None,0.224,,85949000,44885000,1511000,21600000,None,None,None,,,,,2.134,1.229,2.264,,,,,,,,0.129,,None,2025-10-27,quarterly,1.27,None,pre-market,None,203417000,0.0256,0.0749,0.122,23.14,None,249949000,3728000,None,53.11,52.24,8.547,870355000,41526000,37003000,622752000,828829000,585749000,180105000,247603000,16.93,None,55.75,43.43
2025-12-28,HTO,3.0,766656000.0,16.93,None,0.525,40.88,,None,2436000,2436000,,,,,,,,,9624000,18658382,None,49271000,49271000,7670000,None,None,24800000,None,None,19654000,,1.62,0.0322,,,,0.361,0.1,180105000,199759000,1.17,2009-03-31,16.86,None,435348000.0,130834000,36613000,14773000,10790000,10790000,None,None,None,1008000,None,None,None,None,None,21840000,None,None,None,0.224,,85949000,44885000,1143000,13819000,None,None,None,,,,,2.134,1.229,2.264,,,,,,,,0.129,,None,2025-10-27,quarterly,1.27,None,pre-market,None,202079000,0.0256,0.0749,0.122,23.14,None,243843000,17436000,None,53.11,52.24,8.547,854396000,29387000,40657000,605124000,825009000,564467000,180105000,249272000,16.93,None,55.75,43.43
2025-12-28,HTO,3.0,766656000.0,16.93,None,0.525,40.88,,None,3406000,3406000,,,,,,,,,9611000,18614308,None,49271000,49271000,5758000,None,None,26329000,None,None,19654000,,1.62,0.0322,,,,0.361,0.1,180105000,199759000,1.17,2008-12-31,16.86,None,435348000.0,130834000,36613000,14773000,26329000,26329000,None,None,None,933000,None,None,None,None,None,21840000,None,None,None,0.224,,85949000,44885000,1293000,17605000,None,None,None,,,,,2.134,1.229,2.264,,,,,,,,0.129,,None,2025-10-27,quarterly,1.27,None,pre-market,None,204744000,0.0256,0.0749,0.122,23.14,None,235718000,19105000,None,53.11,52.24,8.547,850877000,31961000,43323000,596551000,818916000,553228000,180105000,254326000,16.93,None,55.75,43.43
2025-12-28,HTO,3.0,766656000.0,16.93,None,0.525,40.88,,None,2177000,2177000,,,,,,,,,9597000,18618780,None,49271000,49271000,8426000,None,None,37385000,None,None,19654000,,1.62,0.0322,,,,0.361,0.1,180105000,199759000,1.17,2008-09-30,16.86,None,435348000.0,130834000,36613000,14773000,None,None,None,None,None,857000,None,None,None,None,None,21840000,None,None,None,0.224,,85949000,44885000,1705000,23715000,None,None,None,,,,,2.134,1.229,2.264,,,,,,,,0.129,,None,2025-10-27,quarterly,1.27,None,pre-market,None,203547000,0.0256,0.0749,0.122,23.14,None,236431000,19658000,None,53.11,52.24,8.547,808937000,42124000,51799000,561379000,766813000,None,180105000,247558000,16.93,None,55.75,43.43
2025-12-28,HTO,3.0,766656000.0,16.93,None,0.525,40.88,,None,1836000,1836000,,,,,,,,,9592000,18596276,None,49271000,49271000,6194000,None,None,35243000,None,None,19654000,,1.62,0.0322,,,,0.361,0.1,180105000,199759000,1.17,2008-06-30,16.86,None,435348000.0,130834000,36613000,14773000,None,None,None,None,None,844000,None,None,None,None,None,21840000,None,None,None,0.224,,85949000,44885000,1177000,22680000,None,None,None,,,,,2.134,1.229,2.264,,,,,,,,0.129,,None,2025-10-27,quarterly,1.27,None,pre-market,None,198302000,0.0256,0.0749,0.122,23.14,None,233176000,16143000,None,53.11,52.24,8.547,787946000,39100000,45017000,549756000,748846000,None,180105000,238190000,16.93,None,55.75,43.43
2025-12-28,HTO,3.0,766656000.0,16.93,None,0.525,40.88,,None,1715000,1715000,,,,,,,,,9574000,18592386,None,49271000,49271000,6697000,None,None,23726000,None,None,19654000,,1.62,0.0322,,,,0.361,0.1,180105000,199759000,1.17,2008-03-31,16.86,None,435348000.0,130834000,36613000,14773000,None,None,None,None,None,816000,None,None,None,None,None,21840000,None,None,None,0.224,,85949000,44885000,1377000,16825000,None,None,None,,,,,2.134,1.229,2.264,,,,,,,,0.129,,None,2025-10-27,quarterly,1.27,None,pre-market,None,195038000,0.0256,0.0749,0.122,23.14,None,227861000,10675000,None,53.11,52.24,8.547,774311000,27634000,34197000,536313000,746677000,None,180105000,237998000,16.93,None,55.75,43.43
2025-12-28,HTO,3.0,766656000.0,16.93,None,0.525,40.88,,None,2354000,2354000,,,,,,,,,9564000,18556930,None,49271000,49271000,9268000,None,None,24266000,None,None,19654000,,1.62,0.0322,,,,0.361,0.1,180105000,199759000,1.17,2007-12-31,16.86,None,435348000.0,130834000,36613000,14773000,None,None,None,None,None,782000,None,None,None,None,None,21840000,None,None,None,0.224,,85949000,44885000,4189000,18064000,None,None,None,,,,,2.134,1.229,2.264,,,,,,,,0.129,,None,2025-10-27,quarterly,1.27,None,pre-market,None,195331000,0.0256,0.0749,0.122,23.14,None,221934000,5622000,None,53.11,52.24,8.547,767326000,31591000,32954000,530392000,735735000,None,180105000,236934000,16.93,None,55.75,43.43
2025-12-28,HTO,3.0,766656000.0,16.93,None,0.525,40.88,,None,2227000,2227000,,,,,,,,,9563000,18561631,None,49271000,49271000,7978000,None,None,33537000,None,None,19654000,,1.62,0.0322,,,,0.361,0.1,180105000,199759000,1.17,2007-09-30,16.86,None,435348000.0,130834000,36613000,14773000,None,None,None,None,None,871000,None,None,None,None,None,21840000,None,None,None,0.224,,85949000,44885000,1971000,24931000,None,None,None,,,,,2.134,1.229,2.264,,,,,,,,0.129,,None,2025-10-27,quarterly,1.27,None,pre-market,None,194377000,0.0256,0.0749,0.122,23.14,None,204615000,8154000,None,53.11,52.24,8.547,761606000,38606000,41063000,524822000,723000000,None,180105000,236784000,16.93,None,55.75,43.43
2025-12-28,HTO,3.0,766656000.0,16.93,None,0.525,40.88,,None,5693000,5693000,,,,,,,,,9549000,18539267,None,49271000,49271000,5082000,None,None,30407000,None,None,19654000,,1.62,0.0322,,,,0.361,0.1,180105000,199759000,1.17,2007-06-30,16.86,None,435348000.0,130834000,36613000,14773000,30407000,30407000,None,None,None,895000,None,None,None,None,None,21840000,None,None,None,0.224,,85949000,44885000,1080000,25351000,None,None,None,,,,,2.134,1.229,2.264,,,,,,,,0.129,,None,2025-10-27,quarterly,1.27,None,pre-market,None,189192000,0.0256,0.0749,0.122,23.14,None,200803000,4113000,None,53.11,52.24,8.547,745923000,38075000,34546000,515773000,707848000,None,180105000,230150000,16.93,None,55.75,43.43
2025-12-28,HTO,3.0,766656000.0,16.93,None,0.525,40.88,,None,2691000,2691000,,,,,,,,,9538000,18526120,None,49271000,49271000,4351000,None,None,21121000,None,None,19654000,,1.62,0.0322,,,,0.361,0.1,180105000,199759000,1.17,2007-03-31,16.86,None,435348000.0,130834000,36613000,14773000,None,None,None,None,None,820000,None,None,None,None,None,21840000,None,None,None,0.224,,85949000,44885000,1214000,14839000,None,None,None,,,,,2.134,1.229,2.264,,,,,,,,0.129,,None,2025-10-27,quarterly,1.27,None,pre-market,None,186612000,0.0256,0.0749,0.122,23.14,None,197480000,644000,None,53.11,52.24,8.547,724918000,25846000,19834000,497211000,699072000,None,180105000,227707000,16.93,None,55.75,43.43
2025-12-28,HTO,3.0,766656000.0,16.93,None,0.525,40.88,,None,3788000,3788000,,,,,,,,,9522000,18543702,None,49271000,49271000,7267000,None,None,21956000,None,None,19654000,,1.62,0.0322,,,,0.361,0.1,180105000,199759000,1.17,2006-12-31,16.86,None,435348000.0,130834000,36613000,14773000,None,None,None,None,None,932000,None,None,None,None,None,21840000,None,None,None,0.224,,85949000,44885000,32799000,13994000,None,None,None,,,,,2.134,1.229,2.264,,,,,,,,0.129,,None,2025-10-27,quarterly,1.27,None,pre-market,None,186876000,0.0256,0.0749,0.122,23.14,None,179633000,15985000,None,53.11,52.24,8.547,705864000,59475000,37246000,477682000,646389000,None,180105000,228182000,16.93,None,55.75,43.43
2025-12-28,HTO,3.0,766656000.0,16.93,None,0.525,40.88,,None,2896000,2896000,,,,,,,,,9521000,18558508,None,49271000,49271000,9374000,None,None,32737000,None,None,19654000,,1.62,0.0322,,,,0.361,0.1,180105000,199759000,1.17,2006-09-30,16.86,None,435348000.0,130834000,36613000,14773000,32737000,32737000,None,None,None,653000,None,None,None,None,None,21840000,None,None,None,0.224,,85949000,44885000,4724000,22360000,None,None,None,,,,,2.134,1.229,2.264,,,,,,,,0.129,,None,2025-10-27,quarterly,1.27,None,pre-market,None,172208000,0.0256,0.0749,0.122,23.14,None,177186000,28494000,None,53.11,52.24,8.547,648386000,41010000,60228000,440899000,607376000,None,180105000,207487000,16.93,None,55.75,43.43
2025-12-28,HTO,3.0,766656000.0,16.93,None,0.525,40.88,,None,2562000,2562000,,,,,,,,,9516000,18530671,None,49271000,49271000,3718000,None,None,26760000,None,None,19654000,,1.62,0.0322,,,,0.361,0.1,180105000,199759000,1.17,2006-06-30,16.86,None,435348000.0,130834000,36613000,14773000,26760000,26760000,None,None,None,662000,None,None,None,None,None,21840000,None,None,None,0.224,,85949000,44885000,3901000,23125000,None,None,None,,,,,2.134,1.229,2.264,,,,,,,,0.129,,None,2025-10-27,quarterly,1.27,None,pre-market,None,166100000,0.0256,0.0749,0.122,23.14,None,172314000,23389000,None,53.11,52.24,8.547,631045000,33885000,50232000,430456000,597160000,None,180105000,200589000,16.93,None,55.75,43.43
2025-12-28,HTO,3.0,766656000.0,16.93,None,0.525,40.88,,None,9817000,9817000,,,,,,,,,9516000,18530097,None,49271000,49271000,4595000,None,None,16794000,None,None,19654000,,1.62,0.0322,,,,0.361,0.1,180105000,199759000,1.17,2006-03-31,16.86,None,435348000.0,130834000,36613000,14773000,16794000,16794000,None,None,None,634000,None,None,None,None,None,21840000,None,None,None,0.224,,85949000,44885000,4391000,15336000,None,None,None,,,,,2.134,1.229,2.264,,,,,,,,0.129,,None,2025-10-27,quarterly,1.27,None,pre-market,None,162210000,0.0256,0.0749,0.122,23.14,None,145541000,378000,None,53.11,52.24,8.547,599745000,31636000,20309000,397421000,568109000,None,180105000,202324000,16.93,None,55.75,43.43
2025-12-28,HTO,3.0,766656000.0,16.93,None,0.525,40.88,,None,9398000,9398000,,,,,,,,,9516000,18481715,None,49271000,49271000,5120000,None,None,19851000,None,None,19654000,,1.62,0.0322,,,,0.361,0.1,180105000,199759000,1.17,2005-12-31,16.86,None,435348000.0,130834000,36613000,14773000,19851000,19851000,None,None,None,624000,None,None,None,None,None,21840000,None,None,None,0.224,,85949000,44885000,1819000,15492000,None,None,None,,,,,2.134,1.229,2.264,,,,,,,,0.129,,None,2025-10-27,quarterly,1.27,None,pre-market,None,160588000,0.0256,0.0749,0.122,23.14,None,145613000,332000,None,53.11,52.24,8.547,587709000,31692000,20944000,391801000,556017000,None,180105000,195908000,16.93,None,55.75,43.43
2025-12-28,HTO,3.0,766656000.0,16.93,None,0.525,40.88,,None,11152000,11152000,,,,,,,,,9521000,18481715,None,49271000,49271000,6018000,None,None,31957000,None,None,19654000,,1.62,0.0322,,,,0.361,0.1,180105000,199759000,1.17,2005-09-30,16.86,None,435348000.0,130834000,36613000,14773000,31957000,31957000,None,None,None,635000,None,None,None,None,None,21840000,None,None,None,0.224,,85949000,44885000,2670000,20680000,None,None,None,,,,,2.134,1.229,2.264,,,,,,,,0.129,,None,2025-10-27,quarterly,1.27,None,pre-market,None,158816000,0.0256,0.0749,0.122,23.14,None,145629000,72000,None,53.11,52.24,8.547,588153000,46414000,26770000,390074000,541739000,None,180105000,198079000,16.93,None,55.75,43.43
2025-12-28,HTO,3.0,766656000.0,16.93,None,0.525,40.88,,None,11114000,11114000,,,,,,,,,34000,33694000,None,49271000,49271000,56256000,None,122772000,142538000,None,None,19654000,,1.62,0.0322,,,,0.361,0.1,180105000,199759000,1.17,2024-12-31,16.86,640311000,435348000.0,130834000,36613000,14773000,42079000,42079000,None,None,None,None,None,None,1706904000,None,18087000,21840000,None,None,None,0.224,,85949000,44885000,37062000,82145000,None,363036000,None,,,,,2.134,1.229,2.264,,,,,,,,0.129,,None,2025-10-27,annual,1.27,USD,pre-market,None,537184000,0.0256,0.0749,0.122,23.14,None,1829676000,122772000,None,53.11,52.24,8.547,4658309000,190714000,261173000,3291335000,4467595000,3030162000,180105000,1366974000,16.93,None,55.75,43.43
2025-12-28,HTO,3.0,766656000.0,16.93,None,0.525,40.88,,None,9723000,9723000,,,,,,,,,32000,31663000,None,49271000,49271000,46121000,None,220475000,126284000,None,None,19654000,,1.62,0.0322,,,,0.361,0.1,180105000,199759000,1.17,2023-12-31,16.86,640311000,435348000.0,130834000,36613000,14773000,43443000,43443000,None,None,None,None,None,None,1526699000,None,16411000,21840000,None,None,None,0.224,,85949000,44885000,62382000,76378000,None,348943000,None,,,,,2.134,1.229,2.264,,,,,,,,0.129,,None,2025-10-27,annual,1.27,USD,pre-market,None,495383000,0.0256,0.0749,0.122,23.14,None,1747174000,220475000,None,53.11,52.24,8.547,4345067000,198389000,342974000,3111670000,4146678000,2768696000,180105000,1233397000,16.93,None,55.75,43.43
2025-12-28,HTO,3.0,766656000.0,16.93,None,0.525,40.88,,None,12344000,12344000,,,,,,,,,31000,30424000,None,49271000,49271000,29581000,None,163938000,110454000,None,None,19654000,,1.62,0.0322,,,,0.361,0.1,180105000,199759000,1.17,2022-12-31,16.86,640311000,435348000.0,130834000,36613000,14773000,35959000,35959000,None,None,None,None,None,None,1491965000,None,14819000,21840000,None,None,None,0.224,,85949000,44885000,35588000,72107000,None,349552000,None,,,,,2.134,1.229,2.264,,,,,,,,0.129,,None,2025-10-27,annual,1.27,USD,pre-market,None,458356000,0.0256,0.0749,0.122,23.14,None,1655903000,163938000,None,53.11,52.24,8.547,3755056000,158386000,268322000,2644188000,3596670000,2375866000,180105000,1110868000,16.93,None,55.75,43.43
2025-12-28,HTO,3.0,766656000.0,16.93,None,0.525,40.88,,None,10908000,10908000,,,,,,,,,30000,29736000,None,49271000,49271000,30391000,None,102102000,104768000,None,None,19654000,,1.62,0.0322,,,,0.361,0.1,180105000,199759000,1.17,2021-12-31,16.86,640471000,435348000.0,130834000,36613000,14773000,20650000,20650000,None,None,None,None,None,None,1492935000,None,15784000,21840000,None,None,None,0.224,,85949000,44885000,18409000,70778000,None,340528000,None,,,,,2.134,1.229,2.264,,,,,,,,0.129,,None,2025-10-27,annual,1.27,USD,pre-market,None,428260000,0.0256,0.0749,0.122,23.14,None,1595037000,102102000,None,53.11,52.24,8.547,3492395000,134085000,203271000,2457876000,3358310000,2254605000,180105000,1034519000,16.93,None,55.75,43.43
2025-12-28,HTO,3.0,766656000.0,16.93,None,0.525,40.88,,None,5269000,5269000,,,,,,,,,29000,28695000,None,49271000,49271000,34200000,None,None,103092000,None,None,19654000,,1.62,0.0322,,,,0.361,0.1,180105000,199759000,1.17,2020-12-31,16.86,628144000,435348000.0,130834000,36613000,14773000,35167000,35167000,None,None,None,None,None,None,None,None,None,21840000,None,None,None,0.224,,85949000,44885000,18970000,65260000,None,None,None,,,,,2.134,1.229,2.264,,,,,,,,0.129,,None,2025-10-27,annual,1.27,None,pre-market,None,408037000,0.0256,0.0749,0.122,23.14,None,1538915000,251335000,None,53.11,52.24,8.547,3311465000,127331000,350795000,2394305000,3184134000,2043510000,180105000,917160000,16.93,None,55.75,43.43
2025-12-28,HTO,3.0,766656000.0,16.93,None,0.525,40.88,,None,12944000,12944000,,,,,,,,,28000,28563000,None,49271000,49271000,34886000,None,None,88077000,None,None,19654000,,1.62,0.0322,,,,0.361,0.1,180105000,199759000,1.17,2019-12-31,16.86,628287000,435348000.0,130834000,36613000,14773000,33424000,33424000,None,None,None,None,None,None,None,None,None,21840000,None,None,None,0.224,,85949000,44885000,21025000,58161000,None,None,None,,,,,2.134,1.229,2.264,,,,,,,,0.129,,None,2025-10-27,annual,1.27,None,pre-market,None,383191000,0.0256,0.0749,0.122,23.14,None,1423078000,139481000,None,53.11,52.24,8.547,3132470000,122046000,234567000,2242486000,3010424000,2007919000,180105000,889984000,16.93,None,55.75,43.43
2025-12-28,HTO,3.0,766656000.0,16.93,None,0.525,40.88,,None,420722000,420722000,,,,,,,,,28000,21332000,None,49271000,49271000,24937000,None,None,50219000,None,None,19654000,,1.62,0.0322,,,,0.361,0.1,180105000,199759000,1.17,2018-12-31,16.86,1680000,435348000.0,130834000,36613000,14773000,15799000,15799000,None,None,None,None,None,None,None,None,None,21840000,None,None,None,0.224,,85949000,44885000,31781000,37122000,None,None,None,,,,,2.134,1.229,2.264,,,,,,,,0.129,,None,2025-10-27,annual,1.27,None,pre-market,None,393918000,0.0256,0.0749,0.122,23.14,None,531424000,100000000,None,53.11,52.24,8.547,1956389000,502722000,163985000,1067077000,1453667000,903092000,180105000,889312000,16.93,None,55.75,43.43
2025-12-28,HTO,3.0,766656000.0,16.93,None,0.525,40.88,,None,7799000,7799000,,,,,,,,,21000,20685000,None,49271000,49271000,22960000,None,None,54309000,None,None,19654000,,1.62,0.0322,,,,0.361,0.1,180105000,199759000,1.17,2017-12-31,16.86,None,435348000.0,130834000,36613000,14773000,14413000,14413000,None,None,None,56213000,None,None,None,None,None,21840000,None,None,None,0.224,,85949000,44885000,-51463000,35188000,None,None,None,,,,,2.134,1.229,2.264,,,,,,,,0.129,,None,2025-10-27,annual,1.27,None,pre-market,None,376119000,0.0256,0.0749,0.122,23.14,None,456092000,25000000,None,53.11,52.24,8.547,1458001000,66858000,85052000,994792000,1391143000,909740000,180105000,463209000,16.93,None,55.75,43.43
2025-12-28,HTO,3.0,766656000.0,16.93,None,0.525,40.88,,None,6349000,6349000,,,,,,,,,21000,20589000,None,49271000,49271000,18739000,None,None,53795000,None,None,19654000,,1.62,0.0322,,,,0.361,0.1,180105000,199759000,1.17,2016-12-31,16.86,None,435348000.0,130834000,36613000,14773000,23989000,23989000,None,None,None,None,None,None,None,None,None,21840000,None,None,None,0.224,,85949000,44885000,39467000,28828000,None,None,None,,,,,2.134,1.229,2.264,,,,,,,,0.129,,None,2025-10-27,annual,1.27,None,pre-market,None,338386000,0.0256,0.0749,0.122,23.14,None,447660000,14325000,None,53.11,52.24,8.547,1443376000,99611000,63573000,1021730000,1343765000,958157000,180105000,421646000,16.93,None,55.75,43.43
2025-12-28,HTO,3.0,766656000.0,16.93,None,0.525,40.88,,None,5239000,5239000,,,,,,,,,21000,20516000,None,49271000,49271000,16196000,None,None,46851000,None,None,19654000,,1.62,0.0322,,,,0.361,0.1,180105000,199759000,1.17,2015-12-31,16.86,None,435348000.0,130834000,36613000,14773000,15558000,15558000,None,None,None,None,None,None,None,None,None,21840000,None,None,None,0.224,,85949000,44885000,21286000,23714000,None,None,None,,,,,2.134,1.229,2.264,,,,,,,,0.129,,None,2025-10-27,annual,1.27,None,pre-market,None,302220000,0.0256,0.0749,0.122,23.14,None,415278000,38091000,None,53.11,52.24,8.547,1337325000,73376000,79623000,953542000,1263949000,873919000,180105000,383783000,16.93,None,55.75,43.43
2025-12-28,HTO,3.0,766656000.0,16.93,None,0.525,40.88,,None,2399000,2399000,,,,,,,,,10567000,20417000,None,49271000,49271000,7001000,None,None,45327000,None,None,19654000,,1.62,0.0322,,,,0.361,0.1,180105000,199759000,1.17,2014-12-31,16.86,None,435348000.0,130834000,36613000,14773000,13781000,13781000,None,None,None,1214000,None,None,None,None,None,21840000,None,None,None,0.224,,85949000,44885000,19153000,22302000,None,None,None,,,,,2.134,1.229,2.264,,,,,,,,0.129,,None,2025-10-27,annual,1.27,None,pre-market,None,280773000,0.0256,0.0749,0.122,23.14,None,398149000,13784000,None,53.11,52.24,8.547,1269304000,68093000,44694000,909149000,1201211000,864455000,180105000,360155000,16.93,None,55.75,43.43
2025-12-28,HTO,3.0,766656000.0,16.93,None,0.525,40.88,,None,2299000,2299000,,,,,,,,,10505000,19971000,None,49271000,49271000,12587000,None,None,34189000,None,None,19654000,,1.62,0.0322,,,,0.361,0.1,180105000,199759000,1.17,2013-12-31,16.86,None,435348000.0,130834000,36613000,14773000,18341000,18341000,None,None,None,1045000,None,None,None,None,None,21840000,None,None,None,0.224,,85949000,44885000,2119000,22036000,None,None,None,,,,,2.134,1.229,2.264,,,,,,,,0.129,,None,2025-10-27,annual,1.27,None,pre-market,None,244266000,0.0256,0.0749,0.122,23.14,None,357951000,22954000,None,53.11,52.24,8.547,1109986000,39652000,59195000,788811000,1070334000,729616000,180105000,321175000,16.93,None,55.75,43.43
2025-12-28,HTO,3.0,766656000.0,16.93,None,0.525,40.88,,None,2522000,2522000,,,,,,,,,9724000,18839000,None,49271000,49271000,8481000,None,None,29944000,None,None,19654000,,1.62,0.0322,,,,0.361,0.1,180105000,199759000,1.17,2012-12-31,16.86,None,435348000.0,130834000,36613000,14773000,10701000,10701000,None,None,None,1088000,None,None,None,None,None,21840000,None,None,None,0.224,,85949000,44885000,9357000,18469000,None,None,None,,,,,2.134,1.229,2.264,,,,,,,,0.129,,None,2025-10-27,annual,1.27,None,pre-market,None,236453000,0.0256,0.0749,0.122,23.14,None,356290000,20692000,None,53.11,52.24,8.547,1087499000,42911000,49107000,812895000,1044588000,763788000,180105000,274604000,16.93,None,55.75,43.43
2025-12-28,HTO,3.0,766656000.0,16.93,None,0.525,40.88,,None,26734000,26734000,,,,,,,,,9684000,18794066,None,49271000,49271000,7417000,None,None,33853000,None,None,19654000,,1.62,0.0322,,,,0.361,0.1,180105000,199759000,1.17,2011-12-31,16.86,None,435348000.0,130834000,36613000,14773000,10213000,10213000,None,None,None,991000,None,None,None,None,None,21840000,None,None,None,0.224,,85949000,44885000,7337000,18735000,None,None,None,,,,,2.134,1.229,2.264,,,,,,,,0.129,,None,2025-10-27,annual,1.27,None,pre-market,None,227494000,0.0256,0.0749,0.122,23.14,None,344686000,838000,None,53.11,52.24,8.547,1038810000,68915000,28288000,774806000,969895000,746518000,180105000,264004000,16.93,None,55.75,43.43
2025-12-28,HTO,3.0,766656000.0,16.93,None,0.525,40.88,,None,1730000,1730000,,,,,,,,,9662000,18742315,None,49271000,49271000,5487000,None,None,33835000,None,None,19654000,,1.62,0.0322,,,,0.361,0.1,180105000,199759000,1.17,2010-12-31,16.86,None,435348000.0,130834000,36613000,14773000,13538000,13538000,None,None,None,989000,None,None,None,None,None,21840000,None,None,None,0.224,,85949000,44885000,1473000,18535000,None,None,None,,,,,2.134,1.229,2.264,,,,,,,,0.129,,None,2025-10-27,annual,1.27,None,pre-market,None,219568000,0.0256,0.0749,0.122,23.14,None,300837000,5133000,None,53.11,52.24,8.547,935362000,38027000,29155000,680330000,897335000,651175000,180105000,255032000,16.93,None,55.75,43.43
2025-12-28,HTO,3.0,766656000.0,16.93,None,0.525,40.88,,None,1416000,1416000,,,,,,,,,9635000,18680458,None,49271000,49271000,6562000,None,None,24004000,None,None,19654000,,1.62,0.0322,,,,0.361,0.1,180105000,199759000,1.17,2009-12-31,16.86,None,435348000.0,130834000,36613000,14773000,11278000,11278000,None,None,None,994000,None,None,None,None,None,21840000,None,None,None,0.224,,85949000,44885000,1596000,17034000,None,None,None,,,,,2.134,1.229,2.264,,,,,,,,0.129,,None,2025-10-27,annual,1.27,None,pre-market,None,207888000,0.0256,0.0749,0.122,23.14,None,253760000,6881000,None,53.11,52.24,8.547,878474000,28010000,31958000,625718000,850464000,593760000,180105000,252756000,16.93,None,55.75,43.43
2025-12-28,HTO,3.0,766656000.0,16.93,None,0.525,40.88,,None,3406000,3406000,,,,,,,,,9611000,18609836,None,49271000,49271000,5758000,None,None,26329000,None,None,19654000,,1.62,0.0322,,,,0.361,0.1,180105000,199759000,1.17,2008-12-31,16.86,None,435348000.0,130834000,36613000,14773000,26329000,26329000,None,None,None,933000,None,None,None,None,None,21840000,None,None,None,0.224,,85949000,44885000,1293000,17605000,None,None,None,,,,,2.134,1.229,2.264,,,,,,,,0.129,,None,2025-10-27,annual,1.27,None,pre-market,None,204744000,0.0256,0.0749,0.122,23.14,None,235718000,19105000,None,53.11,52.24,8.547,850877000,31961000,43323000,596551000,818916000,553228000,180105000,254326000,16.93,None,55.75,43.43
2025-12-28,HTO,3.0,766656000.0,16.93,None,0.525,40.88,,None,2354000,2354000,,,,,,,,,9564000,18552228,None,49271000,49271000,9268000,None,None,24266000,None,None,19654000,,1.62,0.0322,,,,0.361,0.1,180105000,199759000,1.17,2007-12-31,16.86,None,435348000.0,130834000,36613000,14773000,None,None,None,None,None,782000,None,None,None,None,None,21840000,None,None,None,0.224,,85949000,44885000,4189000,18064000,None,None,None,,,,,2.134,1.229,2.264,,,,,,,,0.129,,None,2025-10-27,annual,1.27,None,pre-market,None,195331000,0.0256,0.0749,0.122,23.14,None,221934000,5622000,None,53.11,52.24,8.547,767326000,31591000,32954000,530392000,735735000,None,180105000,236934000,16.93,None,55.75,43.43
2025-12-28,HTO,3.0,766656000.0,16.93,None,0.525,40.88,,None,3788000,3788000,,,,,,,,,9522000,18528896,None,49271000,49271000,7267000,None,None,21956000,None,None,19654000,,1.62,0.0322,,,,0.361,0.1,180105000,199759000,1.17,2006-12-31,16.86,None,435348000.0,130834000,36613000,14773000,None,None,None,None,None,932000,None,None,None,None,None,21840000,None,None,None,0.224,,85949000,44885000,32799000,13994000,None,None,None,,,,,2.134,1.229,2.264,,,,,,,,0.129,,None,2025-10-27,annual,1.27,None,pre-market,None,186876000,0.0256,0.0749,0.122,23.14,None,179633000,15985000,None,53.11,52.24,8.547,705864000,59475000,37246000,477682000,646389000,None,180105000,228182000,16.93,None,55.75,43.43
2025-12-28,HTO,3.0,766656000.0,16.93,None,0.525,40.88,,None,9398000,9398000,,,,,,,,,9516000,18481715,None,49271000,49271000,5120000,None,None,19851000,None,None,19654000,,1.62,0.0322,,,,0.361,0.1,180105000,199759000,1.17,2005-12-31,16.86,None,435348000.0,130834000,36613000,14773000,19851000,19851000,None,None,None,624000,None,None,None,None,None,21840000,None,None,None,0.224,,85949000,44885000,1819000,15492000,None,None,None,,,,,2.134,1.229,2.264,,,,,,,,0.129,,None,2025-10-27,annual,1.27,None,pre-market,None,160588000,0.0256,0.0749,0.122,23.14,None,145613000,332000,None,53.11,52.24,8.547,587709000,31692000,20944000,391801000,556017000,None,180105000,195908000,16.93,None,55.75,43.43
2025-12-28,HTO,3.0,766656000.0,16.93,None,0.525,40.88,217874000,None,9398000,9398000,65867000,-151668000,None,None,None,None,None,None,9516000,18481715,None,49271000,49271000,5120000,None,None,19851000,None,None,19654000,30032000,1.62,0.0322,14861000,14861000,None,0.361,0.1,180105000,199759000,1.17,2025-09-30,16.86,None,435348000.0,130834000,36613000,14773000,19851000,19851000,None,None,None,624000,None,None,None,None,None,45132000,None,None,None,0.224,77266000,85949000,44885000,1819000,15492000,None,None,None,None,None,None,None,2.134,1.229,2.264,None,None,None,None,None,None,None,0.129,None,None,2025-10-27,quarterly,1.27,None,pre-market,None,160588000,0.0256,0.0749,0.122,23.14,None,145613000,332000,None,53.11,52.24,8.547,587709000,31692000,20944000,391801000,556017000,None,180105000,195908000,16.93,None,55.75,43.43
2025-12-28,HTO,3.0,766656000.0,16.93,None,0.525,40.88,133115000,None,9398000,9398000,68432000,-133115000,None,None,None,None,None,None,9516000,18481715,None,49271000,49271000,5120000,None,None,19851000,None,None,19654000,29975000,1.62,0.0322,14604000,14604000,None,0.361,0.1,180105000,199759000,1.17,2025-06-30,16.86,None,435348000.0,130834000,36613000,14773000,19851000,19851000,None,None,None,624000,None,None,None,None,None,24675000,None,None,None,0.224,60836000,85949000,44885000,1819000,15492000,None,None,None,None,None,None,None,2.134,1.229,2.264,None,None,None,None,None,None,None,0.129,None,None,2025-10-27,quarterly,1.27,USD,pre-market,None,160588000,0.0256,0.0749,0.122,23.14,None,145613000,332000,None,53.11,52.24,8.547,587709000,31692000,20944000,391801000,556017000,None,180105000,195908000,16.93,None,55.75,43.43
2025-12-28,HTO,3.0,766656000.0,16.93,None,0.525,40.88,84759000,None,9398000,9398000,54160000,-84759000,None,None,None,None,None,None,9516000,18481715,None,49271000,49271000,5120000,None,None,19851000,None,None,19654000,29631000,1.62,0.0322,14142000,14142000,None,0.361,0.1,180105000,199759000,1.17,2025-03-31,16.86,None,435348000.0,130834000,36613000,14773000,19851000,19851000,None,None,None,624000,None,None,None,None,None,16551000,None,None,None,0.224,43181000,85949000,44885000,1819000,15492000,None,None,None,None,None,None,None,2.134,1.229,2.264,None,None,None,None,None,None,None,0.129,None,None,2025-10-27,quarterly,1.27,USD,pre-market,None,160588000,0.0256,0.0749,0.122,23.14,None,145613000,332000,None,53.11,52.24,8.547,587709000,31692000,20944000,391801000,556017000,None,180105000,195908000,16.93,None,55.75,43.43
2025-12-28,HTO,3.0,766656000.0,16.93,None,0.525,40.88,107320000,None,9398000,9398000,73104000,-107417000,None,None,None,None,None,None,9516000,18481715,None,49271000,49271000,5120000,None,None,19851000,None,None,19654000,29239000,1.62,0.0322,13302000,13302000,None,0.361,0.1,180105000,199759000,1.17,2024-12-31,16.86,None,435348000.0,130834000,36613000,14773000,19851000,19851000,None,None,None,624000,None,None,None,None,None,22920000,None,None,None,0.224,41460000,85949000,44885000,1819000,15492000,None,None,None,None,None,None,None,2.134,1.229,2.264,None,None,None,None,None,None,None,0.129,None,None,2025-10-27,quarterly,1.27,USD,pre-market,None,160588000,0.0256,0.0749,0.122,23.14,None,145613000,332000,None,53.11,52.24,8.547,587709000,31692000,20944000,391801000,556017000,None,180105000,195908000,16.93,None,55.75,43.43
2025-12-28,HTO,3.0,766656000.0,16.93,None,0.525,40.88,101737000,None,9398000,9398000,29325000,-101696000,None,None,None,None,None,None,9516000,18481715,None,49271000,49271000,5120000,None,None,19851000,None,None,19654000,27964000,1.62,0.0322,13106000,13106000,None,0.361,0.1,180105000,199759000,1.17,2024-09-30,16.86,None,435348000.0,130834000,36613000,14773000,19851000,19851000,None,None,None,624000,None,None,None,None,None,38652000,None,None,None,0.224,53534000,85949000,44885000,1819000,15492000,None,None,None,None,None,None,None,2.134,1.229,2.264,None,None,None,None,None,None,None,0.129,None,None,2025-10-27,quarterly,1.27,USD,pre-market,None,160588000,0.0256,0.0749,0.122,23.14,None,145613000,332000,None,53.11,52.24,8.547,587709000,31692000,20944000,391801000,556017000,None,180105000,195908000,16.93,None,55.75,43.43
2025-12-28,HTO,3.0,766656000.0,16.93,None,0.525,40.88,97326000,None,9398000,9398000,25655000,-56709000,None,None,None,None,None,None,9516000,18481715,None,49271000,49271000,5120000,None,None,19851000,None,None,19654000,28923000,1.62,0.0322,12900000,12900000,None,0.361,0.1,180105000,199759000,1.17,2024-06-30,16.86,None,435348000.0,130834000,36613000,14773000,19851000,19851000,None,None,None,624000,None,None,None,None,None,20696000,None,None,None,0.224,49316000,85949000,44885000,1819000,15492000,None,None,None,None,None,None,None,2.134,1.229,2.264,None,None,None,None,None,None,None,0.129,None,None,2025-10-27,quarterly,1.27,USD,pre-market,None,160588000,0.0256,0.0749,0.122,23.14,None,145613000,332000,None,53.11,52.24,8.547,587709000,31692000,20944000,391801000,556017000,None,180105000,195908000,16.93,None,55.75,43.43
2025-12-28,HTO,3.0,766656000.0,16.93,None,0.525,40.88,74255000,None,9398000,9398000,17876000,-74273000,None,None,None,None,None,None,9516000,18481715,None,49271000,49271000,5120000,None,None,19851000,None,None,19654000,28924000,1.62,0.0322,12824000,12824000,None,0.361,0.1,180105000,199759000,1.17,2024-03-31,16.86,None,435348000.0,130834000,36613000,14773000,19851000,19851000,None,None,None,624000,None,None,None,None,None,11699000,None,None,None,0.224,51216000,85949000,44885000,1819000,15492000,None,None,None,None,None,None,None,2.134,1.229,2.264,None,None,None,None,None,None,None,0.129,None,None,2025-10-27,quarterly,1.27,USD,pre-market,None,160588000,0.0256,0.0749,0.122,23.14,None,145613000,332000,None,53.11,52.24,8.547,587709000,31692000,20944000,391801000,556017000,None,180105000,195908000,16.93,None,55.75,43.43
2025-12-28,HTO,3.0,766656000.0,16.93,None,0.525,40.88,80275000,None,9398000,9398000,37659000,-80531000,None,None,None,None,None,None,9516000,18481715,None,49271000,49271000,5120000,None,None,19851000,None,None,19654000,27594000,1.62,0.0322,12143000,12143000,None,0.361,0.1,180105000,199759000,1.17,2023-12-31,16.86,None,435348000.0,130834000,36613000,14773000,19851000,19851000,None,None,None,624000,None,None,None,None,None,18949000,None,None,None,0.224,31528000,85949000,44885000,1819000,15492000,None,None,None,None,None,None,None,2.134,1.229,2.264,None,None,None,None,None,None,None,0.129,None,None,2025-10-27,quarterly,1.27,None,pre-market,None,160588000,0.0256,0.0749,0.122,23.14,None,145613000,332000,None,53.11,52.24,8.547,587709000,31692000,20944000,391801000,556017000,None,180105000,195908000,16.93,None,55.75,43.43
2025-12-28,HTO,3.0,766656000.0,16.93,None,0.525,40.88,84945000,None,9398000,9398000,50016000,-116362000,None,None,None,None,None,None,9516000,18481715,None,49271000,49271000,5120000,None,None,19851000,None,None,19654000,27034000,1.62,0.0322,12093000,12093000,None,0.361,0.1,180105000,199759000,1.17,2023-09-30,16.86,None,435348000.0,130834000,36613000,14773000,19851000,19851000,None,None,None,624000,None,None,None,None,None,36222000,None,None,None,0.224,61939000,85949000,44885000,1819000,15492000,None,None,None,None,None,None,None,2.134,1.229,2.264,None,None,None,None,None,None,None,0.129,None,None,2025-10-27,quarterly,1.27,None,pre-market,None,160588000,0.0256,0.0749,0.122,23.14,None,145613000,332000,None,53.11,52.24,8.547,587709000,31692000,20944000,391801000,556017000,None,180105000,195908000,16.93,None,55.75,43.43
2025-12-28,HTO,3.0,766656000.0,16.93,None,0.525,40.88,70250000,None,9398000,9398000,25734000,-70350000,None,None,None,None,None,None,9516000,18481715,None,49271000,49271000,5120000,None,None,19851000,None,None,19654000,26668000,1.62,0.0322,11947000,11947000,None,0.361,0.1,180105000,199759000,1.17,2023-06-30,16.86,None,435348000.0,130834000,36613000,14773000,19851000,19851000,None,None,None,624000,None,None,None,None,None,18286000,None,None,None,0.224,46757000,85949000,44885000,1819000,15492000,None,None,None,None,None,None,None,2.134,1.229,2.264,None,None,None,None,None,None,None,0.129,None,None,2025-10-27,quarterly,1.27,None,pre-market,None,160588000,0.0256,0.0749,0.122,23.14,None,145613000,332000,None,53.11,52.24,8.547,587709000,31692000,20944000,391801000,556017000,None,180105000,195908000,16.93,None,55.75,43.43
2025-12-28,HTO,3.0,766656000.0,16.93,None,0.525,40.88,55254000,None,9398000,9398000,15411000,-55029000,None,None,None,None,None,None,9516000,18481715,None,49271000,49271000,5120000,None,None,19851000,None,None,19654000,26842000,1.62,0.0322,11722000,11722000,None,0.361,0.1,180105000,199759000,1.17,2023-03-31,16.86,None,435348000.0,130834000,36613000,14773000,19851000,19851000,None,None,None,624000,None,None,None,None,None,11530000,None,None,None,0.224,50607000,85949000,44885000,1819000,15492000,None,None,None,None,None,None,None,2.134,1.229,2.264,None,None,None,None,None,None,None,0.129,None,None,2025-10-27,quarterly,1.27,None,pre-market,None,160588000,0.0256,0.0749,0.122,23.14,None,145613000,332000,None,53.11,52.24,8.547,587709000,31692000,20944000,391801000,556017000,None,180105000,195908000,16.93,None,55.75,43.43
2025-12-28,HTO,3.0,766656000.0,16.93,None,0.525,40.88,63519000,None,9398000,9398000,25179000,-62875000,None,None,None,None,None,None,9516000,18481715,None,49271000,49271000,5120000,None,None,19851000,None,None,19654000,26577000,1.62,0.0322,10915000,10915000,None,0.361,0.1,180105000,199759000,1.17,2022-12-31,16.86,None,435348000.0,130834000,36613000,14773000,19851000,19851000,None,None,None,624000,None,None,None,None,None,33499000,None,None,None,0.224,36850000,85949000,44885000,1819000,15492000,None,None,None,None,None,None,None,2.134,1.229,2.264,None,None,None,None,None,None,None,0.129,None,None,2025-10-27,quarterly,1.27,None,pre-market,None,160588000,0.0256,0.0749,0.122,23.14,None,145613000,332000,None,53.11,52.24,8.547,587709000,31692000,20944000,391801000,556017000,None,180105000,195908000,16.93,None,55.75,43.43
2025-12-28,HTO,3.0,766656000.0,16.93,None,0.525,40.88,63941000,None,9398000,9398000,19110000,-64322000,None,None,None,None,None,None,9516000,18481715,None,49271000,49271000,5120000,None,None,19851000,None,None,19654000,26032000,1.62,0.0322,10896000,10896000,None,0.361,0.1,180105000,199759000,1.17,2022-09-30,16.86,None,435348000.0,130834000,36613000,14773000,19851000,19851000,None,None,None,624000,None,None,None,None,None,25034000,None,None,None,0.224,45751000,85949000,44885000,1819000,15492000,None,None,None,None,None,None,None,2.134,1.229,2.264,None,None,None,None,None,None,None,0.129,None,None,2025-10-27,quarterly,1.27,None,pre-market,None,160588000,0.0256,0.0749,0.122,23.14,None,145613000,332000,None,53.11,52.24,8.547,587709000,31692000,20944000,391801000,556017000,None,180105000,195908000,16.93,None,55.75,43.43
2025-12-28,HTO,3.0,766656000.0,16.93,None,0.525,40.88,67183000,None,9398000,9398000,23947000,-67689000,None,None,None,None,None,None,9516000,18481715,None,49271000,49271000,5120000,None,None,19851000,None,None,19654000,25749000,1.62,0.0322,10889000,10889000,None,0.361,0.1,180105000,199759000,1.17,2022-06-30,16.86,None,435348000.0,130834000,36613000,14773000,19851000,19851000,None,None,None,624000,None,None,None,None,None,11558000,None,None,None,0.224,38304000,85949000,44885000,1819000,15492000,None,None,None,None,None,None,None,2.134,1.229,2.264,None,None,None,None,None,None,None,0.129,None,None,2025-10-27,quarterly,1.27,None,pre-market,None,160588000,0.0256,0.0749,0.122,23.14,None,145613000,332000,None,53.11,52.24,8.547,587709000,31692000,20944000,391801000,556017000,None,180105000,195908000,16.93,None,55.75,43.43
2025-12-28,HTO,3.0,766656000.0,16.93,None,0.525,40.88,49596000,None,9398000,9398000,10118000,-49442000,None,None,None,None,None,None,9516000,18481715,None,49271000,49271000,5120000,None,None,19851000,None,None,19654000,28081000,1.62,0.0322,10882000,10882000,None,0.361,0.1,180105000,199759000,1.17,2022-03-31,16.86,None,435348000.0,130834000,36613000,14773000,19851000,19851000,None,None,None,624000,None,None,None,None,None,3737000,None,None,None,0.224,45294000,85949000,44885000,1819000,15492000,None,None,None,None,None,None,None,2.134,1.229,2.264,None,None,None,None,None,None,None,0.129,None,None,2025-10-27,quarterly,1.27,None,pre-market,None,160588000,0.0256,0.0749,0.122,23.14,None,145613000,332000,None,53.11,52.24,8.547,587709000,31692000,20944000,391801000,556017000,None,180105000,195908000,16.93,None,55.75,43.43
2025-12-28,HTO,3.0,766656000.0,16.93,None,0.525,40.88,68517000,None,9398000,9398000,43209000,-77096000,None,None,None,None,None,None,9516000,18481715,None,49271000,49271000,5120000,None,None,19851000,None,None,19654000,24562000,1.62,0.0322,10141000,10141000,None,0.361,0.1,180105000,199759000,1.17,2021-12-31,16.86,None,435348000.0,130834000,36613000,14773000,19851000,19851000,None,None,None,624000,None,None,None,None,None,18019000,None,None,None,0.224,29785000,85949000,44885000,1819000,15492000,None,None,None,None,None,None,None,2.134,1.229,2.264,None,None,None,None,None,None,None,0.129,None,None,2025-10-27,quarterly,1.27,None,pre-market,None,160588000,0.0256,0.0749,0.122,23.14,None,145613000,332000,None,53.11,52.24,8.547,587709000,31692000,20944000,391801000,556017000,None,180105000,195908000,16.93,None,55.75,43.43
2025-12-28,HTO,3.0,766656000.0,16.93,None,0.525,40.88,76970000,None,9398000,9398000,30855000,-75894000,None,None,None,None,None,None,9516000,18481715,None,49271000,49271000,5120000,None,None,19851000,None,None,19654000,23506000,1.62,0.0322,10139000,10139000,None,0.361,0.1,180105000,199759000,1.17,2021-09-30,16.86,None,435348000.0,130834000,36613000,14773000,19851000,19851000,None,None,None,624000,None,None,None,None,None,19068000,None,None,None,0.224,33159000,85949000,44885000,1819000,15492000,None,None,None,None,None,None,None,2.134,1.229,2.264,None,None,None,None,None,None,None,0.129,None,None,2025-10-27,quarterly,1.27,None,pre-market,None,160588000,0.0256,0.0749,0.122,23.14,None,145613000,332000,None,53.11,52.24,8.547,587709000,31692000,20944000,391801000,556017000,None,180105000,195908000,16.93,None,55.75,43.43
2025-12-28,HTO,3.0,766656000.0,16.93,None,0.525,40.88,56535000,None,9398000,9398000,34936000,-55065000,None,None,None,None,None,None,9516000,18481715,None,49271000,49271000,5120000,None,None,19851000,None,None,19654000,24475000,1.62,0.0322,10133000,10133000,None,0.361,0.1,180105000,199759000,1.17,2021-06-30,16.86,None,435348000.0,130834000,36613000,14773000,19851000,19851000,None,None,None,624000,None,None,None,None,None,20775000,None,None,None,0.224,33720000,85949000,44885000,1819000,15492000,None,None,None,None,None,None,None,2.134,1.229,2.264,None,None,None,None,None,None,None,0.129,None,None,2025-10-27,quarterly,1.27,None,pre-market,None,160588000,0.0256,0.0749,0.122,23.14,None,145613000,332000,None,53.11,52.24,8.547,587709000,31692000,20944000,391801000,556017000,None,180105000,195908000,16.93,None,55.75,43.43
2025-12-28,HTO,3.0,766656000.0,16.93,None,0.525,40.88,51788000,None,9398000,9398000,23805000,-51940000,None,None,None,None,None,None,9516000,18481715,None,49271000,49271000,5120000,None,None,19851000,None,None,19654000,23931000,1.62,0.0322,9724000,9724000,None,0.361,0.1,180105000,199759000,1.17,2021-03-31,16.86,None,435348000.0,130834000,36613000,14773000,19851000,19851000,None,None,None,624000,None,None,None,None,None,2616000,None,None,None,0.224,33376000,85949000,44885000,1819000,15492000,None,None,None,None,None,None,None,2.134,1.229,2.264,None,None,None,None,None,None,None,0.129,None,None,2025-10-27,quarterly,1.27,None,pre-market,None,160588000,0.0256,0.0749,0.122,23.14,None,145613000,332000,None,53.11,52.24,8.547,587709000,31692000,20944000,391801000,556017000,None,180105000,195908000,16.93,None,55.75,43.43
2025-12-28,HTO,3.0,766656000.0,16.93,None,0.525,40.88,73088000,None,9398000,9398000,28671000,-73049000,None,None,None,None,None,None,9516000,18481715,None,49271000,49271000,5120000,None,None,19851000,None,None,19654000,22939000,1.62,0.0322,9138000,9138000,None,0.361,0.1,180105000,199759000,1.17,2020-12-31,16.86,None,435348000.0,130834000,36613000,14773000,19851000,19851000,None,None,None,624000,None,None,None,None,None,13284000,None,None,None,0.224,33436000,85949000,44885000,1819000,15492000,None,None,None,None,None,None,None,2.134,1.229,2.264,None,None,None,None,None,None,None,0.129,None,None,2025-10-27,quarterly,1.27,None,pre-market,None,160588000,0.0256,0.0749,0.122,23.14,None,145613000,332000,None,53.11,52.24,8.547,587709000,31692000,20944000,391801000,556017000,None,180105000,195908000,16.93,None,55.75,43.43
2025-12-28,HTO,3.0,766656000.0,16.93,None,0.525,40.88,61113000,None,9398000,9398000,18731000,-60112000,None,None,None,None,None,None,9516000,18481715,None,49271000,49271000,5120000,None,None,19851000,None,None,19654000,23075000,1.62,0.0322,9131000,9131000,None,0.361,0.1,180105000,199759000,1.17,2020-09-30,16.86,None,435348000.0,130834000,36613000,14773000,19851000,19851000,None,None,None,624000,None,None,None,None,None,26093000,None,None,None,0.224,38275000,85949000,44885000,1819000,15492000,None,None,None,None,None,None,None,2.134,1.229,2.264,None,None,None,None,None,None,None,0.129,None,None,2025-10-27,quarterly,1.27,None,pre-market,None,160588000,0.0256,0.0749,0.122,23.14,None,145613000,332000,None,53.11,52.24,8.547,587709000,31692000,20944000,391801000,556017000,None,180105000,195908000,16.93,None,55.75,43.43
2025-12-28,HTO,3.0,766656000.0,16.93,None,0.525,40.88,38560000,None,9398000,9398000,9262000,-38629000,None,None,None,None,None,None,9516000,18481715,None,49271000,49271000,5120000,None,None,19851000,None,None,19654000,23126000,1.62,0.0322,9122000,9122000,None,0.361,0.1,180105000,199759000,1.17,2020-06-30,16.86,None,435348000.0,130834000,36613000,14773000,19851000,19851000,None,None,None,624000,None,None,None,None,None,19721000,None,None,None,0.224,24411000,85949000,44885000,1819000,15492000,None,None,None,None,None,None,None,2.134,1.229,2.264,None,None,None,None,None,None,None,0.129,None,None,2025-10-27,quarterly,1.27,None,pre-market,None,160588000,0.0256,0.0749,0.122,23.14,None,145613000,332000,None,53.11,52.24,8.547,587709000,31692000,20944000,391801000,556017000,None,180105000,195908000,16.93,None,55.75,43.43
2025-12-28,HTO,3.0,766656000.0,16.93,None,0.525,40.88,42214000,None,9398000,9398000,44869000,-42469000,None,None,None,None,None,None,9516000,18481715,None,49271000,49271000,5120000,None,None,19851000,None,None,19654000,22482000,1.62,0.0322,9118000,9118000,None,0.361,0.1,180105000,199759000,1.17,2020-03-31,16.86,None,435348000.0,130834000,36613000,14773000,19851000,19851000,None,None,None,624000,None,None,None,None,None,2417000,None,None,None,0.224,7929000,85949000,44885000,1819000,15492000,None,None,None,None,None,None,None,2.134,1.229,2.264,None,None,None,None,None,None,None,0.129,None,None,2025-10-27,quarterly,1.27,None,pre-market,None,160588000,0.0256,0.0749,0.122,23.14,None,145613000,332000,None,53.11,52.24,8.547,587709000,31692000,20944000,391801000,556017000,None,180105000,195908000,16.93,None,55.75,43.43
2025-12-28,HTO,3.0,766656000.0,16.93,None,0.525,40.88,67380000,None,9398000,9398000,457509000,-902995000,None,None,None,None,None,None,9516000,18481715,None,49271000,49271000,5120000,None,None,19851000,None,None,19654000,21126000,1.62,0.0322,8538000,8538000,None,0.361,0.1,180105000,199759000,1.17,2019-12-31,16.86,None,435348000.0,130834000,36613000,14773000,19851000,19851000,None,None,None,624000,None,None,None,None,None,-5486000,None,None,None,0.224,38728000,85949000,44885000,1819000,15492000,None,None,None,None,None,None,None,2.134,1.229,2.264,None,None,None,None,None,None,None,0.129,None,None,2025-10-27,quarterly,1.27,None,pre-market,None,160588000,0.0256,0.0749,0.122,23.14,None,145613000,332000,None,53.11,52.24,8.547,587709000,31692000,20944000,391801000,556017000,None,180105000,195908000,16.93,None,55.75,43.43
2025-12-28,HTO,3.0,766656000.0,16.93,None,0.525,40.88,42395000,None,9398000,9398000,3578000,-42245000,None,None,None,None,None,None,9516000,18481715,None,49271000,49271000,5120000,None,None,19851000,None,None,19654000,15787000,1.62,0.0322,8536000,8536000,None,0.361,0.1,180105000,199759000,1.17,2019-09-30,16.86,None,435348000.0,130834000,36613000,14773000,19851000,19851000,None,None,None,624000,None,None,None,None,None,9478000,None,None,None,0.224,41520000,85949000,44885000,1819000,15492000,None,None,None,None,None,None,None,2.134,1.229,2.264,None,None,None,None,None,None,None,0.129,None,None,2025-10-27,quarterly,1.27,None,pre-market,None,160588000,0.0256,0.0749,0.122,23.14,None,145613000,332000,None,53.11,52.24,8.547,587709000,31692000,20944000,391801000,556017000,None,180105000,195908000,16.93,None,55.75,43.43
2025-12-28,HTO,3.0,766656000.0,16.93,None,0.525,40.88,38766000,None,9398000,9398000,15780000,-38158000,None,None,None,None,None,None,9516000,18481715,None,49271000,49271000,5120000,None,None,19851000,None,None,19654000,15773000,1.62,0.0322,8531000,8531000,None,0.361,0.1,180105000,199759000,1.17,2019-06-30,16.86,None,435348000.0,130834000,36613000,14773000,19851000,19851000,None,None,None,624000,None,None,None,None,None,13762000,None,None,None,0.224,24564000,85949000,44885000,1819000,15492000,None,None,None,None,None,None,None,2.134,1.229,2.264,None,None,None,None,None,None,None,0.129,None,None,2025-10-27,quarterly,1.27,None,pre-market,None,160588000,0.0256,0.0749,0.122,23.14,None,145613000,332000,None,53.11,52.24,8.547,587709000,31692000,20944000,391801000,556017000,None,180105000,195908000,16.93,None,55.75,43.43
2025-12-28,HTO,3.0,766656000.0,16.93,None,0.525,40.88,34373000,None,9398000,9398000,8121000,-34373000,None,None,None,None,None,None,9516000,18481715,None,49271000,49271000,5120000,None,None,19851000,None,None,19654000,15803000,1.62,0.0322,8529000,8529000,None,0.361,0.1,180105000,199759000,1.17,2019-03-31,16.86,None,435348000.0,130834000,36613000,14773000,19851000,19851000,None,None,None,624000,None,None,None,None,None,5873000,None,None,None,0.224,25193000,85949000,44885000,1819000,15492000,None,None,None,None,None,None,None,2.134,1.229,2.264,None,None,None,None,None,None,None,0.129,None,None,2025-10-27,quarterly,1.27,None,pre-market,None,160588000,0.0256,0.0749,0.122,23.14,None,145613000,332000,None,53.11,52.24,8.547,587709000,31692000,20944000,391801000,556017000,None,180105000,195908000,16.93,None,55.75,43.43
2025-12-28,HTO,3.0,766656000.0,16.93,None,0.525,40.88,40886000,None,9398000,9398000,430649000,-40886000,None,None,None,None,None,None,9516000,18481715,None,49271000,49271000,5120000,None,None,19851000,None,None,19654000,14258000,1.62,0.0322,5777000,5777000,None,0.361,0.1,180105000,199759000,1.17,2018-12-31,16.86,None,435348000.0,130834000,36613000,14773000,19851000,19851000,None,None,None,624000,None,None,None,None,None,8823000,None,None,None,0.224,17632000,85949000,44885000,1819000,15492000,None,None,None,None,None,None,None,2.134,1.229,2.264,None,None,None,None,None,None,None,0.129,None,None,2025-10-27,quarterly,1.27,None,pre-market,None,160588000,0.0256,0.0749,0.122,23.14,None,145613000,332000,None,53.11,52.24,8.547,587709000,31692000,20944000,391801000,556017000,None,180105000,195908000,16.93,None,55.75,43.43
2025-12-28,HTO,3.0,766656000.0,16.93,None,0.525,40.88,39481000,None,9398000,9398000,14695000,-38579000,None,None,None,None,None,None,9516000,18481715,None,49271000,49271000,5120000,None,None,19851000,None,None,19654000,14260000,1.62,0.0322,5777000,5777000,None,0.361,0.1,180105000,199759000,1.17,2018-09-30,16.86,None,435348000.0,130834000,36613000,14773000,19851000,19851000,None,None,None,624000,None,None,None,None,None,15788000,None,None,None,0.224,28285000,85949000,44885000,1819000,15492000,None,None,None,None,None,None,None,2.134,1.229,2.264,None,None,None,None,None,None,None,0.129,None,None,2025-10-27,quarterly,1.27,None,pre-market,None,160588000,0.0256,0.0749,0.122,23.14,None,145613000,332000,None,53.11,52.24,8.547,587709000,31692000,20944000,391801000,556017000,None,180105000,195908000,16.93,None,55.75,43.43
2025-12-28,HTO,3.0,766656000.0,16.93,None,0.525,40.88,36406000,None,9398000,9398000,14943000,-35815000,None,None,None,None,None,None,9516000,18481715,None,49271000,49271000,5120000,None,None,19851000,None,None,19654000,14229000,1.62,0.0322,5766000,5766000,None,0.361,0.1,180105000,199759000,1.17,2018-06-30,16.86,None,435348000.0,130834000,36613000,14773000,19851000,19851000,None,None,None,624000,None,None,None,None,None,12871000,None,None,None,0.224,22844000,85949000,44885000,1819000,15492000,None,None,None,None,None,None,None,2.134,1.229,2.264,None,None,None,None,None,None,None,0.129,None,None,2025-10-27,quarterly,1.27,None,pre-market,None,160588000,0.0256,0.0749,0.122,23.14,None,145613000,332000,None,53.11,52.24,8.547,587709000,31692000,20944000,391801000,556017000,None,180105000,195908000,16.93,None,55.75,43.43
2025-12-28,HTO,3.0,766656000.0,16.93,None,0.525,40.88,31563000,None,9398000,9398000,8136000,-31563000,None,None,None,None,None,None,9516000,18481715,None,49271000,49271000,5120000,None,None,19851000,None,None,19654000,14160000,1.62,0.0322,5754000,5754000,None,0.361,0.1,180105000,199759000,1.17,2018-03-31,16.86,None,435348000.0,130834000,36613000,14773000,19851000,19851000,None,None,None,624000,None,None,None,None,None,1285000,None,None,None,0.224,22582000,85949000,44885000,1819000,15492000,None,None,None,None,None,None,None,2.134,1.229,2.264,None,None,None,None,None,None,None,0.129,None,None,2025-10-27,quarterly,1.27,None,pre-market,None,160588000,0.0256,0.0749,0.122,23.14,None,145613000,332000,None,53.11,52.24,8.547,587709000,31692000,20944000,391801000,556017000,None,180105000,195908000,16.93,None,55.75,43.43
2025-12-28,HTO,3.0,766656000.0,16.93,None,0.525,40.88,44040000,None,9398000,9398000,5503000,-18418000,None,None,None,None,None,None,9516000,18481715,None,49271000,49271000,5120000,None,None,19851000,None,None,19654000,12624000,1.62,0.0322,7952000,7952000,None,0.361,0.1,180105000,199759000,1.17,2017-12-31,16.86,None,435348000.0,130834000,36613000,14773000,19851000,19851000,None,None,None,624000,None,None,None,None,None,17305000,None,None,None,0.224,13145000,85949000,44885000,1819000,15492000,None,None,None,None,None,None,None,2.134,1.229,2.264,None,None,None,None,None,None,None,0.129,None,None,2025-10-27,quarterly,1.27,None,pre-market,None,160588000,0.0256,0.0749,0.122,23.14,None,145613000,332000,None,53.11,52.24,8.547,587709000,31692000,20944000,391801000,556017000,None,180105000,195908000,16.93,None,55.75,43.43
2025-12-28,HTO,3.0,766656000.0,16.93,None,0.525,40.88,42474000,None,9398000,9398000,9835000,-42470000,None,None,None,None,None,None,9516000,18481715,None,49271000,49271000,5120000,None,None,19851000,None,None,19654000,12619000,1.62,0.0322,4464000,4464000,None,0.361,0.1,180105000,199759000,1.17,2017-09-30,16.86,None,435348000.0,130834000,36613000,14773000,19851000,19851000,None,None,None,624000,None,None,None,None,None,19540000,None,None,None,0.224,30976000,85949000,44885000,1819000,15492000,None,None,None,None,None,None,None,2.134,1.229,2.264,None,None,None,None,None,None,None,0.129,None,None,2025-10-27,quarterly,1.27,None,pre-market,None,160588000,0.0256,0.0749,0.122,23.14,None,145613000,332000,None,53.11,52.24,8.547,587709000,31692000,20944000,391801000,556017000,None,180105000,195908000,16.93,None,55.75,43.43
2025-12-28,HTO,3.0,766656000.0,16.93,None,0.525,40.88,36109000,None,9398000,9398000,-4586000,-22035000,None,None,None,None,None,None,9516000,18481715,None,49271000,49271000,5120000,None,None,19851000,None,None,19654000,12612000,1.62,0.0322,4460000,4460000,None,0.361,0.1,180105000,199759000,1.17,2017-06-30,16.86,None,435348000.0,130834000,36613000,14773000,19851000,19851000,None,None,None,624000,None,None,None,None,None,20584000,None,None,None,0.224,28749000,85949000,44885000,1819000,15492000,None,None,None,None,None,None,None,2.134,1.229,2.264,None,None,None,None,None,None,None,0.129,None,None,2025-10-27,quarterly,1.27,None,pre-market,None,160588000,0.0256,0.0749,0.122,23.14,None,145613000,332000,None,53.11,52.24,8.547,587709000,31692000,20944000,391801000,556017000,None,180105000,195908000,16.93,None,55.75,43.43
2025-12-28,HTO,3.0,766656000.0,16.93,None,0.525,40.88,29788000,None,9398000,9398000,-15541000,-30951000,None,None,None,None,None,None,9516000,18481715,None,49271000,49271000,5120000,None,None,19851000,None,None,19654000,12646000,1.62,0.0322,4456000,4456000,None,0.361,0.1,180105000,199759000,1.17,2017-03-31,16.86,None,435348000.0,130834000,36613000,14773000,19851000,19851000,None,None,None,624000,None,None,None,None,None,3671000,None,None,None,0.224,28242000,85949000,44885000,1819000,15492000,None,None,None,None,None,None,None,2.134,1.229,2.264,None,None,None,None,None,None,None,0.129,None,None,2025-10-27,quarterly,1.27,None,pre-market,None,160588000,0.0256,0.0749,0.122,23.14,None,145613000,332000,None,53.11,52.24,8.547,587709000,31692000,20944000,391801000,556017000,None,180105000,195908000,16.93,None,55.75,43.43
2025-12-28,HTO,3.0,766656000.0,16.93,None,0.525,40.88,35591000,None,9398000,9398000,5500000,-35456000,None,None,None,None,None,None,9516000,18481715,None,49271000,49271000,5120000,None,None,19851000,None,None,19654000,11555000,1.62,0.0322,4140000,4140000,None,0.361,0.1,180105000,199759000,1.17,2016-12-31,16.86,None,435348000.0,130834000,36613000,14773000,19851000,19851000,None,None,None,624000,None,None,None,None,None,13727000,None,None,None,0.224,37643000,85949000,44885000,1819000,15492000,None,None,None,None,None,None,None,2.134,1.229,2.264,None,None,None,None,None,None,None,0.129,None,None,2025-10-27,quarterly,1.27,None,pre-market,None,160588000,0.0256,0.0749,0.122,23.14,None,145613000,332000,None,53.11,52.24,8.547,587709000,31692000,20944000,391801000,556017000,None,180105000,195908000,16.93,None,55.75,43.43
2025-12-28,HTO,3.0,766656000.0,16.93,None,0.525,40.88,43037000,None,9398000,9398000,6509000,-22922000,None,None,None,None,None,None,9516000,18481715,None,49271000,49271000,5120000,None,None,19851000,None,None,19654000,11536000,1.62,0.0322,4145000,4145000,None,0.361,0.1,180105000,199759000,1.17,2016-09-30,16.86,None,435348000.0,130834000,36613000,14773000,19851000,19851000,None,None,None,624000,None,None,None,None,None,18959000,None,None,None,0.224,21558000,85949000,44885000,1819000,15492000,None,None,None,None,None,None,None,2.134,1.229,2.264,None,None,None,None,None,None,None,0.129,None,None,2025-10-27,quarterly,1.27,None,pre-market,None,160588000,0.0256,0.0749,0.122,23.14,None,145613000,332000,None,53.11,52.24,8.547,587709000,31692000,20944000,391801000,556017000,None,180105000,195908000,16.93,None,55.75,43.43
2025-12-28,HTO,3.0,766656000.0,16.93,None,0.525,40.88,33528000,None,9398000,9398000,10293000,-29265000,None,None,None,None,None,None,9516000,18481715,None,49271000,49271000,5120000,None,None,19851000,None,None,19654000,11607000,1.62,0.0322,4139000,4139000,None,0.361,0.1,180105000,199759000,1.17,2016-06-30,16.86,None,435348000.0,130834000,36613000,14773000,19851000,19851000,None,None,None,624000,None,None,None,None,None,16775000,None,None,None,0.224,22798000,85949000,44885000,1819000,15492000,None,None,None,None,None,None,None,2.134,1.229,2.264,None,None,None,None,None,None,None,0.129,None,None,2025-10-27,quarterly,1.27,None,pre-market,None,160588000,0.0256,0.0749,0.122,23.14,None,145613000,332000,None,53.11,52.24,8.547,587709000,31692000,20944000,391801000,556017000,None,180105000,195908000,16.93,None,55.75,43.43
2025-12-28,HTO,3.0,766656000.0,16.93,None,0.525,40.88,33425000,None,9398000,9398000,5366000,-34486000,None,None,None,None,None,None,9516000,18481715,None,49271000,49271000,5120000,None,None,19851000,None,None,19654000,11597000,1.62,0.0322,4135000,4135000,None,0.361,0.1,180105000,199759000,1.17,2016-03-31,16.86,None,435348000.0,130834000,36613000,14773000,19851000,19851000,None,None,None,624000,None,None,None,None,None,3378000,None,None,None,0.224,32573000,85949000,44885000,1819000,15492000,None,None,None,None,None,None,None,2.134,1.229,2.264,None,None,None,None,None,None,None,0.129,None,None,2025-10-27,quarterly,1.27,None,pre-market,None,160588000,0.0256,0.0749,0.122,23.14,None,145613000,332000,None,53.11,52.24,8.547,587709000,31692000,20944000,391801000,556017000,None,180105000,195908000,16.93,None,55.75,43.43
2025-12-28,HTO,3.0,766656000.0,16.93,None,0.525,40.88,35775000,None,9398000,9398000,10357000,-36302000,None,None,None,None,None,None,9516000,18481715,None,49271000,49271000,5120000,None,None,19851000,None,None,19654000,10590000,1.62,0.0322,3975000,3975000,None,0.361,0.1,180105000,199759000,1.17,2015-12-31,16.86,None,435348000.0,130834000,36613000,14773000,19851000,19851000,None,None,None,624000,None,None,None,None,None,16192000,None,None,None,0.224,24913000,85949000,44885000,1819000,15492000,None,None,None,None,None,None,None,2.134,1.229,2.264,None,None,None,None,None,None,None,0.129,None,None,2025-10-27,quarterly,1.27,None,pre-market,None,160588000,0.0256,0.0749,0.122,23.14,None,145613000,332000,None,53.11,52.24,8.547,587709000,31692000,20944000,391801000,556017000,None,180105000,195908000,16.93,None,55.75,43.43
2025-12-28,HTO,3.0,766656000.0,16.93,None,0.525,40.88,28092000,None,9398000,9398000,345000,-26638000,None,None,None,None,None,None,9516000,18481715,None,49271000,49271000,5120000,None,None,19851000,None,None,19654000,10588000,1.62,0.0322,3974000,3974000,None,0.361,0.1,180105000,199759000,1.17,2015-09-30,16.86,None,435348000.0,130834000,36613000,14773000,19851000,19851000,None,None,None,624000,None,None,None,None,None,9534000,None,None,None,0.224,27326000,85949000,44885000,1819000,15492000,None,None,None,None,None,None,None,2.134,1.229,2.264,None,None,None,None,None,None,None,0.129,None,None,2025-10-27,quarterly,1.27,None,pre-market,None,160588000,0.0256,0.0749,0.122,23.14,None,145613000,332000,None,53.11,52.24,8.547,587709000,31692000,20944000,391801000,556017000,None,180105000,195908000,16.93,None,55.75,43.43
2025-12-28,HTO,3.0,766656000.0,16.93,None,0.525,40.88,26162000,None,9398000,9398000,8172000,-26202000,None,None,None,None,None,None,9516000,18481715,None,49271000,49271000,5120000,None,None,19851000,None,None,19654000,10594000,1.62,0.0322,3970000,3970000,None,0.361,0.1,180105000,199759000,1.17,2015-06-30,16.86,None,435348000.0,130834000,36613000,14773000,19851000,19851000,None,None,None,624000,None,None,None,None,None,7461000,None,None,None,0.224,17851000,85949000,44885000,1819000,15492000,None,None,None,None,None,None,None,2.134,1.229,2.264,None,None,None,None,None,None,None,0.129,None,None,2025-10-27,quarterly,1.27,None,pre-market,None,160588000,0.0256,0.0749,0.122,23.14,None,145613000,332000,None,53.11,52.24,8.547,587709000,31692000,20944000,391801000,556017000,None,180105000,195908000,16.93,None,55.75,43.43
2025-12-28,HTO,3.0,766656000.0,16.93,None,0.525,40.88,20418000,None,9398000,9398000,-2681000,-21468000,None,None,None,None,None,None,9516000,18481715,None,49271000,49271000,5120000,None,None,19851000,None,None,19654000,10558000,1.62,0.0322,3966000,3966000,None,0.361,0.1,180105000,199759000,1.17,2015-03-31,16.86,None,435348000.0,130834000,36613000,14773000,19851000,19851000,None,None,None,624000,None,None,None,None,None,4695000,None,None,None,0.224,27167000,85949000,44885000,1819000,15492000,None,None,None,None,None,None,None,2.134,1.229,2.264,None,None,None,None,None,None,None,0.129,None,None,2025-10-27,quarterly,1.27,None,pre-market,None,160588000,0.0256,0.0749,0.122,23.14,None,145613000,332000,None,53.11,52.24,8.547,587709000,31692000,20944000,391801000,556017000,None,180105000,195908000,16.93,None,55.75,43.43
2025-12-28,HTO,3.0,766656000.0,16.93,None,0.525,40.88,25047000,None,9398000,9398000,2025000,-25235000,None,None,None,None,None,None,9516000,18481715,None,49271000,49271000,5120000,None,None,19851000,None,None,19654000,9856000,1.62,0.0322,3804000,3804000,None,0.361,0.1,180105000,199759000,1.17,2014-12-31,16.86,None,435348000.0,130834000,36613000,14773000,19851000,19851000,None,None,None,624000,None,None,None,None,None,5688000,None,None,None,0.224,20010000,85949000,44885000,1819000,15492000,None,None,None,None,None,None,None,2.134,1.229,2.264,None,None,None,None,None,None,None,0.129,None,None,2025-10-27,quarterly,1.27,None,pre-market,None,160588000,0.0256,0.0749,0.122,23.14,None,145613000,332000,None,53.11,52.24,8.547,587709000,31692000,20944000,391801000,556017000,None,180105000,195908000,16.93,None,55.75,43.43
2025-12-28,HTO,3.0,766656000.0,16.93,None,0.525,40.88,25228000,None,9398000,9398000,4417000,-25723000,None,None,None,None,None,None,9516000,18481715,None,49271000,49271000,5120000,None,None,19851000,None,None,19654000,9863000,1.62,0.0322,3794000,3794000,None,0.361,0.1,180105000,199759000,1.17,2014-09-30,16.86,None,435348000.0,130834000,36613000,14773000,19851000,19851000,None,None,None,624000,None,None,None,None,None,38366000,None,None,None,0.224,20882000,85949000,44885000,1819000,15492000,None,None,None,None,None,None,None,2.134,1.229,2.264,None,None,None,None,None,None,None,0.129,None,None,2025-10-27,quarterly,1.27,None,pre-market,None,160588000,0.0256,0.0749,0.122,23.14,None,145613000,332000,None,53.11,52.24,8.547,587709000,31692000,20944000,391801000,556017000,None,180105000,195908000,16.93,None,55.75,43.43
2025-12-28,HTO,3.0,766656000.0,16.93,None,0.525,40.88,26200000,None,9398000,9398000,12489000,-18863000,None,None,None,None,None,None,9516000,18481715,None,49271000,49271000,5120000,None,None,19851000,None,None,19654000,9891000,1.62,0.0322,3791000,3791000,None,0.361,0.1,180105000,199759000,1.17,2014-06-30,16.86,None,435348000.0,130834000,36613000,14773000,19851000,19851000,None,None,None,624000,None,None,None,None,None,6846000,None,None,None,0.224,9279000,85949000,44885000,1819000,15492000,None,None,None,None,None,None,None,2.134,1.229,2.264,None,None,None,None,None,None,None,0.129,None,None,2025-10-27,quarterly,1.27,None,pre-market,None,160588000,0.0256,0.0749,0.122,23.14,None,145613000,332000,None,53.11,52.24,8.547,587709000,31692000,20944000,391801000,556017000,None,180105000,195908000,16.93,None,55.75,43.43
2025-12-28,HTO,3.0,766656000.0,16.93,None,0.525,40.88,27012000,None,9398000,9398000,12898000,-27819000,None,None,None,None,None,None,9516000,18481715,None,49271000,49271000,5120000,None,None,19851000,None,None,19654000,9881000,1.62,0.0322,3788000,3788000,None,0.361,0.1,180105000,199759000,1.17,2014-03-31,16.86,None,435348000.0,130834000,36613000,14773000,19851000,19851000,None,None,None,624000,None,None,None,None,None,906000,None,None,None,0.224,15740000,85949000,44885000,1819000,15492000,None,None,None,None,None,None,None,2.134,1.229,2.264,None,None,None,None,None,None,None,0.129,None,None,2025-10-27,quarterly,1.27,None,pre-market,None,160588000,0.0256,0.0749,0.122,23.14,None,145613000,332000,None,53.11,52.24,8.547,587709000,31692000,20944000,391801000,556017000,None,180105000,195908000,16.93,None,55.75,43.43
2025-12-28,HTO,3.0,766656000.0,16.93,None,0.525,40.88,27423000,None,9398000,9398000,12107000,-29240000,None,None,None,None,None,None,9516000,18481715,None,49271000,49271000,5120000,None,None,19851000,None,None,19654000,9085000,1.62,0.0322,3679000,3679000,None,0.361,0.1,180105000,199759000,1.17,2013-12-31,16.86,None,435348000.0,130834000,36613000,14773000,19851000,19851000,None,None,None,624000,None,None,None,None,None,4677000,None,None,None,0.224,16213000,85949000,44885000,1819000,15492000,None,None,None,None,None,None,None,2.134,1.229,2.264,None,None,None,None,None,None,None,0.129,None,None,2025-10-27,quarterly,1.27,None,pre-market,None,160588000,0.0256,0.0749,0.122,23.14,None,145613000,332000,None,53.11,52.24,8.547,587709000,31692000,20944000,391801000,556017000,None,180105000,195908000,16.93,None,55.75,43.43
2025-12-28,HTO,3.0,766656000.0,16.93,None,0.525,40.88,28112000,None,9398000,9398000,7895000,-28854000,None,None,None,None,None,None,9516000,18481715,None,49271000,49271000,5120000,None,None,19851000,None,None,19654000,9172000,1.62,0.0322,3678000,3678000,None,0.361,0.1,180105000,199759000,1.17,2013-09-30,16.86,None,435348000.0,130834000,36613000,14773000,19851000,19851000,None,None,None,624000,None,None,None,None,None,8950000,None,None,None,0.224,20173000,85949000,44885000,1819000,15492000,None,None,None,None,None,None,None,2.134,1.229,2.264,None,None,None,None,None,None,None,0.129,None,None,2025-10-27,quarterly,1.27,None,pre-market,None,160588000,0.0256,0.0749,0.122,23.14,None,145613000,332000,None,53.11,52.24,8.547,587709000,31692000,20944000,391801000,556017000,None,180105000,195908000,16.93,None,55.75,43.43
2025-12-28,HTO,3.0,766656000.0,16.93,None,0.525,40.88,20529000,None,9398000,9398000,12522000,-23270000,None,None,None,None,None,None,9516000,18481715,None,49271000,49271000,5120000,None,None,19851000,None,None,19654000,9138000,1.62,0.0322,3674000,3674000,None,0.361,0.1,180105000,199759000,1.17,2013-06-30,16.86,None,435348000.0,130834000,36613000,14773000,19851000,19851000,None,None,None,624000,None,None,None,None,None,7440000,None,None,None,0.224,12608000,85949000,44885000,1819000,15492000,None,None,None,None,None,None,None,2.134,1.229,2.264,None,None,None,None,None,None,None,0.129,None,None,2025-10-27,quarterly,1.27,None,pre-market,None,160588000,0.0256,0.0749,0.122,23.14,None,145613000,332000,None,53.11,52.24,8.547,587709000,31692000,20944000,391801000,556017000,None,180105000,195908000,16.93,None,55.75,43.43
2025-12-28,HTO,3.0,766656000.0,16.93,None,0.525,40.88,20956000,None,9398000,9398000,-402000,-14406000,None,None,None,None,None,None,9516000,18481715,None,49271000,49271000,5120000,None,None,19851000,None,None,19654000,9200000,1.62,0.0322,3412000,3412000,None,0.361,0.1,180105000,199759000,1.17,2013-03-31,16.86,None,435348000.0,130834000,36613000,14773000,19851000,19851000,None,None,None,624000,None,None,None,None,None,1317000,None,None,None,0.224,14431000,85949000,44885000,1819000,15492000,None,None,None,None,None,None,None,2.134,1.229,2.264,None,None,None,None,None,None,None,0.129,None,None,2025-10-27,quarterly,1.27,None,pre-market,None,160588000,0.0256,0.0749,0.122,23.14,None,145613000,332000,None,53.11,52.24,8.547,587709000,31692000,20944000,391801000,556017000,None,180105000,195908000,16.93,None,55.75,43.43
2025-12-28,HTO,3.0,766656000.0,16.93,None,0.525,40.88,34048000,None,9398000,9398000,13824000,-34985000,None,None,None,None,None,None,9516000,18481715,None,49271000,49271000,5120000,None,None,19851000,None,None,19654000,8594000,1.62,0.0322,3311000,3311000,None,0.361,0.1,180105000,199759000,1.17,2012-12-31,16.86,None,435348000.0,130834000,36613000,14773000,19851000,19851000,None,None,None,624000,None,None,None,None,None,5924000,None,None,None,0.224,16999000,85949000,44885000,1819000,15492000,None,None,None,None,None,None,None,2.134,1.229,2.264,None,None,None,None,None,None,None,0.129,None,None,2025-10-27,quarterly,1.27,None,pre-market,None,160588000,0.0256,0.0749,0.122,23.14,None,145613000,332000,None,53.11,52.24,8.547,587709000,31692000,20944000,391801000,556017000,None,180105000,195908000,16.93,None,55.75,43.43
2025-12-28,HTO,3.0,766656000.0,16.93,None,0.525,40.88,30002000,None,9398000,9398000,-3642000,-24650000,None,None,None,None,None,None,9516000,18481715,None,49271000,49271000,5120000,None,None,19851000,None,None,19654000,8667000,1.62,0.0322,3310000,3310000,None,0.361,0.1,180105000,199759000,1.17,2012-09-30,16.86,None,435348000.0,130834000,36613000,14773000,19851000,19851000,None,None,None,624000,None,None,None,None,None,10084000,None,None,None,0.224,25718000,85949000,44885000,1819000,15492000,None,None,None,None,None,None,None,2.134,1.229,2.264,None,None,None,None,None,None,None,0.129,None,None,2025-10-27,quarterly,1.27,None,pre-market,None,160588000,0.0256,0.0749,0.122,23.14,None,145613000,332000,None,53.11,52.24,8.547,587709000,31692000,20944000,391801000,556017000,None,180105000,195908000,16.93,None,55.75,43.43
2025-12-28,HTO,3.0,766656000.0,16.93,None,0.525,40.88,24337000,None,9398000,9398000,-2178000,-24708000,None,None,None,None,None,None,9516000,18481715,None,49271000,49271000,5120000,None,None,19851000,None,None,19654000,8677000,1.62,0.0322,3305000,3305000,None,0.361,0.1,180105000,199759000,1.17,2012-06-30,16.86,None,435348000.0,130834000,36613000,14773000,19851000,19851000,None,None,None,624000,None,None,None,None,None,5201000,None,None,None,0.224,16883000,85949000,44885000,1819000,15492000,None,None,None,None,None,None,None,2.134,1.229,2.264,None,None,None,None,None,None,None,0.129,None,None,2025-10-27,quarterly,1.27,None,pre-market,None,160588000,0.0256,0.0749,0.122,23.14,None,145613000,332000,None,53.11,52.24,8.547,587709000,31692000,20944000,391801000,556017000,None,180105000,195908000,16.93,None,55.75,43.43
2025-12-28,HTO,3.0,766656000.0,16.93,None,0.525,40.88,18369000,None,9398000,9398000,-2386000,-19854000,None,None,None,None,None,None,9516000,18481715,None,49271000,49271000,5120000,None,None,19851000,None,None,19654000,8691000,1.62,0.0322,3305000,3305000,None,0.361,0.1,180105000,199759000,1.17,2012-03-31,16.86,None,435348000.0,130834000,36613000,14773000,19851000,19851000,None,None,None,624000,None,None,None,None,None,1109000,None,None,None,0.224,14767000,85949000,44885000,1819000,15492000,None,None,None,None,None,None,None,2.134,1.229,2.264,None,None,None,None,None,None,None,0.129,None,None,2025-10-27,quarterly,1.27,None,pre-market,None,160588000,0.0256,0.0749,0.122,23.14,None,145613000,332000,None,53.11,52.24,8.547,587709000,31692000,20944000,391801000,556017000,None,180105000,195908000,16.93,None,55.75,43.43
2025-12-28,HTO,3.0,766656000.0,16.93,None,0.525,40.88,21237000,None,9398000,9398000,-8319000,-23203000,None,None,None,None,None,None,9516000,18481715,None,49271000,49271000,5120000,None,None,19851000,None,None,19654000,9320000,1.62,0.0322,3207000,3207000,None,0.361,0.1,180105000,199759000,1.17,2011-12-31,16.86,None,435348000.0,130834000,36613000,14773000,19851000,19851000,None,None,None,624000,None,None,None,None,None,None,None,None,None,0.224,15187000,85949000,44885000,1819000,15492000,None,None,None,None,None,None,None,2.134,1.229,2.264,None,None,None,None,None,None,None,0.129,None,None,2025-10-27,quarterly,1.27,None,pre-market,None,160588000,0.0256,0.0749,0.122,23.14,None,145613000,332000,None,53.11,52.24,8.547,587709000,31692000,20944000,391801000,556017000,None,180105000,195908000,16.93,None,55.75,43.43
2025-12-28,HTO,3.0,766656000.0,16.93,None,0.525,40.88,18554000,None,9398000,9398000,-2717000,-18896000,None,None,None,None,None,None,9516000,18481715,None,49271000,49271000,5120000,None,None,19851000,None,None,19654000,8180000,1.62,0.0322,3207000,3207000,None,0.361,0.1,180105000,199759000,1.17,2011-09-30,16.86,None,435348000.0,130834000,36613000,14773000,19851000,19851000,None,None,None,624000,None,None,None,None,None,None,None,None,None,0.224,19326000,85949000,44885000,1819000,15492000,None,None,None,None,None,None,None,2.134,1.229,2.264,None,None,None,None,None,None,None,0.129,None,None,2025-10-27,quarterly,1.27,None,pre-market,None,160588000,0.0256,0.0749,0.122,23.14,None,145613000,332000,None,53.11,52.24,8.547,587709000,31692000,20944000,391801000,556017000,None,180105000,195908000,16.93,None,55.75,43.43
2025-12-28,HTO,3.0,766656000.0,16.93,None,0.525,40.88,18047000,None,9398000,9398000,43685000,-18838000,None,None,None,None,None,None,9516000,18481715,None,49271000,49271000,5120000,None,None,19851000,None,None,19654000,8165000,1.62,0.0322,3204000,3204000,None,0.361,0.1,180105000,199759000,1.17,2011-06-30,16.86,None,435348000.0,130834000,36613000,14773000,19851000,19851000,None,None,None,624000,None,None,None,None,None,None,None,None,None,0.224,18155000,85949000,44885000,1819000,15492000,None,None,None,None,None,None,None,2.134,1.229,2.264,None,None,None,None,None,None,None,0.129,None,None,2025-10-27,quarterly,1.27,None,pre-market,None,160588000,0.0256,0.0749,0.122,23.14,None,145613000,332000,None,53.11,52.24,8.547,587709000,31692000,20944000,391801000,556017000,None,180105000,195908000,16.93,None,55.75,43.43
2025-12-28,HTO,3.0,766656000.0,16.93,None,0.525,40.88,13728000,None,9398000,9398000,3870000,-14782000,None,None,None,None,None,None,9516000,18481715,None,49271000,49271000,5120000,None,None,19851000,None,None,19654000,8176000,1.62,0.0322,3205000,3205000,None,0.361,0.1,180105000,199759000,1.17,2011-03-31,16.86,None,435348000.0,130834000,36613000,14773000,19851000,19851000,None,None,None,624000,None,None,None,None,None,610000,None,None,None,0.224,11536000,85949000,44885000,1819000,15492000,None,None,None,None,None,None,None,2.134,1.229,2.264,None,None,None,None,None,None,None,0.129,None,None,2025-10-27,quarterly,1.27,None,pre-market,None,160588000,0.0256,0.0749,0.122,23.14,None,145613000,332000,None,53.11,52.24,8.547,587709000,31692000,20944000,391801000,556017000,None,180105000,195908000,16.93,None,55.75,43.43
2025-12-28,HTO,3.0,766656000.0,16.93,None,0.525,40.88,31756000,None,9398000,9398000,-2527000,-3073000,None,None,None,None,None,None,9516000,18481715,None,49271000,49271000,5120000,None,None,19851000,None,None,19654000,7068000,1.62,0.0322,3152000,3152000,None,0.361,0.1,180105000,199759000,1.17,2010-12-31,16.86,None,435348000.0,130834000,36613000,14773000,19851000,19851000,None,None,None,624000,None,None,None,None,None,None,None,None,None,0.224,3995000,85949000,44885000,1819000,15492000,None,None,None,None,None,None,None,2.134,1.229,2.264,None,None,None,None,None,None,None,0.129,None,None,2025-10-27,quarterly,1.27,None,pre-market,None,160588000,0.0256,0.0749,0.122,23.14,None,145613000,332000,None,53.11,52.24,8.547,587709000,31692000,20944000,391801000,556017000,None,180105000,195908000,16.93,None,55.75,43.43
2025-12-28,HTO,3.0,766656000.0,16.93,None,0.525,40.88,33261000,None,9398000,9398000,17540000,-28715000,None,None,None,None,None,None,9516000,18481715,None,49271000,49271000,5120000,None,None,19851000,None,None,19654000,7082000,1.62,0.0322,3152000,3152000,None,0.361,0.1,180105000,199759000,1.17,2010-09-30,16.86,None,435348000.0,130834000,36613000,14773000,19851000,19851000,None,None,None,624000,None,None,None,None,None,10787000,None,None,None,0.224,11015000,85949000,44885000,1819000,15492000,None,None,None,None,None,None,None,2.134,1.229,2.264,None,None,None,None,None,None,None,0.129,None,None,2025-10-27,quarterly,1.27,None,pre-market,None,160588000,0.0256,0.0749,0.122,23.14,None,145613000,332000,None,53.11,52.24,8.547,587709000,31692000,20944000,391801000,556017000,None,180105000,195908000,16.93,None,55.75,43.43
2025-12-28,HTO,3.0,766656000.0,16.93,None,0.525,40.88,23749000,None,9398000,9398000,16245000,-25663000,None,None,None,None,None,None,9516000,18481715,None,49271000,49271000,5120000,None,None,19851000,None,None,19654000,7070000,1.62,0.0322,3150000,3150000,None,0.361,0.1,180105000,199759000,1.17,2010-06-30,16.86,None,435348000.0,130834000,36613000,14773000,19851000,19851000,None,None,None,624000,None,None,None,None,None,4516000,None,None,None,0.224,11113000,85949000,44885000,1819000,15492000,None,None,None,None,None,None,None,2.134,1.229,2.264,None,None,None,None,None,None,None,0.129,None,None,2025-10-27,quarterly,1.27,None,pre-market,None,160588000,0.0256,0.0749,0.122,23.14,None,145613000,332000,None,53.11,52.24,8.547,587709000,31692000,20944000,391801000,556017000,None,180105000,195908000,16.93,None,55.75,43.43
2025-12-28,HTO,3.0,766656000.0,16.93,None,0.525,40.88,16649000,None,9398000,9398000,6652000,-17312000,None,None,None,None,None,None,9516000,18481715,None,49271000,49271000,5120000,None,None,19851000,None,None,19654000,7111000,1.62,0.0322,3149000,3149000,None,0.361,0.1,180105000,199759000,1.17,2010-03-31,16.86,None,435348000.0,130834000,36613000,14773000,19851000,19851000,None,None,None,624000,None,None,None,None,None,985000,None,None,None,0.224,11044000,85949000,44885000,1819000,15492000,None,None,None,None,None,None,None,2.134,1.229,2.264,None,None,None,None,None,None,None,0.129,None,None,2025-10-27,quarterly,1.27,None,pre-market,None,160588000,0.0256,0.0749,0.122,23.14,None,145613000,332000,None,53.11,52.24,8.547,587709000,31692000,20944000,391801000,556017000,None,180105000,195908000,16.93,None,55.75,43.43
2025-12-28,HTO,3.0,766656000.0,16.93,None,0.525,40.88,20123000,None,9398000,9398000,-1895000,-16403000,None,None,None,None,None,None,9516000,18481715,None,49271000,49271000,5120000,None,None,19851000,None,None,19654000,6451000,1.62,0.0322,3053000,3053000,None,0.361,0.1,180105000,199759000,1.17,2009-12-31,16.86,None,435348000.0,130834000,36613000,14773000,19851000,19851000,None,None,None,624000,None,None,None,None,None,2620000,None,None,None,0.224,17854000,85949000,44885000,1819000,15492000,None,None,None,None,None,None,None,2.134,1.229,2.264,None,None,None,None,None,None,None,0.129,None,None,2025-10-27,quarterly,1.27,None,pre-market,None,160588000,0.0256,0.0749,0.122,23.14,None,145613000,332000,None,53.11,52.24,8.547,587709000,31692000,20944000,391801000,556017000,None,180105000,195908000,16.93,None,55.75,43.43
2025-12-28,HTO,3.0,766656000.0,16.93,None,0.525,40.88,17759000,None,9398000,9398000,478000,-17759000,None,None,None,None,None,None,9516000,18481715,None,49271000,49271000,5120000,None,None,19851000,None,None,19654000,6403000,1.62,0.0322,3052000,3052000,None,0.361,0.1,180105000,199759000,1.17,2009-09-30,16.86,None,435348000.0,130834000,36613000,14773000,19851000,19851000,None,None,None,624000,None,None,None,None,None,8017000,None,None,None,0.224,14370000,85949000,44885000,1819000,15492000,None,None,None,None,None,None,None,2.134,1.229,2.264,None,None,None,None,None,None,None,0.129,None,None,2025-10-27,quarterly,1.27,None,pre-market,None,160588000,0.0256,0.0749,0.122,23.14,None,145613000,332000,None,53.11,52.24,8.547,587709000,31692000,20944000,391801000,556017000,None,180105000,195908000,16.93,None,55.75,43.43
2025-12-28,HTO,3.0,766656000.0,16.93,None,0.525,40.88,13687000,None,9398000,9398000,3358000,-13687000,None,None,None,None,None,None,9516000,18481715,None,49271000,49271000,5120000,None,None,19851000,None,None,19654000,6238000,1.62,0.0322,3050000,3050000,None,0.361,0.1,180105000,199759000,1.17,2009-06-30,16.86,None,435348000.0,130834000,36613000,14773000,19851000,19851000,None,None,None,624000,None,None,None,None,None,4418000,None,None,None,0.224,12664000,85949000,44885000,1819000,15492000,None,None,None,None,None,None,None,2.134,1.229,2.264,None,None,None,None,None,None,None,0.129,None,None,2025-10-27,quarterly,1.27,None,pre-market,None,160588000,0.0256,0.0749,0.122,23.14,None,145613000,332000,None,53.11,52.24,8.547,587709000,31692000,20944000,391801000,556017000,None,180105000,195908000,16.93,None,55.75,43.43
2025-12-28,HTO,3.0,766656000.0,16.93,None,0.525,40.88,12586000,None,9398000,9398000,5678000,-16306000,None,None,None,None,None,None,9516000,18481715,None,49271000,49271000,5120000,None,None,19851000,None,None,19654000,6551000,1.62,0.0322,3047000,3047000,None,0.361,0.1,180105000,199759000,1.17,2009-03-31,16.86,None,435348000.0,130834000,36613000,14773000,19851000,19851000,None,None,None,624000,None,None,None,None,None,116000,None,None,None,0.224,9658000,85949000,44885000,1819000,15492000,None,None,None,None,None,None,None,2.134,1.229,2.264,None,None,None,None,None,None,None,0.129,None,None,2025-10-27,quarterly,1.27,None,pre-market,None,160588000,0.0256,0.0749,0.122,23.14,None,145613000,332000,None,53.11,52.24,8.547,587709000,31692000,20944000,391801000,556017000,None,180105000,195908000,16.93,None,55.75,43.43
2025-12-28,HTO,3.0,766656000.0,16.93,None,0.525,40.88,23925000,None,9398000,9398000,2833000,-17835000,None,None,None,None,None,None,9516000,18481715,None,49271000,49271000,5120000,None,None,19851000,None,None,19654000,None,1.62,0.0322,2971000,2971000,None,0.361,0.1,180105000,199759000,1.17,2008-12-31,16.86,None,435348000.0,130834000,36613000,14773000,19851000,19851000,None,None,None,624000,None,None,None,None,None,4208000,None,None,None,0.224,16231000,85949000,44885000,1819000,15492000,None,None,None,None,None,None,None,2.134,1.229,2.264,None,None,None,None,None,None,None,0.129,None,None,2025-10-27,quarterly,1.27,None,pre-market,None,160588000,0.0256,0.0749,0.122,23.14,None,145613000,332000,None,53.11,52.24,8.547,587709000,31692000,20944000,391801000,556017000,None,180105000,195908000,16.93,None,55.75,43.43
2025-12-28,HTO,3.0,766656000.0,16.93,None,0.525,40.88,15118000,None,9398000,9398000,2717000,-15118000,None,None,None,None,None,None,9516000,18481715,None,49271000,49271000,5120000,None,None,19851000,None,None,19654000,5988000,1.62,0.0322,2970000,2970000,None,0.361,0.1,180105000,199759000,1.17,2008-09-30,16.86,None,435348000.0,130834000,36613000,14773000,19851000,19851000,None,None,None,624000,None,None,None,None,None,8257000,None,None,None,0.224,12742000,85949000,44885000,1819000,15492000,None,None,None,None,None,None,None,2.134,1.229,2.264,None,None,None,None,None,None,None,0.129,None,None,2025-10-27,quarterly,1.27,None,pre-market,None,160588000,0.0256,0.0749,0.122,23.14,None,145613000,332000,None,53.11,52.24,8.547,587709000,31692000,20944000,391801000,556017000,None,180105000,195908000,16.93,None,55.75,43.43
2025-12-28,HTO,3.0,766656000.0,16.93,None,0.525,40.88,14950000,None,9398000,9398000,3519000,-14950000,None,None,None,None,None,None,9516000,18481715,None,49271000,49271000,5120000,None,None,19851000,None,None,19654000,5984000,1.62,0.0322,2970000,2970000,None,0.361,0.1,180105000,199759000,1.17,2008-06-30,16.86,None,435348000.0,130834000,36613000,14773000,19851000,19851000,None,None,None,624000,None,None,None,None,None,6278000,None,None,None,0.224,11552000,85949000,44885000,1819000,15492000,None,None,None,None,None,None,None,2.134,1.229,2.264,None,None,None,None,None,None,None,0.129,None,None,2025-10-27,quarterly,1.27,None,pre-market,None,160588000,0.0256,0.0749,0.122,23.14,None,145613000,332000,None,53.11,52.24,8.547,587709000,31692000,20944000,391801000,556017000,None,180105000,195908000,16.93,None,55.75,43.43
2025-12-28,HTO,3.0,766656000.0,16.93,None,0.525,40.88,18748000,None,9398000,9398000,6842000,-18748000,None,None,None,None,None,None,9516000,18481715,None,49271000,49271000,5120000,None,None,19851000,None,None,19654000,6063000,1.62,0.0322,2964000,2964000,None,0.361,0.1,180105000,199759000,1.17,2008-03-31,16.86,None,435348000.0,130834000,36613000,14773000,19851000,19851000,None,None,None,624000,None,None,None,None,None,2718000,None,None,None,0.224,11267000,85949000,44885000,1819000,15492000,None,None,None,None,None,None,None,2.134,1.229,2.264,None,None,None,None,None,None,None,0.129,None,None,2025-10-27,quarterly,1.27,None,pre-market,None,160588000,0.0256,0.0749,0.122,23.14,None,145613000,332000,None,53.11,52.24,8.547,587709000,31692000,20944000,391801000,556017000,None,180105000,195908000,16.93,None,55.75,43.43
2025-12-28,HTO,3.0,766656000.0,16.93,None,0.525,40.88,0,None,9398000,9398000,18155000,-26530000,None,None,None,None,None,None,9516000,18481715,None,49271000,49271000,5120000,None,None,19851000,None,None,19654000,None,1.62,0.0322,2777000,2777000,None,0.361,0.1,180105000,199759000,1.17,2007-12-31,16.86,None,435348000.0,130834000,36613000,14773000,19851000,19851000,None,None,None,624000,None,None,None,None,None,3784000,None,None,None,0.224,8502000,85949000,44885000,1819000,15492000,None,None,None,None,None,None,None,2.134,1.229,2.264,None,None,None,None,None,None,None,0.129,None,None,2025-10-27,quarterly,1.27,None,pre-market,None,160588000,0.0256,0.0749,0.122,23.14,None,145613000,332000,None,53.11,52.24,8.547,587709000,31692000,20944000,391801000,556017000,None,180105000,195908000,16.93,None,55.75,43.43
2025-12-28,HTO,3.0,766656000.0,16.93,None,0.525,40.88,17078000,None,9398000,9398000,4236000,-17294000,None,None,None,None,None,None,9516000,18481715,None,49271000,49271000,5120000,None,None,19851000,None,None,19654000,None,1.62,0.0322,2774000,2774000,None,0.361,0.1,180105000,199759000,1.17,2007-09-30,16.86,None,435348000.0,130834000,36613000,14773000,19851000,19851000,None,None,None,624000,None,None,None,None,None,8011000,None,None,None,0.224,9592000,85949000,44885000,1819000,15492000,None,None,None,None,None,None,None,2.134,1.229,2.264,None,None,None,None,None,None,None,0.129,None,None,2025-10-27,quarterly,1.27,None,pre-market,None,160588000,0.0256,0.0749,0.122,23.14,None,145613000,332000,None,53.11,52.24,8.547,587709000,31692000,20944000,391801000,556017000,None,180105000,195908000,16.93,None,55.75,43.43
2025-12-28,HTO,3.0,766656000.0,16.93,None,0.525,40.88,15230000,None,9398000,9398000,5633000,-15907000,None,None,None,None,None,None,9516000,18481715,None,49271000,49271000,5120000,None,None,19851000,None,None,19654000,None,1.62,0.0322,2772000,2772000,None,0.361,0.1,180105000,199759000,1.17,2007-06-30,16.86,None,435348000.0,130834000,36613000,14773000,19851000,19851000,None,None,None,624000,None,None,None,None,None,5406000,None,None,None,0.224,13276000,85949000,44885000,1819000,15492000,None,None,None,None,None,None,None,2.134,1.229,2.264,None,None,None,None,None,None,None,0.129,None,None,2025-10-27,quarterly,1.27,None,pre-market,None,160588000,0.0256,0.0749,0.122,23.14,None,145613000,332000,None,53.11,52.24,8.547,587709000,31692000,20944000,391801000,556017000,None,180105000,195908000,16.93,None,55.75,43.43
2025-12-28,HTO,3.0,766656000.0,16.93,None,0.525,40.88,62891000,None,9398000,9398000,19946000,-31630000,None,None,None,None,None,None,9516000,18481715,None,49271000,49271000,5120000,None,None,19851000,None,None,19654000,None,1.62,0.0322,2766000,2766000,None,0.361,0.1,180105000,199759000,1.17,2007-03-31,16.86,None,435348000.0,130834000,36613000,14773000,19851000,19851000,None,None,None,624000,None,None,None,None,None,2122000,None,None,None,0.224,10587000,85949000,44885000,1819000,15492000,None,None,None,None,None,None,None,2.134,1.229,2.264,None,None,None,None,None,None,None,0.129,None,None,2025-10-27,quarterly,1.27,None,pre-market,None,160588000,0.0256,0.0749,0.122,23.14,None,145613000,332000,None,53.11,52.24,8.547,587709000,31692000,20944000,391801000,556017000,None,180105000,195908000,16.93,None,55.75,43.43
2025-12-28,HTO,3.0,766656000.0,16.93,None,0.525,40.88,13510000,None,9398000,9398000,1386000,-13279000,None,None,None,None,None,None,9516000,18481715,None,49271000,49271000,5120000,None,None,19851000,None,None,19654000,None,1.62,0.0322,2582000,2582000,None,0.361,0.1,180105000,199759000,1.17,2006-12-31,16.86,None,435348000.0,130834000,36613000,14773000,19851000,19851000,None,None,None,624000,None,None,None,None,None,19049000,None,None,None,0.224,12785000,85949000,44885000,1819000,15492000,None,None,None,None,None,None,None,2.134,1.229,2.264,None,None,None,None,None,None,None,0.129,None,None,2025-10-27,quarterly,1.27,None,pre-market,None,160588000,0.0256,0.0749,0.122,23.14,None,145613000,332000,None,53.11,52.24,8.547,587709000,31692000,20944000,391801000,556017000,None,180105000,195908000,16.93,None,55.75,43.43
2025-12-28,HTO,3.0,766656000.0,16.93,None,0.525,40.88,15635000,None,9398000,9398000,6876000,-15736000,None,None,None,None,None,None,9516000,18481715,None,49271000,49271000,5120000,None,None,19851000,None,None,19654000,None,1.62,0.0322,2582000,2582000,None,0.361,0.1,180105000,199759000,1.17,2006-09-30,16.86,None,435348000.0,130834000,36613000,14773000,19851000,19851000,None,None,None,624000,None,None,None,None,None,8858000,None,None,None,0.224,9194000,85949000,44885000,1819000,15492000,None,None,None,None,None,None,None,2.134,1.229,2.264,None,None,None,None,None,None,None,0.129,None,None,2025-10-27,quarterly,1.27,None,pre-market,None,160588000,0.0256,0.0749,0.122,23.14,None,145613000,332000,None,53.11,52.24,8.547,587709000,31692000,20944000,391801000,556017000,None,180105000,195908000,16.93,None,55.75,43.43
2025-12-28,HTO,3.0,766656000.0,16.93,None,0.525,40.88,27809000,None,9398000,9398000,7602000,-23905000,None,None,None,None,None,None,9516000,18481715,None,49271000,49271000,5120000,None,None,19851000,None,None,19654000,None,1.62,0.0322,2581000,2581000,None,0.361,0.1,180105000,199759000,1.17,2006-06-30,16.86,None,435348000.0,130834000,36613000,14773000,19851000,19851000,None,None,None,624000,None,None,None,None,None,6471000,None,None,None,0.224,9048000,85949000,44885000,1819000,15492000,None,None,None,None,None,None,None,2.134,1.229,2.264,None,None,None,None,None,None,None,0.129,None,None,2025-10-27,quarterly,1.27,None,pre-market,None,160588000,0.0256,0.0749,0.122,23.14,None,145613000,332000,None,53.11,52.24,8.547,587709000,31692000,20944000,391801000,556017000,None,180105000,195908000,16.93,None,55.75,43.43
2025-12-28,HTO,3.0,766656000.0,16.93,None,0.525,40.88,14805000,None,9398000,9398000,-425000,-12385000,None,None,None,None,None,None,9516000,18481715,None,49271000,49271000,5120000,None,None,19851000,None,None,19654000,None,1.62,0.0322,2581000,2581000,None,0.361,0.1,180105000,199759000,1.17,2006-03-31,16.86,None,435348000.0,130834000,36613000,14773000,19851000,19851000,None,None,None,624000,None,None,None,None,None,4203000,None,None,None,0.224,13229000,85949000,44885000,1819000,15492000,None,None,None,None,None,None,None,2.134,1.229,2.264,None,None,None,None,None,None,None,0.129,None,None,2025-10-27,quarterly,1.27,None,pre-market,None,160588000,0.0256,0.0749,0.122,23.14,None,145613000,332000,None,53.11,52.24,8.547,587709000,31692000,20944000,391801000,556017000,None,180105000,195908000,16.93,None,55.75,43.43
2025-12-28,HTO,3.0,766656000.0,16.93,None,0.525,40.88,17602000,None,9398000,9398000,1268000,-17671000,None,None,None,None,None,None,9516000,18481715,None,49271000,49271000,5120000,None,None,19851000,None,None,19654000,None,1.62,0.0322,2445000,2445000,None,0.361,0.1,180105000,199759000,1.17,2005-12-31,16.86,None,435348000.0,130834000,36613000,14773000,19851000,19851000,None,None,None,624000,None,None,None,None,None,4217000,None,None,None,0.224,14649000,85949000,44885000,1819000,15492000,None,None,None,None,None,None,None,2.134,1.229,2.264,None,None,None,None,None,None,None,0.129,None,None,2025-10-27,quarterly,1.27,None,pre-market,None,160588000,0.0256,0.0749,0.122,23.14,None,145613000,332000,None,53.11,52.24,8.547,587709000,31692000,20944000,391801000,556017000,None,180105000,195908000,16.93,None,55.75,43.43
2025-12-28,HTO,3.0,766656000.0,16.93,None,0.525,40.88,12507000,None,9398000,9398000,-102000,-6260000,None,None,None,None,None,None,9516000,18481715,None,49271000,49271000,5120000,None,None,19851000,None,None,19654000,None,1.62,0.0322,2444000,2444000,None,0.361,0.1,180105000,199759000,1.17,2005-09-30,16.86,None,435348000.0,130834000,36613000,14773000,19851000,19851000,None,None,None,624000,None,None,None,None,None,9227000,None,None,None,0.224,7844000,85949000,44885000,1819000,15492000,None,None,None,None,None,None,None,2.134,1.229,2.264,None,None,None,None,None,None,None,0.129,None,None,2025-10-27,quarterly,1.27,None,pre-market,None,160588000,0.0256,0.0749,0.122,23.14,None,145613000,332000,None,53.11,52.24,8.547,587709000,31692000,20944000,391801000,556017000,None,180105000,195908000,16.93,None,55.75,43.43
2025-12-28,HTO,3.0,766656000.0,16.93,None,0.525,40.88,380638000,None,9398000,9398000,145960000,-340095000,None,None,None,None,None,None,9516000,18481715,None,49271000,49271000,5120000,None,None,19851000,None,None,19654000,115050000,1.62,0.0322,52132000,52132000,None,0.361,0.1,180105000,199759000,1.17,2024-12-31,16.86,None,435348000.0,130834000,36613000,14773000,19851000,19851000,None,None,None,624000,None,None,None,None,None,93967000,None,None,None,0.224,195526000,85949000,44885000,1819000,15492000,None,None,None,None,None,None,None,2.134,1.229,2.264,None,None,None,None,None,None,None,0.129,None,None,2025-10-27,annual,1.27,USD,pre-market,None,160588000,0.0256,0.0749,0.122,23.14,None,145613000,332000,None,53.11,52.24,8.547,587709000,31692000,20944000,391801000,556017000,None,180105000,195908000,16.93,None,55.75,43.43
2025-12-28,HTO,3.0,766656000.0,16.93,None,0.525,40.88,290724000,None,9398000,9398000,128820000,-322272000,None,None,None,None,None,None,9516000,18481715,None,49271000,49271000,5120000,None,None,19851000,None,None,19654000,108138000,1.62,0.0322,47905000,47905000,None,0.361,0.1,180105000,199759000,1.17,2023-12-31,16.86,None,435348000.0,130834000,36613000,14773000,19851000,19851000,None,None,None,624000,None,None,None,None,None,84987000,None,None,None,0.224,190831000,85949000,44885000,1819000,15492000,None,None,None,None,None,None,None,2.134,1.229,2.264,None,None,None,None,None,None,None,0.129,None,None,2025-10-27,annual,1.27,USD,pre-market,None,160588000,0.0256,0.0749,0.122,23.14,None,145613000,332000,None,53.11,52.24,8.547,587709000,31692000,20944000,391801000,556017000,None,180105000,195908000,16.93,None,55.75,43.43
2025-12-28,HTO,3.0,766656000.0,16.93,None,0.525,40.88,244239000,None,9398000,9398000,78354000,-244328000,None,None,None,None,None,None,9516000,18481715,None,49271000,49271000,5120000,None,None,19851000,None,None,19654000,106439000,1.62,0.0322,43582000,43582000,None,0.361,0.1,180105000,199759000,1.17,2022-12-31,16.86,None,435348000.0,130834000,36613000,14773000,19851000,19851000,None,None,None,624000,None,None,None,None,None,73828000,None,None,None,0.224,166199000,85949000,44885000,1819000,15492000,None,None,None,None,None,None,None,2.134,1.229,2.264,None,None,None,None,None,None,None,0.129,None,None,2025-10-27,annual,1.27,USD,pre-market,None,160588000,0.0256,0.0749,0.122,23.14,None,145613000,332000,None,53.11,52.24,8.547,587709000,31692000,20944000,391801000,556017000,None,180105000,195908000,16.93,None,55.75,43.43
2025-12-28,HTO,3.0,766656000.0,16.93,None,0.525,40.88,253810000,None,9398000,9398000,132805000,-259995000,None,None,None,None,None,None,9516000,18481715,None,49271000,49271000,5120000,None,None,19851000,None,None,19654000,96474000,1.62,0.0322,40137000,40137000,None,0.361,0.1,180105000,199759000,1.17,2021-12-31,16.86,None,435348000.0,130834000,36613000,14773000,19851000,19851000,None,None,None,624000,None,None,None,None,None,60478000,None,None,None,0.224,130040000,85949000,44885000,1819000,15492000,None,None,None,None,None,None,None,2.134,1.229,2.264,None,None,None,None,None,None,None,0.129,None,None,2025-10-27,annual,1.27,USD,pre-market,None,160588000,0.0256,0.0749,0.122,23.14,None,145613000,332000,None,53.11,52.24,8.547,587709000,31692000,20944000,391801000,556017000,None,180105000,195908000,16.93,None,55.75,43.43
2025-12-28,HTO,3.0,766656000.0,16.93,None,0.525,40.88,214975000,None,9398000,9398000,101533000,-214259000,None,None,None,None,None,None,9516000,18481715,None,49271000,49271000,5120000,None,None,19851000,None,None,19654000,91622000,1.62,0.0322,36509000,36509000,None,0.361,0.1,180105000,199759000,1.17,2020-12-31,16.86,None,435348000.0,130834000,36613000,14773000,19851000,19851000,None,None,None,624000,None,None,None,None,None,61515000,None,None,None,0.224,104051000,85949000,44885000,1819000,15492000,None,None,None,None,None,None,None,2.134,1.229,2.264,None,None,None,None,None,None,None,0.129,None,None,2025-10-27,annual,1.27,None,pre-market,None,160588000,0.0256,0.0749,0.122,23.14,None,145613000,332000,None,53.11,52.24,8.547,587709000,31692000,20944000,391801000,556017000,None,180105000,195908000,16.93,None,55.75,43.43
2025-12-28,HTO,3.0,766656000.0,16.93,None,0.525,40.88,182914000,None,9398000,9398000,484988000,-1017771000,None,None,None,None,None,None,9516000,18481715,None,49271000,49271000,5120000,None,None,19851000,None,None,19654000,68489000,1.62,0.0322,34134000,34134000,None,0.361,0.1,180105000,199759000,1.17,2019-12-31,16.86,None,435348000.0,130834000,36613000,14773000,19851000,19851000,None,None,None,624000,None,None,None,None,None,23627000,None,None,None,0.224,130005000,85949000,44885000,1819000,15492000,None,None,None,None,None,None,None,2.134,1.229,2.264,None,None,None,None,None,-10000,None,0.129,None,None,2025-10-27,annual,1.27,None,pre-market,None,160588000,0.0256,0.0749,0.122,23.14,None,145613000,332000,None,53.11,52.24,8.547,587709000,31692000,20944000,391801000,556017000,None,180105000,195908000,16.93,None,55.75,43.43
2025-12-28,HTO,3.0,766656000.0,16.93,None,0.525,40.88,148336000,None,9398000,9398000,468423000,-146843000,None,None,None,None,None,None,9516000,18481715,None,49271000,49271000,5120000,None,None,19851000,None,None,19654000,56907000,1.62,0.0322,23074000,23074000,None,0.361,0.1,180105000,199759000,1.17,2018-12-31,16.86,None,435348000.0,130834000,36613000,14773000,19851000,19851000,None,None,None,624000,None,None,None,None,None,38767000,None,None,None,0.224,91343000,85949000,44885000,1819000,15492000,None,None,None,None,None,None,None,2.134,1.229,2.264,None,None,None,None,None,None,None,0.129,None,None,2025-10-27,annual,1.27,None,pre-market,None,160588000,0.0256,0.0749,0.122,23.14,None,145613000,332000,None,53.11,52.24,8.547,587709000,31692000,20944000,391801000,556017000,None,180105000,195908000,16.93,None,55.75,43.43
2025-12-28,HTO,3.0,766656000.0,16.93,None,0.525,40.88,152411000,None,9398000,9398000,-4789000,-113874000,None,None,None,None,None,None,9516000,18481715,None,49271000,49271000,5120000,None,None,19851000,None,None,19654000,50501000,1.62,0.0322,21332000,21332000,None,0.361,0.1,180105000,199759000,1.17,2017-12-31,16.86,None,435348000.0,130834000,36613000,14773000,19851000,19851000,None,None,None,624000,None,None,None,None,None,61100000,None,None,None,0.224,101112000,85949000,44885000,1819000,15492000,None,None,None,None,None,None,None,2.134,1.229,2.264,None,None,None,None,None,None,None,0.129,None,None,2025-10-27,annual,1.27,None,pre-market,None,160588000,0.0256,0.0749,0.122,23.14,None,145613000,332000,None,53.11,52.24,8.547,587709000,31692000,20944000,391801000,556017000,None,180105000,195908000,16.93,None,55.75,43.43
2025-12-28,HTO,3.0,766656000.0,16.93,None,0.525,40.88,145581000,None,9398000,9398000,27669000,-122129000,None,None,None,None,None,None,9516000,18481715,None,49271000,49271000,5120000,None,None,19851000,None,None,19654000,46295000,1.62,0.0322,16559000,16559000,None,0.361,0.1,180105000,199759000,1.17,2016-12-31,16.86,None,435348000.0,130834000,36613000,14773000,19851000,19851000,None,None,None,624000,None,None,None,None,None,52839000,None,None,None,0.224,114571000,85949000,44885000,1819000,15492000,None,None,None,None,None,None,None,2.134,1.229,2.264,None,None,None,None,None,None,None,0.129,None,None,2025-10-27,annual,1.27,None,pre-market,None,160588000,0.0256,0.0749,0.122,23.14,None,145613000,332000,None,53.11,52.24,8.547,587709000,31692000,20944000,391801000,556017000,None,180105000,195908000,16.93,None,55.75,43.43
2025-12-28,HTO,3.0,766656000.0,16.93,None,0.525,40.88,110447000,None,9398000,9398000,15296000,-110610000,None,None,None,None,None,None,9516000,18481715,None,49271000,49271000,5120000,None,None,19851000,None,None,19654000,42330000,1.62,0.0322,15885000,15885000,None,0.361,0.1,180105000,199759000,1.17,2015-12-31,16.86,None,435348000.0,130834000,36613000,14773000,19851000,19851000,None,None,None,624000,None,None,None,None,None,37882000,None,None,None,0.224,98154000,85949000,44885000,1819000,15492000,None,None,None,None,None,None,None,2.134,1.229,2.264,None,None,None,None,None,None,None,0.129,None,None,2025-10-27,annual,1.27,None,pre-market,None,160588000,0.0256,0.0749,0.122,23.14,None,145613000,332000,None,53.11,52.24,8.547,587709000,31692000,20944000,391801000,556017000,None,180105000,195908000,16.93,None,55.75,43.43
2025-12-28,HTO,3.0,766656000.0,16.93,None,0.525,40.88,103487000,None,9398000,9398000,31829000,-97640000,None,None,None,None,None,None,9516000,18481715,None,49271000,49271000,5120000,None,None,19851000,None,None,19654000,39491000,1.62,0.0322,15177000,15177000,None,0.361,0.1,180105000,199759000,1.17,2014-12-31,16.86,None,435348000.0,130834000,36613000,14773000,19851000,19851000,None,None,None,624000,None,None,None,None,None,51806000,None,None,None,0.224,65911000,85949000,44885000,1819000,15492000,None,None,None,None,None,None,None,2.134,1.229,2.264,None,None,None,None,None,None,None,0.129,None,None,2025-10-27,annual,1.27,None,pre-market,None,160588000,0.0256,0.0749,0.122,23.14,None,145613000,332000,None,53.11,52.24,8.547,587709000,31692000,20944000,391801000,556017000,None,180105000,195908000,16.93,None,55.75,43.43
2025-12-28,HTO,3.0,766656000.0,16.93,None,0.525,40.88,97020000,None,9398000,9398000,32122000,-95770000,None,None,None,None,None,None,9516000,18481715,None,49271000,49271000,5120000,None,None,19851000,None,None,19654000,36595000,1.62,0.0322,14443000,14443000,None,0.361,0.1,180105000,199759000,1.17,2013-12-31,16.86,None,435348000.0,130834000,36613000,14773000,19851000,19851000,None,None,None,624000,None,None,None,None,None,22384000,None,None,None,0.224,63425000,85949000,44885000,1819000,15492000,None,None,None,None,None,None,None,2.134,1.229,2.264,None,None,None,None,None,None,None,0.129,None,None,2025-10-27,annual,1.27,None,pre-market,None,160588000,0.0256,0.0749,0.122,23.14,None,145613000,332000,None,53.11,52.24,8.547,587709000,31692000,20944000,391801000,556017000,None,180105000,195908000,16.93,None,55.75,43.43
2025-12-28,HTO,3.0,766656000.0,16.93,None,0.525,40.88,106756000,None,9398000,9398000,5618000,-104197000,None,None,None,None,None,None,9516000,18481715,None,49271000,49271000,5120000,None,None,19851000,None,None,19654000,34629000,1.62,0.0322,13231000,13231000,None,0.361,0.1,180105000,199759000,1.17,2012-12-31,16.86,None,435348000.0,130834000,36613000,14773000,19851000,19851000,None,None,None,624000,None,None,None,None,None,22318000,None,None,None,0.224,74367000,85949000,44885000,1819000,15492000,None,None,None,None,None,None,None,2.134,1.229,2.264,None,None,None,None,None,None,None,0.129,None,None,2025-10-27,annual,1.27,None,pre-market,None,160588000,0.0256,0.0749,0.122,23.14,None,145613000,332000,None,53.11,52.24,8.547,587709000,31692000,20944000,391801000,556017000,None,180105000,195908000,16.93,None,55.75,43.43
2025-12-28,HTO,3.0,766656000.0,16.93,None,0.525,40.88,71566000,None,9398000,9398000,36519000,-75719000,None,None,None,None,None,None,9516000,18481715,None,49271000,49271000,5120000,None,None,19851000,None,None,19654000,32709000,1.62,0.0322,12823000,12823000,None,0.361,0.1,180105000,199759000,1.17,2011-12-31,16.86,None,435348000.0,130834000,36613000,14773000,19851000,19851000,None,None,None,624000,None,None,None,None,None,20878000,None,None,None,0.224,64204000,85949000,44885000,1819000,15492000,None,None,None,None,None,None,None,2.134,1.229,2.264,None,None,None,None,None,None,None,0.129,None,None,2025-10-27,annual,1.27,None,pre-market,None,160588000,0.0256,0.0749,0.122,23.14,None,145613000,332000,None,53.11,52.24,8.547,587709000,31692000,20944000,391801000,556017000,None,180105000,195908000,16.93,None,55.75,43.43
2025-12-28,HTO,3.0,766656000.0,16.93,None,0.525,40.88,100657000,None,9398000,9398000,37910000,-74763000,None,None,None,None,None,None,9516000,18481715,None,49271000,49271000,5120000,None,None,19851000,None,None,19654000,29756000,1.62,0.0322,12603000,12603000,None,0.361,0.1,180105000,199759000,1.17,2010-12-31,16.86,None,435348000.0,130834000,36613000,14773000,19851000,19851000,None,None,None,624000,None,None,None,None,None,24406000,None,None,None,0.224,37167000,85949000,44885000,1819000,15492000,None,None,None,None,None,None,None,2.134,1.229,2.264,None,None,None,None,None,None,None,0.129,None,None,2025-10-27,annual,1.27,None,pre-market,None,160588000,0.0256,0.0749,0.122,23.14,None,145613000,332000,None,53.11,52.24,8.547,587709000,31692000,20944000,391801000,556017000,None,180105000,195908000,16.93,None,55.75,43.43
2025-12-28,HTO,3.0,766656000.0,16.93,None,0.525,40.88,64155000,None,9398000,9398000,7619000,-64155000,None,None,None,None,None,None,9516000,18481715,None,49271000,49271000,5120000,None,None,19851000,None,None,19654000,25643000,1.62,0.0322,12202000,12202000,None,0.361,0.1,180105000,199759000,1.17,2009-12-31,16.86,None,435348000.0,130834000,36613000,14773000,19851000,19851000,None,None,None,624000,None,None,None,None,None,15171000,None,None,None,0.224,54546000,85949000,44885000,1819000,15492000,None,None,None,None,None,None,None,2.134,1.229,2.264,None,None,None,None,None,None,None,0.129,None,None,2025-10-27,annual,1.27,None,pre-market,None,160588000,0.0256,0.0749,0.122,23.14,None,145613000,332000,None,53.11,52.24,8.547,587709000,31692000,20944000,391801000,556017000,None,180105000,195908000,16.93,None,55.75,43.43
2025-12-28,HTO,3.0,766656000.0,16.93,None,0.525,40.88,71537000,None,9398000,9398000,15911000,-66651000,None,None,None,None,None,None,9516000,18481715,None,49271000,49271000,5120000,None,None,19851000,None,None,19654000,24043000,1.62,0.0322,11875000,11875000,None,0.361,0.1,180105000,199759000,1.17,2008-12-31,16.86,None,435348000.0,130834000,36613000,14773000,19851000,19851000,None,None,None,624000,None,None,None,None,None,21461000,None,None,None,0.224,51792000,85949000,44885000,1819000,15492000,None,None,None,None,None,None,None,2.134,1.229,2.264,None,None,None,None,None,None,None,0.129,None,None,2025-10-27,annual,1.27,None,pre-market,None,160588000,0.0256,0.0749,0.122,23.14,None,145613000,332000,None,53.11,52.24,8.547,587709000,31692000,20944000,391801000,556017000,None,180105000,195908000,16.93,None,55.75,43.43
2025-12-28,HTO,3.0,766656000.0,16.93,None,0.525,40.88,74377000,None,9398000,9398000,47896000,-91361000,None,None,None,None,None,None,9516000,18481715,None,49271000,49271000,5120000,None,None,19851000,None,None,19654000,22854000,1.62,0.0322,11089000,11089000,None,0.361,0.1,180105000,199759000,1.17,2007-12-31,16.86,None,435348000.0,130834000,36613000,14773000,19851000,19851000,None,None,None,624000,None,None,None,None,None,19323000,None,None,None,0.224,42031000,85949000,44885000,1819000,15492000,None,None,None,None,None,None,None,2.134,1.229,2.264,None,None,None,None,None,None,None,0.129,None,None,2025-10-27,annual,1.27,None,pre-market,None,160588000,0.0256,0.0749,0.122,23.14,None,145613000,332000,None,53.11,52.24,8.547,587709000,31692000,20944000,391801000,556017000,None,180105000,195908000,16.93,None,55.75,43.43
2025-12-28,HTO,3.0,766656000.0,16.93,None,0.525,40.88,71759000,None,9398000,9398000,15171000,-65305000,None,None,None,None,None,None,9516000,18481715,None,49271000,49271000,5120000,None,None,19851000,None,None,19654000,None,1.62,0.0322,10326000,10326000,None,0.361,0.1,180105000,199759000,1.17,2006-12-31,16.86,None,435348000.0,130834000,36613000,14773000,19851000,19851000,None,None,None,624000,None,None,None,None,None,38581000,None,None,None,0.224,44524000,85949000,44885000,1819000,15492000,None,None,None,None,None,None,None,2.134,1.229,2.264,None,None,None,None,None,None,None,0.129,None,None,2025-10-27,annual,1.27,None,pre-market,None,160588000,0.0256,0.0749,0.122,23.14,None,145613000,332000,None,53.11,52.24,8.547,587709000,31692000,20944000,391801000,556017000,None,180105000,195908000,16.93,None,55.75,43.43
2025-12-28,HTO,3.0,766656000.0,16.93,None,0.525,40.88,51769000,None,9398000,9398000,4391000,-48513000,None,None,-83000,None,None,None,9516000,18481715,None,49271000,49271000,5120000,None,None,19851000,None,None,19654000,None,1.62,0.0322,9777000,9777000,None,0.361,0.1,180105000,199759000,1.17,2005-12-31,16.86,None,435348000.0,130834000,36613000,14773000,19851000,19851000,None,None,None,624000,None,None,None,None,None,21840000,None,None,None,0.224,42621000,85949000,44885000,1819000,15492000,None,None,None,None,None,None,None,2.134,1.229,2.264,None,None,None,None,None,-185000,None,0.129,None,None,2025-10-27,annual,1.27,None,pre-market,None,160588000,0.0256,0.0749,0.122,23.14,None,145613000,332000,None,53.11,52.24,8.547,587709000,31692000,20944000,391801000,556017000,None,180105000,195908000,16.93,None,55.75,43.43
