date,symbol,eps,revenue_ttm,pe_ratio,accumulateddepreciationamortizationppe,beta,book_value,capitalexpenditures,capitalleaseobligations,cashandcashequivalentsatcarryingvalue,cashandshortterminvestments,cashflowfromfinancing,cashflowfrominvestment,changeincashandcashequivalents,changeinexchangerate,changeininventory,changeinoperatingassets,changeinoperatingliabilities,changeinreceivables,commonstock,commonstocksharesoutstanding,comprehensiveincomenetoftax,costofgoodsandservicessold,costofrevenue,currentaccountspayable,currentdebt,currentlongtermdebt,currentnetreceivables,deferredrevenue,depreciation,depreciationandamortization,depreciationdepletionandamortization,dividend_per_share,dividend_yield,dividendpayout,dividendpayoutcommonstock,dividendpayoutpreferredstock,earnings_growth_yoy,earnings_surprise,ebit,ebitda,estimated_eps,fiscaldateending,forward_pe,goodwill,gross_profit_ttm,grossprofit,incomebeforetax,incometaxexpense,intangibleassets,intangibleassetsexcludinggoodwill,interestanddebtexpense,interestexpense,interestincome,inventory,investmentincomenet,investments,longtermdebt,longtermdebtnoncurrent,longterminvestments,netincome,netincomefromcontinuingoperations,netinterestincome,noninterestincome,operating_margin_ttm,operatingcashflow,operatingexpenses,operatingincome,othercurrentassets,othercurrentliabilities,othernoncurrentassets,othernoncurrentliabilities,othernonoperatingincome,paymentsforoperatingactivities,paymentsforrepurchaseofcommonstock,paymentsforrepurchaseofequity,paymentsforrepurchaseofpreferredstock,peg_ratio,price_to_book,price_to_sales_ttm,proceedsfromissuanceofcommonstock,proceedsfromissuanceoflongtermdebtandcapitalsecuritiesnet,proceedsfromissuanceofpreferredstock,proceedsfromoperatingactivities,proceedsfromrepaymentsofshorttermdebt,proceedsfromrepurchaseofequity,proceedsfromsaleoftreasurystock,profit_margin,profitloss,propertyplantequipment,report_date,report_type,reported_eps,reportedcurrency,reporttime,researchanddevelopment,retainedearnings,return_on_assets_ttm,return_on_equity_ttm,revenue_growth_yoy,revenue_per_share_ttm,sellinggeneralandadministrative,shortlongtermdebttotal,shorttermdebt,shortterminvestments,sma_200,sma_50,surprise_pct,totalassets,totalcurrentassets,totalcurrentliabilities,totalliabilities,totalnoncurrentassets,totalnoncurrentliabilities,totalrevenue,totalshareholderequity,trailing_pe,treasurystock,week_52_high,week_52_low
1996-03-31,HUBB,,,,,,,,,,,,,,,,,,,,,,,,,,,,,,,,,,,,,,0.0,,,0.47,,,,,,,,,,,,,,,,,,,,,,,,,,,,,,,,,,,,,,,,,,,,,,,,,1996-04-18,,0.47,,pre-market,,,,,,,,,,,,,0.0,,,,,,,,,,,,
1996-06-30,HUBB,,,,,,,,,,,,,,,,,,,,,,,,,,,,,,,,,,,,,,0.02,,,0.51,,,,,,,,,,,,,,,,,,,,,,,,,,,,,,,,,,,,,,,,,,,,,,,,,1996-07-17,,0.53,,pre-market,,,,,,,,,,,,,3.9216,,,,,,,,,,,,
1996-09-30,HUBB,,,,,,,,,,,,,,,,,,,,,,,,,,,,,,,,,,,,,,0.01,,,0.54,,,,,,,,,,,,,,,,,,,,,,,,,,,,,,,,,,,,,,,,,,,,,,,,,1996-10-16,,0.55,,pre-market,,,,,,,,,,,,,1.8519,,,,,,,,,,,,
1996-12-31,HUBB,,,,,,,,,,,,,,,,,,,,,,,,,,,,,,,,,,,,,,0.0,,,0.55,,,,,,,,,,,,,,,,,,,,,,,,,,,,,,,,,,,,,,,,,,,,,,,,,1997-01-22,,0.55,,pre-market,,,,,,,,,,,,,0.0,,,,,,,,,,,,
1997-03-31,HUBB,,,,,,,,,,,,,,,,,,,,,,,,,,,,,,,,,,,,,,0.0,,,0.53,,,,,,,,,,,,,,,,,,,,,,,,,,,,,,,,,,,,,,,,,,,,,,,,,1997-04-16,,0.53,,pre-market,,,,,,,,,,,,,0.0,,,,,,,,,,,,
1997-06-30,HUBB,,,,,,,,,,,,,,,,,,,,,,,,,,,,,,,,,,,,,,0.01,,,0.59,,,,,,,,,,,,,,,,,,,,,,,,,,,,,,,,,,,,,,,,,,,,,,,,,1997-07-16,,0.6,,pre-market,,,,,,,,,,,,,1.6949,,,,,,,,,,,,
1997-09-30,HUBB,,,,,,,,,,,,,,,,,,,,,,,,,,,,,,,,,,,,,,-0.02,,,0.62,,,,,,,,,,,,,,,,,,,,,,,,,,,,,,,,,,,,,,,,,,,,,,,,,1997-10-15,,0.6,,pre-market,,,,,,,,,,,,,-3.2258,,,,,,,,,,,,
1997-12-31,HUBB,,,,,,,,,,,,,,,,,,,,,,,,,,,,,,,,,,,,,,0.02,,,0.61,,,,,,,,,,,,,,,,,,,,,,,,,,,,,,,,,,,,,,,,,,,,,,,,,1998-01-21,,0.63,,pre-market,,,,,,,,,,,,,3.2787,,,,,,,,,,,,
1998-03-31,HUBB,,,,,,,,,,,,,,,,,,,,,,,,,,,,,,,,,,,,,,0.0,,,0.58,,,,,,,,,,,,,,,,,,,,,,,,,,,,,,,,,,,,,,,,,,,,,,,,,1998-04-16,,0.58,,pre-market,,,,,,,,,,,,,0.0,,,,,,,,,,,,
1998-06-30,HUBB,,,,,,,,,,,,,,,,,,,,,,,,,,,,,,,,,,,,,,-0.01,,,0.66,,,,,,,,,,,,,,,,,,,,,,,,,,,,,,,,,,,,,,,,,,,,,,,,,1998-07-16,,0.65,,pre-market,,,,,,,,,,,,,-1.5152,,,,,,,,,,,,
1998-09-30,HUBB,,,,,,,,,,,,,,,,,,,,,,,,,,,,,,,,,,,,,,0.0,,,0.65,,,,,,,,,,,,,,,,,,,,,,,,,,,,,,,,,,,,,,,,,,,,,,,,,1998-10-29,,0.65,,pre-market,,,,,,,,,,,,,0.0,,,,,,,,,,,,
1998-12-31,HUBB,,,,,,,,,,,,,,,,,,,,,,,,,,,,,,,,,,,,,,-0.01,,,0.64,,,,,,,,,,,,,,,,,,,,,,,,,,,,,,,,,,,,,,,,,,,,,,,,,1999-02-01,,0.63,,pre-market,,,,,,,,,,,,,-1.5625,,,,,,,,,,,,
1999-03-31,HUBB,,,,,,,,,,,,,,,,,,,,,,,,,,,,,,,,,,,,,,0.01,,,0.6,,,,,,,,,,,,,,,,,,,,,,,,,,,,,,,,,,,,,,,,,,,,,,,,,1999-04-21,,0.61,,pre-market,,,,,,,,,,,,,1.6667,,,,,,,,,,,,
1999-06-30,HUBB,,,,,,,,,,,,,,,,,,,,,,,,,,,,,,,,,,,,,,-0.01,,,0.66,,,,,,,,,,,,,,,,,,,,,,,,,,,,,,,,,,,,,,,,,,,,,,,,,1999-07-19,,0.65,,pre-market,,,,,,,,,,,,,-1.5152,,,,,,,,,,,,
1999-09-30,HUBB,,,,,,,,,,,,,,,,,,,,,,,,,,,,,,,,,,,,,,0.01,,,0.43,,,,,,,,,,,,,,,,,,,,,,,,,,,,,,,,,,,,,,,,,,,,,,,,,1999-10-21,,0.44,,pre-market,,,,,,,,,,,,,2.3256,,,,,,,,,,,,
1999-12-31,HUBB,,,,,,,,,,,,,,,,,,,,,,,,,,,,,,,,,,,,,,0.0,,,0.42,,,,,,,,,,,,,,,,,,,,,,,,,,,,,,,,,,,,,,,,,,,,,,,,,2000-01-19,,0.42,,pre-market,,,,,,,,,,,,,0.0,,,,,,,,,,,,
2000-03-31,HUBB,,,,,,,,,,,,,,,,,,,,,,,,,,,,,,,,,,,,,,0.04,,,0.51,,,,,,,,,,,,,,,,,,,,,,,,,,,,,,,,,,,,,,,,,,,,,,,,,2000-04-19,,0.55,,pre-market,,,,,,,,,,,,,7.8431,,,,,,,,,,,,
2000-06-30,HUBB,,,,,,,,,,,,,,,,,,,,,,,,,,,,,,,,,,,,,,-0.05,,,0.59,,,,,,,,,,,,,,,,,,,,,,,,,,,,,,,,,,,,,,,,,,,,,,,,,2000-07-19,,0.54,,pre-market,,,,,,,,,,,,,-8.4746,,,,,,,,,,,,
2000-09-30,HUBB,,,,,,,,,,,,,,,,,,,,,,,,,,,,,,,,,,,,,,-0.07,,,0.62,,,,,,,,,,,,,,,,,,,,,,,,,,,,,,,,,,,,,,,,,,,,,,,,,2000-10-19,,0.55,,pre-market,,,,,,,,,,,,,-11.2903,,,,,,,,,,,,
2000-12-31,HUBB,,,,,,,,,,,,,,,,,,,,,,,,,,,,,,,,,,,,,,0.02,,,0.46,,,,,,,,,,,,,,,,,,,,,,,,,,,,,,,,,,,,,,,,,,,,,,,,,2001-01-17,,0.48,,pre-market,,,,,,,,,,,,,4.3478,,,,,,,,,,,,
2001-03-31,HUBB,,,,,,,,,,,,,,,,,,,,,,,,,,,,,,,,,,,,,,-0.07,,,0.43,,,,,,,,,,,,,,,,,,,,,,,,,,,,,,,,,,,,,,,,,,,,,,,,,2001-04-19,,0.36,,pre-market,,,,,,,,,,,,,-16.2791,,,,,,,,,,,,
2001-06-30,HUBB,,,,,,,,,,,,,,,,,,,,,,,,,,,,,,,,,,,,,,-0.04,,,0.41,,,,,,,,,,,,,,,,,,,,,,,,,,,,,,,,,,,,,,,,,,,,,,,,,2001-07-19,,0.37,,pre-market,,,,,,,,,,,,,-9.7561,,,,,,,,,,,,
2001-09-30,HUBB,,,,,,,,,,,,,,,,,,,,,,,,,,,,,,,,,,,,,,-0.05,,,0.38,,,,,,,,,,,,,,,,,,,,,,,,,,,,,,,,,,,,,,,,,,,,,,,,,2001-10-18,,0.33,,pre-market,,,,,,,,,,,,,-13.1579,,,,,,,,,,,,
2001-12-31,HUBB,,,,,,,,,,,,,,,,,,,,,,,,,,,,,,,,,,,,,,-0.03,,,0.33,,,,,,,,,,,,,,,,,,,,,,,,,,,,,,,,,,,,,,,,,,,,,,,,,2002-01-22,,0.3,,pre-market,,,,,,,,,,,,,-9.0909,,,,,,,,,,,,
2002-03-31,HUBB,,,,,,,,,,,,,,,,,,,,,,,,,,,,,,,,,,,,,,0.0,,,0.33,,,,,,,,,,,,,,,,,,,,,,,,,,,,,,,,,,,,,,,,,,,,,,,,,2002-04-23,,0.33,,pre-market,,,,,,,,,,,,,0.0,,,,,,,,,,,,
2002-06-30,HUBB,,,,,,,,,,,,,,,,,,,,,,,,,,,,,,,,,,,,,,0.05,,,0.39,,,,,,,,,,,,,,,,,,,,,,,,,,,,,,,,,,,,,,,,,,,,,,,,,2002-07-24,,0.44,,pre-market,,,,,,,,,,,,,12.8205,,,,,,,,,,,,
2002-09-30,HUBB,,,,,,,,,,,,,,,,,,,,,,,,,,,,,,,,,,,,,,0.04,,,0.45,,,,,,,,,,,,,,,,,,,,,,,,,,,,,,,,,,,,,,,,,,,,,,,,,2002-10-17,,0.49,,pre-market,,,,,,,,,,,,,8.8889,,,,,,,,,,,,
2002-12-31,HUBB,,,,,,,,,,,,,,,,,,,,,,,,,,,,,,,,,,,,,,0.12,,,0.46,,,,,,,,,,,,,,,,,,,,,,,,,,,,,,,,,,,,,,,,,,,,,,,,,2003-01-21,,0.58,,pre-market,,,,,,,,,,,,,26.087,,,,,,,,,,,,
2003-03-31,HUBB,,,,,,,,,,,,,,,,,,,,,,,,,,,,,,,,,,,,,,-0.06,,,0.42,,,,,,,,,,,,,,,,,,,,,,,,,,,,,,,,,,,,,,,,,,,,,,,,,2003-04-22,,0.36,,pre-market,,,,,,,,,,,,,-14.2857,,,,,,,,,,,,
2003-06-30,HUBB,,,,,,,,,,,,,,,,,,,,,,,,,,,,,,,,,,,,,,0.04,,,0.43,,,,,,,,,,,,,,,,,,,,,,,,,,,,,,,,,,,,,,,,,,,,,,,,,2003-07-23,,0.47,,pre-market,,,,,,,,,,,,,9.3023,,,,,,,,,,,,
2003-09-30,HUBB,,,,,,,,,,,,,,,,,,,,,,,,,,,,,,,,,,,,,,0.08,,,0.49,,,,,,,,,,,,,,,,,,,,,,,,,,,,,,,,,,,,,,,,,,,,,,,,,2003-10-21,,0.57,,pre-market,,,,,,,,,,,,,16.3265,,,,,,,,,,,,
2003-12-31,HUBB,,,,,,,,,,,,,,,,,,,,,,,,,,,,,,,,,,,,,,0.04,,,0.54,,,,,,,,,,,,,,,,,,,,,,,,,,,,,,,,,,,,,,,,,,,,,,,,,2004-01-20,,0.58,,pre-market,,,,,,,,,,,,,7.4074,,,,,,,,,,,,
2004-03-31,HUBB,,,,,,,,,,,,,,,,,,,,,,,,,,,,,,,,,,,,,,0.12,,,0.44,,,,,,,,,,,,,,,,,,,,,,,,,,,,,,,,,,,,,,,,,,,,,,,,,2004-04-20,,0.56,,pre-market,,,,,,,,,,,,,27.2727,,,,,,,,,,,,
2004-06-30,HUBB,,,,,,,,,,,,,,,,,,,,,,,,,,,,,,,,,,,,,,0.05,,,0.57,,,,,,,,,,,,,,,,,,,,,,,,,,,,,,,,,,,,,,,,,,,,,,,,,2004-07-20,,0.62,,pre-market,,,,,,,,,,,,,8.7719,,,,,,,,,,,,
2004-09-30,HUBB,,,,,,,,,,,,,,,,,,,,,,,,,,,,,,,,,,,,,,0.02,,,0.67,,,,,,,,,,,,,,,,,,,,,,,,,,,,,,,,,,,,,,,,,,,,,,,,,2004-10-19,,0.69,,pre-market,,,,,,,,,,,,,2.9851,,,,,,,,,,,,
2004-12-31,HUBB,,,,,,,,,,,,,,,,,,,,,,,,,,,,,,,,,,,,,,0.01,,,0.63,,,,,,,,,,,,,,,,,,,,,,,,,,,,,,,,,,,,,,,,,,,,,,,,,2005-01-20,,0.64,,pre-market,,,,,,,,,,,,,1.5873,,,,,,,,,,,,
2005-03-31,HUBB,,,,,,,,,,,,,,,,,,,,,,,,,,,,,,,,,,,,,,-0.02,,,0.48,,,,,,,,,,,,,,,,,,,,,,,,,,,,,,,,,,,,,,,,,,,,,,,,,2005-04-19,,0.46,,pre-market,,,,,,,,,,,,,-4.1667,,,,,,,,,,,,
2005-06-30,HUBB,,,,,,,,,,,,,,,,,,,,,,,,,,,,,,,,,,,,,,-0.04,,,0.62,,,,,,,,,,,,,,,,,,,,,,,,,,,,,,,,,,,,,,,,,,,,,,,,,2005-07-19,,0.58,,pre-market,,,,,,,,,,,,,-6.4516,,,,,,,,,,,,
2005-09-30,HUBB,,,,,,,,,,,,,,,,,,,,,,,,,,,,,,,,,,,,,,0.05,,,0.74,,,,,,,,,,,,,,,,,,,,,,,,,,,,,,,,,,,,,,,,,,,,,,,,,2005-10-18,,0.79,,pre-market,,,,,,,,,,,,,6.7568,,,,,,,,,,,,
2005-12-31,HUBB,,,,,,,,,,,,,,,,,,,,,,,,,,,,,,,,,,,,,,0.07,,,0.77,,,,,,,,,,,,,,,,,,,,,,,,,,,,,,,,,,,,,,,,,,,,,,,,,2006-01-19,,0.84,,pre-market,,,,,,,,,,,,,9.0909,,,,,,,,,,,,
2006-03-31,HUBB,,,,,,,,,,,,,,,,,,,,,,,,,,,,,,,,,,,,,,0.1,,,0.55,,,,,,,,,,,,,,,,,,,,,,,,,,,,,,,,,,,,,,,,,,,,,,,,,2006-04-20,,0.65,,pre-market,,,,,,,,,,,,,18.1818,,,,,,,,,,,,
2006-06-30,HUBB,,,,,,,,,,,,,,,,,,,,,,,,,,,,,,,,,,,,,,0.01,,,0.66,,,,,,,,,,,,,,,,,,,,,,,,,,,,,,,,,,,,,,,,,,,,,,,,,2006-07-20,,0.67,,pre-market,,,,,,,,,,,,,1.5152,,,,,,,,,,,,
2006-09-30,HUBB,,,,,,,,,,,,,,,,,,,,,,,,,,,,,,,,,,,,,,-0.01,,,0.79,,,,,,,,,,,,,,,,,,,,,,,,,,,,,,,,,,,,,,,,,,,,,,,,,2006-10-19,,0.78,,pre-market,,,,,,,,,,,,,-1.2658,,,,,,,,,,,,
2006-12-31,HUBB,,,,,,,,,,,,,,,,,,,,,,,,,,,,,,,,,,,,,,0.02,,,0.46,,,,,,,,,,,,,,,,,,,,,,,,,,,,,,,,,,,,,,,,,,,,,,,,,2007-01-25,,0.48,,pre-market,,,,,,,,,,,,,4.3478,,,,,,,,,,,,
2007-03-31,HUBB,,,,,,,,,,,,,,,,,,,,,,,,,,,,,,,,,,,,,,0.09,,,0.6,,,,,,,,,,,,,,,,,,,,,,,,,,,,,,,,,,,,,,,,,,,,,,,,,2007-04-26,,0.69,,pre-market,,,,,,,,,,,,,15.0,,,,,,,,,,,,
2007-06-30,HUBB,,,,,,,,,,,,,,,,,,,,,,,,,,,,,,,,,,,,,,0.14,,,0.75,,,,,,,,,,,,,,,,,,,,,,,,,,,,,,,,,,,,,,,,,,,,,,,,,2007-07-27,,0.89,,pre-market,,,,,,,,,,,,,18.6667,,,,,,,,,,,,
2007-09-30,HUBB,,,,,,,,,,,,,,,,,,,,,,,,,,,,,,,,,,,,,,0.16,,,0.94,,,,,,,,,,,,,,,,,,,,,,,,,,,,,,,,,,,,,,,,,,,,,,,,,2007-10-25,,1.1,,pre-market,,,,,,,,,,,,,17.0213,,,,,,,,,,,,
2007-12-31,HUBB,,,,,,,,,,,,,,,,,,,,,,,,,,,,,,,,,,,,,,-0.01,,,0.83,,,,,,,,,,,,,,,,,,,,,,,,,,,,,,,,,,,,,,,,,,,,,,,,,2008-01-24,,0.82,,pre-market,,,,,,,,,,,,,-1.2048,,,,,,,,,,,,
2008-03-31,HUBB,,,,,,,,,,,,,,,,,,,,,,,,,,,,,,,,,,,,,,-0.01,,,0.86,,,,,,,,,,,,,,,,,,,,,,,,,,,,,,,,,,,,,,,,,,,,,,,,,2008-04-24,,0.85,,pre-market,,,,,,,,,,,,,-1.1628,,,,,,,,,,,,
2008-06-30,HUBB,,,,,,,,,,,,,,,,,,,,,,,,,,,,,,,,,,,,,,0.11,,,0.98,,,,,,,,,,,,,,,,,,,,,,,,,,,,,,,,,,,,,,,,,,,,,,,,,2008-07-25,,1.09,,pre-market,,,,,,,,,,,,,11.2245,,,,,,,,,,,,
2008-09-30,HUBB,,,,,,,,,,,,,,,,,,,,,,,,,,,,,,,,,,,,,,0.09,,,1.09,,,,,,,,,,,,,,,,,,,,,,,,,,,,,,,,,,,,,,,,,,,,,,,,,2008-10-23,,1.18,,pre-market,,,,,,,,,,,,,8.2569,,,,,,,,,,,,
2008-12-31,HUBB,,,,,,,,,,,,,,,,,,,,,,,,,,,,,,,,,,,,,,0.06,,,0.76,,,,,,,,,,,,,,,,,,,,,,,,,,,,,,,,,,,,,,,,,,,,,,,,,2009-01-28,,0.82,,pre-market,,,,,,,,,,,,,7.8947,,,,,,,,,,,,
2009-03-31,HUBB,,,,,,,,,,,,,,,,,,,,,,,,,,,,,,,,,,,,,,0.06,,,0.54,,,,,,,,,,,,,,,,,,,,,,,,,,,,,,,,,,,,,,,,,,,,,,,,,2009-04-23,,0.6,,pre-market,,,,,,,,,,,,,11.1111,,,,,,,,,,,,
2009-06-30,HUBB,,,,,,,,,,,,,,,,,,,,,,,,,,,,,,,,,,,,,,0.06,,,0.64,,,,,,,,,,,,,,,,,,,,,,,,,,,,,,,,,,,,,,,,,,,,,,,,,2009-07-22,,0.7,,pre-market,,,,,,,,,,,,,9.375,,,,,,,,,,,,
2009-09-30,HUBB,,,,,,,,,,,,,,,,,,,,,,,,,,,,,,,,,,,,,,0.3,,,0.71,,,,,,,,,,,,,,,,,,,,,,,,,,,,,,,,,,,,,,,,,,,,,,,,,2009-10-22,,1.01,,pre-market,,,,,,,,,,,,,42.2535,,,,,,,,,,,,
2009-12-31,HUBB,,,,,,,,,,,,,,,,,,,,,,,,,,,,,,,,,,,,,,0.11,,,0.73,,,,,,,,,,,,,,,,,,,,,,,,,,,,,,,,,,,,,,,,,,,,,,,,,2010-01-28,,0.84,,pre-market,,,,,,,,,,,,,15.0685,,,,,,,,,,,,
2010-03-31,HUBB,,,,,,,,,,,,,,,,,,,,,,,,,,,,,,,,,,,,,,-0.05,,,0.69,,,,,,,,,,,,,,,,,,,,,,,,,,,,,,,,,,,,,,,,,,,,,,,,,2010-04-22,,0.64,,pre-market,,,,,,,,,,,,,-7.2464,,,,,,,,,,,,
2010-06-30,HUBB,,,,,,,,,,,,,,,,,,,,,,,,,,,,,,,,,,,,,,0.18,,,0.77,,,,,,,,,,,,,,,,,,,,,,,,,,,,,,,,,,,,,,,,,,,,,,,,,2010-07-22,,0.95,,pre-market,,,,,,,,,,,,,23.3766,,,,,,,,,,,,
2010-09-30,HUBB,,,,,,,,,,,,,,,,,,,,,,,,,,,,,,,,,,,,,,0.17,,,1.01,,,,,,,,,,,,,,,,,,,,,,,,,,,,,,,,,,,,,,,,,,,,,,,,,2010-10-21,,1.18,,pre-market,,,,,,,,,,,,,16.8317,,,,,,,,,,,,
2010-12-31,HUBB,,,,,,,,,,,,,,,,,,,,,,,,,,,,,,,,,,,,,,0.06,,,0.9,,,,,,,,,,,,,,,,,,,,,,,,,,,,,,,,,,,,,,,,,,,,,,,,,2011-01-27,,0.96,,pre-market,,,,,,,,,,,,,6.6667,,,,,,,,,,,,
2011-03-31,HUBB,,,,,,,,,,,,,,,,,,,,,,,,,,,,,,,,,,,,,,0.02,,,0.8,,,,,,,,,,,,,,,,,,,,,,,,,,,,,,,,,,,,,,,,,,,,,,,,,2011-04-21,,0.82,,pre-market,,,,,,,,,,,,,2.5,,,,,,,,,,,,
2011-06-30,HUBB,,,,,,,,,,,,,,,,,,,,,,,,,,,,,,,,,,,,,,0.02,,,1.05,,,,,,,,,,,,,,,,,,,,,,,,,,,,,,,,,,,,,,,,,,,,,,,,,2011-07-21,,1.07,,pre-market,,,,,,,,,,,,,1.9048,,,,,,,,,,,,
2011-09-30,HUBB,,,,,,,,,,,,,,,,,,,,,,,,,,,,,,,,,,,,,,0.09,,,1.28,,,,,,,,,,,,,,,,,,,,,,,,,,,,,,,,,,,,,,,,,,,,,,,,,2011-10-20,,1.37,,pre-market,,,,,,,,,,,,,7.0313,,,,,,,,,,,,
2011-12-31,HUBB,,,,,,,,,,,,,,,,,,,,,,,,,,,,,,,,,,,,,,0.07,,,1.1,,,,,,,,,,,,,,,,,,,,,,,,,,,,,,,,,,,,,,,,,,,,,,,,,2012-01-26,,1.17,,pre-market,,,,,,,,,,,,,6.3636,,,,,,,,,,,,
2012-03-31,HUBB,,,,,,,,,,,,,,,,,,,,,,,,,,,,,,,,,,,,,,0.08,,,0.97,,,,,,,,,,,,,,,,,,,,,,,,,,,,,,,,,,,,,,,,,,,,,,,,,2012-04-19,,1.05,,pre-market,,,,,,,,,,,,,8.2474,,,,,,,,,,,,
2012-06-30,HUBB,,,,,,,,,,,,,,,,,,,,,,,,,,,,,,,,,,,,,,0.06,,,1.23,,,,,,,,,,,,,,,,,,,,,,,,,,,,,,,,,,,,,,,,,,,,,,,,,2012-07-19,,1.29,,pre-market,,,,,,,,,,,,,4.878,,,,,,,,,,,,
2012-09-30,HUBB,,,,,,,,,,,,,,,,,,,,,,,,,,,,,,,,,,,,,,0.01,,,1.44,,,,,,,,,,,,,,,,,,,,,,,,,,,,,,,,,,,,,,,,,,,,,,,,,2012-10-18,,1.45,,pre-market,,,,,,,,,,,,,0.6944,,,,,,,,,,,,
2012-12-31,HUBB,,,,,,,,,,,,,,,,,,,,,,,,,,,,,,,,,,,,,,0.0,,,1.2,,,,,,,,,,,,,,,,,,,,,,,,,,,,,,,,,,,,,,,,,,,,,,,,,2013-01-24,,1.2,,pre-market,,,,,,,,,,,,,0.0,,,,,,,,,,,,
2013-03-31,HUBB,,,,,,,,,,,,,,,,,,,,,,,,,,,,,,,,,,,,,,0.0,,,1.1,,,,,,,,,,,,,,,,,,,,,,,,,,,,,,,,,,,,,,,,,,,,,,,,,2013-04-18,,1.1,,pre-market,,,,,,,,,,,,,0.0,,,,,,,,,,,,
2013-06-30,HUBB,,,,,,,,,,,,,,,,,,,,,,,,,,,,,,,,,,,,,,0.06,,,1.31,,,,,,,,,,,,,,,,,,,,,,,,,,,,,,,,,,,,,,,,,,,,,,,,,2013-07-18,,1.37,,pre-market,,,,,,,,,,,,,4.5802,,,,,,,,,,,,
2013-09-30,HUBB,,,,,,,,,,,,,,,,,,,,,,,,,,,,,,,,,,,,,,0.02,,,1.6,,,,,,,,,,,,,,,,,,,,,,,,,,,,,,,,,,,,,,,,,,,,,,,,,2013-10-17,,1.62,,pre-market,,,,,,,,,,,,,1.25,,,,,,,,,,,,
2013-12-31,HUBB,,,,,,,,,,,,,,,,,,,,,,,,,,,,,,,,,,,,,,0.02,,,1.36,,,,,,,,,,,,,,,,,,,,,,,,,,,,,,,,,,,,,,,,,,,,,,,,,2014-01-28,,1.38,,pre-market,,,,,,,,,,,,,1.4706,,,,,,,,,,,,
2014-03-31,HUBB,,,,,,,,,,,,,,,,,,,,,,,,,,,,,,,,,,,,,,0.01,,,1.07,,,,,,,,,,,,,,,,,,,,,,,,,,,,,,,,,,,,,,,,,,,,,,,,,2014-04-22,,1.08,,pre-market,,,,,,,,,,,,,0.9346,,,,,,,,,,,,
2014-06-30,HUBB,,,,,,,,,,,,,,,,,,,,,,,,,,,,,,,,,,,,,,0.0,,,1.51,,,,,,,,,,,,,,,,,,,,,,,,,,,,,,,,,,,,,,,,,,,,,,,,,2014-07-22,,1.51,,pre-market,,,,,,,,,,,,,0.0,,,,,,,,,,,,
2014-09-30,HUBB,,,,,,,,,,,,,,,,,,,,,,,,,,,,,,,,,,,,,,0.01,,,1.5,,,,,,,,,,,,,,,,,,,,,,,,,,,,,,,,,,,,,,,,,,,,,,,,,2014-10-23,,1.51,,pre-market,,,,,,,,,,,,,0.6667,,,,,,,,,,,,
2014-12-31,HUBB,,,,,,,,,,,,,,,,,,,,,,,,,,,,,,,,,,,,,,0.12,,,1.26,,,,,,,,,,,,,,,,,,,,,,,,,,,,,,,,,,,,,,,,,,,,,,,,,2015-01-29,,1.38,,pre-market,,,,,,,,,,,,,9.5238,,,,,,,,,,,,
2015-03-31,HUBB,,,,,,,,,,,,,,,,,,,,,,,,,,,,,,,,,,,,,,0.02,,,1.05,,,,,,,,,,,,,,,,,,,,,,,,,,,,,,,,,,,,,,,,,,,,,,,,,2015-04-23,,1.07,,pre-market,,,,,,,,,,,,,1.9048,,,,,,,,,,,,
2015-06-30,HUBB,,,,,,,,,,,,,,,,,,,,,,,,,,,,,,,,,,,,,,0.03,,,1.34,,,,,,,,,,,,,,,,,,,,,,,,,,,,,,,,,,,,,,,,,,,,,,,,,2015-07-23,,1.37,,pre-market,,,,,,,,,,,,,2.2388,,,,,,,,,,,,
2015-09-30,HUBB,,,,,,,,,,,,,,,,,,,,,,,,,,,,,,,,,,,,,,0.09,,,1.31,,,,,,,,,,,,,,,,,,,,,,,,,,,,,,,,,,,,,,,,,,,,,,,,,2015-10-22,,1.4,,pre-market,,,,,,,,,,,,,6.8702,,,,,,,,,,,,
2015-12-31,HUBB,,,,,,,,,,,,,,,,,,,,,,,,,,,,,,,,,,,,,,0.06,,,1.17,,,,,,,,,,,,,,,,,,,,,,,,,,,,,,,,,,,,,,,,,,,,,,,,,2016-01-28,,1.23,,pre-market,,,,,,,,,,,,,5.1282,,,,,,,,,,,,
2016-03-31,HUBB,,,,,,,,,,,,,,,,,,,,,,,,,,,,,,,,,,,,,,0.01,,,1.07,,,,,,,,,,,,,,,,,,,,,,,,,,,,,,,,,,,,,,,,,,,,,,,,,2016-04-26,,1.08,,pre-market,,,,,,,,,,,,,0.9346,,,,,,,,,,,,
2016-06-30,HUBB,,,,,,,,,,,,,,,,,,,,,,,,,,,,,,,,,,,,,,0.02,,,1.43,,,,,,,,,,,,,,,,,,,,,,,,,,,,,,,,,,,,,,,,,,,,,,,,,2016-07-26,,1.45,,pre-market,,,,,,,,,,,,,1.3986,,,,,,,,,,,,
2016-09-30,HUBB,,,,,,,,,,,,,,,,,,,,,,,,,,,,,,,,,,,,,,0.06,,,1.5,,,,,,,,,,,,,,,,,,,,,,,,,,,,,,,,,,,,,,,,,,,,,,,,,2016-10-25,,1.56,,pre-market,,,,,,,,,,,,,4.0,,,,,,,,,,,,
2016-12-31,HUBB,,,,,,,,,,,,,,,,,,,,,,,,,,,,,,,,,,,,,,-0.07,,,1.23,,,,,,,,,,,,,,,,,,,,,,,,,,,,,,,,,,,,,,,,,,,,,,,,,2017-01-31,,1.16,,post-market,,,,,,,,,,,,,-5.6911,,,,,,,,,,,,
2017-03-31,HUBB,,,,,,,,,,,,,,,,,,,,,,,,,,,,,,,,,,,,,,0.02,,,1.11,,,,,,,,,,,,,,,,,,,,,,,,,,,,,,,,,,,,,,,,,,,,,,,,,2017-04-25,,1.13,,pre-market,,,,,,,,,,,,,1.8018,,,,,,,,,,,,
2017-06-30,HUBB,,,,,,,,,,,,,,,,,,,,,,,,,,,,,,,,,,,,,,0.02,,,1.41,,,,,,,,,,,,,,,,,,,,,,,,,,,,,,,,,,,,,,,,,,,,,,,,,2017-07-25,,1.43,,pre-market,,,,,,,,,,,,,1.4184,,,,,,,,,,,,
2017-09-30,HUBB,,,,,,,,,,,,,,,,,,,,,,,,,,,,,,,,,,,,,,0.09,,,1.5,,,,,,,,,,,,,,,,,,,,,,,,,,,,,,,,,,,,,,,,,,,,,,,,,2017-10-24,,1.59,,pre-market,,,,,,,,,,,,,6.0,,,,,,,,,,,,
2017-12-31,HUBB,,,,,,,,,,,,,,,,,,,,,,,,,,,,,,,,,,,,,,0.08,,,1.42,,,,,,,,,,,,,,,,,,,,,,,,,,,,,,,,,,,,,,,,,,,,,,,,,2018-01-30,,1.5,,pre-market,,,,,,,,,,,,,5.6338,,,,,,,,,,,,
2018-03-31,HUBB,,,,,,,,,,,,,,,,,,,,,,,,,,,,,,,,,,,,,,0.03,,,1.36,,,,,,,,,,,,,,,,,,,,,,,,,,,,,,,,,,,,,,,,,,,,,,,,,2018-04-24,,1.39,,pre-market,,,,,,,,,,,,,2.2059,,,,,,,,,,,,
2018-06-30,HUBB,,,,,,,,,,,,,,,,,,,,,,,,,,,,,,,,,,,,,,0.18,,,1.79,,,,,,,,,,,,,,,,,,,,,,,,,,,,,,,,,,,,,,,,,,,,,,,,,2018-07-24,,1.97,,pre-market,,,,,,,,,,,,,10.0559,,,,,,,,,,,,
2018-09-30,HUBB,,,,,,,,,,,,,,,,,,,,,,,,,,,,,,,,,,,,,,0.12,,,2.1,,,,,,,,,,,,,,,,,,,,,,,,,,,,,,,,,,,,,,,,,,,,,,,,,2018-10-23,,2.22,,pre-market,,,,,,,,,,,,,5.7143,,,,,,,,,,,,
2018-12-31,HUBB,,,,,,,,,,,,,,,,,,,,,,,,,,,,,,,,,,,,,,0.02,,,1.7,,,,,,,,,,,,,,,,,,,,,,,,,,,,,,,,,,,,,,,,,,,,,,,,,2019-02-05,,1.72,,pre-market,,,,,,,,,,,,,1.1765,,,,,,,,,,,,
2019-03-31,HUBB,,,,,,,,,,,,,,,,,,,,,,,,,,,,,,,,,,,,,,0.06,,,1.51,,,,,,,,,,,,,,,,,,,,,,,,,,,,,,,,,,,,,,,,,,,,,,,,,2019-04-30,,1.57,,pre-market,,,,,,,,,,,,,3.9735,,,,,,,,,,,,
2019-06-30,HUBB,,,,,,,,,,,,,,,,,,,,,,,,,,,,,,,,,,,,,,0.15,,,2.16,,,,,,,,,,,,,,,,,,,,,,,,,,,,,,,,,,,,,,,,,,,,,,,,,2019-07-30,,2.31,,pre-market,,,,,,,,,,,,,6.9444,,,,,,,,,,,,
2019-09-30,HUBB,,,,,,,,,,,,,,,,,,,,,,,,,,,,,,,,,,,,,,0.07,,,2.27,,,,,,,,,,,,,,,,,,,,,,,,,,,,,,,,,,,,,,,,,,,,,,,,,2019-10-29,,2.34,,pre-market,,,,,,,,,,,,,3.0837,,,,,,,,,,,,
2019-12-31,HUBB,,,,,,,,,,,,,,,,,,,,,,,,,,,,,,,,,,,,,,0.06,,,1.85,,,,,,,,,,,,,,,,,,,,,,,,,,,,,,,,,,,,,,,,,,,,,,,,,2020-02-04,,1.91,,pre-market,,,,,,,,,,,,,3.2432,,,,,,,,,,,,
2020-03-31,HUBB,,,,,,,,,,,,,,,,,,,,,,,,,,,,,,,,,,,,,,0.12,,,1.52,,,,,,,,,,,,,,,,,,,,,,,,,,,,,,,,,,,,,,,,,,,,,,,,,2020-04-30,,1.64,,pre-market,,,,,,,,,,,,,7.8947,,,,,,,,,,,,
2020-06-30,HUBB,,,,,,,,,,,,,,,,,,,,,,,,,,,,,,,,,,,,,,0.26,,,1.61,,,,,,,,,,,,,,,,,,,,,,,,,,,,,,,,,,,,,,,,,,,,,,,,,2020-07-30,,1.87,,pre-market,,,,,,,,,,,,,16.1491,,,,,,,,,,,,
2020-09-30,HUBB,,,,,,,,,,,,,,,,,,,,,,,,,,,,,,,,,,,,,,0.3,,,2.0,,,,,,,,,,,,,,,,,,,,,,,,,,,,,,,,,,,,,,,,,,,,,,,,,2020-10-27,,2.3,,pre-market,,,,,,,,,,,,,15.0,,,,,,,,,,,,
2020-12-31,HUBB,,,,,,,,,,,,,,,,,,,,,,,,,,,,,,,,,,,,,,-0.01,,,1.77,,,,,,,,,,,,,,,,,,,,,,,,,,,,,,,,,,,,,,,,,,,,,,,,,2021-02-02,,1.76,,pre-market,,,,,,,,,,,,,-0.565,,,,,,,,,,,,
2021-03-31,HUBB,,,,,,,,,,,,,,,,,,,,,,,,,,,,,,,,,,,,,,0.07,,,1.65,,,,,,,,,,,,,,,,,,,,,,,,,,,,,,,,,,,,,,,,,,,,,,,,,2021-04-27,,1.72,,pre-market,,,,,,,,,,,,,4.2424,,,,,,,,,,,,
2021-06-30,HUBB,,,,,,,,,,,,,,,,,,,,,,,,,,,,,,,,,,,,,,0.2,,,2.16,,,,,,,,,,,,,,,,,,,,,,,,,,,,,,,,,,,,,,,,,,,,,,,,,2021-07-27,,2.36,,pre-market,,,,,,,,,,,,,9.2593,,,,,,,,,,,,
2021-09-30,HUBB,,,,,,,,,,,,,,,,,,,,,,,,,,,,,,,,,,,,,,-0.1,,,2.34,,,,,,,,,,,,,,,,,,,,,,,,,,,,,,,,,,,,,,,,,,,,,,,,,2021-10-26,,2.24,,pre-market,,,,,,,,,,,,,-4.2735,,,,,,,,,,,,
2021-12-31,HUBB,,,,,,,,,,,,,,,,,,,,,,,,,,,,,,,,,,,,,,-0.03,,,2.1,,,,,,,,,,,,,,,,,,,,,,,,,,,,,,,,,,,,,,,,,,,,,,,,,2022-02-03,,2.07,,pre-market,,,,,,,,,,,,,-1.4286,,,,,,,,,,,,
2022-03-31,HUBB,,,,,,,,,,,,,,,,,,,,,,,,,,,,,,,,,,,,,,0.27,,,1.85,,,,,,,,,,,,,,,,,,,,,,,,,,,,,,,,,,,,,,,,,,,,,,,,,2022-04-26,,2.12,,pre-market,,,,,,,,,,,,,14.5946,,,,,,,,,,,,
2022-06-30,HUBB,,,,,,,,,,,,,,,,,,,,,,,,,,,,,,,,,,,,,,0.4,,,2.41,,,,,,,,,,,,,,,,,,,,,,,,,,,,,,,,,,,,,,,,,,,,,,,,,2022-07-26,,2.81,,pre-market,,,,,,,,,,,,,16.5975,,,,,,,,,,,,
2022-09-30,HUBB,,,,,,,,,,,,,,,,,,,,,,,,,,,,,,,,,,,,,,0.17,,,2.71,,,,,,,,,,,,,,,,,,,,,,,,,,,,,,,,,,,,,,,,,,,,,,,,,2022-10-25,,2.88,,pre-market,,,,,,,,,,,,,6.2731,,,,,,,,,,,,
2022-12-31,HUBB,,,,,,,,,,,,,,,,,,,,,,,,,,,,,,,,,,,,,,0.22,,,2.38,,,,,,,,,,,,,,,,,,,,,,,,,,,,,,,,,,,,,,,,,,,,,,,,,2023-01-31,,2.6,,pre-market,,,,,,,,,,,,,9.2437,,,,,,,,,,,,
2023-03-31,HUBB,,,,,,,,,,,,,,,,,,,,,,,,,,,,,,,,,,,,,,1.14,,,2.47,,,,,,,,,,,,,,,,,,,,,,,,,,,,,,,,,,,,,,,,,,,,,,,,,2023-04-25,,3.61,,pre-market,,,,,,,,,,,,,46.1538,,,,,,,,,,,,
2023-06-30,HUBB,,,,,,,,,,,,,,,,,,,,,,,,,,,,,,,,,,,,,,0.35,,,3.72,,,,,,,,,,,,,,,,,,,,,,,,,,,,,,,,,,,,,,,,,,,,,,,,,2023-07-25,,4.07,,pre-market,,,,,,,,,,,,,9.4086,,,,,,,,,,,,
2023-09-30,HUBB,,,,,,,,,,,,,,,,,,,,,,,,,,,,,,,,,,,,,,-0.1,,,4.05,,,,,,,,,,,,,,,,,,,,,,,,,,,,,,,,,,,,,,,,,,,,,,,,,2023-10-31,,3.95,,pre-market,,,,,,,,,,,,,-2.4691,,,,,,,,,,,,
2023-12-31,HUBB,,,,,,,,,,,,,,,,,,,,,,,,,,,,,,,,,,,,,,0.11,,,3.58,,,,,,,,,,,,,,,,,,,,,,,,,,,,,,,,,,,,,,,,,,,,,,,,,2024-01-30,,3.69,,pre-market,,,,,,,,,,,,,3.0726,,,,,,,,,,,,
2024-03-31,HUBB,,,,,,,,,,,,,,,,,,,,,,,,,,,,,,,,,,,,,,0.06,,,3.54,,,,,,,,,,,,,,,,,,,,,,,,,,,,,,,,,,,,,,,,,,,,,,,,,2024-04-30,,3.6,,pre-market,,,,,,,,,,,,,1.6949,,,,,,,,,,,,
2024-06-30,HUBB,,,,,,,,,,,,,,,,,,,,,,,,,,,,,,,,,,,,,,0.13,,,4.24,,,,,,,,,,,,,,,,,,,,,,,,,,,,,,,,,,,,,,,,,,,,,,,,,2024-07-30,,4.37,,pre-market,,,,,,,,,,,,,3.066,,,,,,,,,,,,
2024-09-30,HUBB,,,,,,,,,,,,,,,,,,,,,,,,,,,,,,,,,,,,,,0.03,,,4.46,,,,,,,,,,,,,,,,,,,,,,,,,,,,,,,,,,,,,,,,,,,,,,,,,2024-10-29,,4.49,,pre-market,,,,,,,,,,,,,0.6726,,,,,,,,,,,,
2024-12-31,HUBB,,,,,,,,,,,,,,,,,,,,,,,,,,,,,,,,,,,,,,0.08,,,4.02,,,,,,,,,,,,,,,,,,,,,,,,,,,,,,,,,,,,,,,,,,,,,,,,,2025-02-04,,4.1,,pre-market,,,,,,,,,,,,,1.99,,,,,,,,,,,,
2025-03-31,HUBB,,,,,,,,,,,,,,,,,,,,,,,,,,,,,,,,,,,,,,-0.22,,,3.72,,,,,,,,,,,,,,,,,,,,,,,,,,,,,,,,,,,,,,,,,,,,,,,,,2025-05-01,,3.5,,pre-market,,,,,,,,,,,,,-5.914,,,,,,,,,,,,
2025-06-30,HUBB,,,,,,,,,,,,,,,,,,,,,,,,,,,,,,,,,,,,,,0.53,,,4.4,,,,,,,,,,,,,,,,,,,,,,,,,,,,,,,,,,,,,,,,,,,,,,,,,2025-07-29,,4.93,,pre-market,,,,,,,,,,,,,12.0455,,,,,,,,,,,,
2025-09-30,HUBB,,,,,,,,,,,,,,,,,,,,,,,,,,,,,,,,,,,,,,0.18,,,4.99,,,,,,,,,,,,,,,,,,,,,,,,,,,,,,,,,,,,,,,,,,,,,,,,,2025-10-28,,5.17,,pre-market,,,,,,,,,,,,,3.6072,,,,,,,,,,,,
2025-12-28,HUBB,15.97,5686200000.0,28.49,,1.004,69.27,,,,,,,,,,,,,,,,,,,,,,,,,,5.28,0.0116,,,,0.141,0.18,,,4.99,,23.31,,1999300000.0,,,,,,,,,,,,,,,,,,,0.226,,,,,,,,,,,,,2.365,6.57,4.252,,,,,,,,0.151,,,2025-10-28,,5.17,,pre-market,,,0.0999,0.25,0.041,106.48,,,,,410.73,442.18,3.6072,,,,,,,,,28.49,,482.66,296.56
2025-12-28,HUBB,15.97,5686200000.0,28.49,,1.004,69.27,,,,,,,,,,,,,,,None,958100000,958100000,,,,,,None,49400000,,5.28,0.0116,,,,0.141,0.18,324700000,374100000,4.99,2025-09-30,23.31,,1999300000.0,544300000,311100000,54400000,,,None,13600000,None,,None,,,,,255500000,256700000,-13600000,None,0.226,,213700000,330600000,,,,,None,,,,,2.365,6.57,4.252,,,,,,,,0.151,,,2025-10-28,quarterly,5.17,USD,pre-market,None,,0.0999,0.25,0.041,106.48,213700000,,,,410.73,442.18,3.6072,,,,,,,1502400000,,28.49,,482.66,296.56
2025-12-28,HUBB,15.97,5686200000.0,28.49,,1.004,69.27,,,,,,,,,,,,,,,None,932200000,932200000,,,,,,None,48500000,,5.28,0.0116,,,,0.141,0.18,329700000,378200000,4.99,2025-06-30,23.31,,1999300000.0,552100000,315200000,69700000,,,None,14500000,None,,None,,,,,244200000,245500000,-14500000,None,0.226,,215800000,336300000,,,,,None,,,,,2.365,6.57,4.252,,,,,,,,0.151,,,2025-10-28,quarterly,5.17,USD,pre-market,None,,0.0999,0.25,0.041,106.48,215800000,,,,410.73,442.18,3.6072,,,,,,,1484300000,,28.49,,482.66,296.56
2025-12-28,HUBB,15.97,5686200000.0,28.49,,1.004,69.27,,,,,,,,,,,,,,,None,914000000,914000000,,,,,,None,46700000,,5.28,0.0116,,,,0.141,0.18,233700000,280400000,4.99,2025-03-31,23.31,,1999300000.0,451200000,219900000,48900000,,,None,13800000,None,,None,,,,,169700000,171000000,-13800000,None,0.226,,212200000,239000000,,,,,None,,,,,2.365,6.57,4.252,,,,,,,,0.151,,,2025-10-28,quarterly,5.17,USD,pre-market,None,,0.0999,0.25,0.041,106.48,212200000,,,,410.73,442.18,3.6072,,,,,,,1365200000,,28.49,,482.66,296.56
2025-12-28,HUBB,15.97,5686200000.0,28.49,,1.004,69.27,,,,,,,,,,,,,,,None,883700000,883700000,,,,,,None,53300000,,5.28,0.0116,,,,0.141,0.18,258400000,311700000,4.99,2024-12-31,23.31,,1999300000.0,450600000,244200000,46000000,,,None,14200000,None,,None,,,,,197000000,198200000,-14200000,None,0.226,,192500000,258100000,,,,,None,,,,,2.365,6.57,4.252,,,,,,,,0.151,,,2025-10-28,quarterly,5.17,USD,pre-market,None,,0.0999,0.25,0.041,106.48,192500000,,,,410.73,442.18,3.6072,,,,,,,1334300000,,28.49,,482.66,296.56
2025-12-28,HUBB,15.97,5686200000.0,28.49,,1.004,69.27,,,,,,,,,,,,,,,None,945500000,945500000,,,,,,None,49300000,,5.28,0.0116,,,,0.141,0.18,298200000,347500000,4.99,2024-09-30,23.31,,1999300000.0,497100000,279500000,58500000,,,None,18700000,None,,None,,,,,219400000,221000000,-18700000,None,0.226,,193300000,303800000,,,,,None,,,,,2.365,6.57,4.252,,,,,,,,0.151,,,2025-10-28,quarterly,5.17,USD,pre-market,None,,0.0999,0.25,0.041,106.48,193300000,,,,410.73,442.18,3.6072,,,,,,,1442600000,,28.49,,482.66,296.56
2025-12-28,HUBB,15.97,5686200000.0,28.49,,1.004,69.27,,,,,,,,,,,,,,,None,938700000,938700000,,,,,,None,49600000,,5.28,0.0116,,,,0.141,0.18,305100000,354700000,4.99,2024-06-30,23.31,,1999300000.0,513800000,285300000,66200000,,,None,19800000,None,,None,,,,,217500000,215200000,-19800000,None,0.226,,207500000,306300000,,,,,None,,,,,2.365,6.57,4.252,,,,,,,,0.151,,,2025-10-28,quarterly,5.17,USD,pre-market,None,,0.0999,0.25,0.041,106.48,207500000,,,,410.73,442.18,3.6072,,,,,,,1452500000,,28.49,,482.66,296.56
2025-12-28,HUBB,15.97,5686200000.0,28.49,,1.004,69.27,,,,,,,,,,,,,,,None,951400000,951400000,,,,,,None,59900000,,5.28,0.0116,,,,0.141,0.18,222500000,282400000,4.99,2024-03-31,23.31,,1999300000.0,447700000,201400000,52300000,,,None,21100000,None,,None,,,,,147800000,149100000,-21100000,None,0.226,,219200000,228500000,,,,,None,,,,,2.365,6.57,4.252,,,,,,,,0.151,,,2025-10-28,quarterly,5.17,USD,pre-market,None,,0.0999,0.25,0.041,106.48,219200000,,,,410.73,442.18,3.6072,,,,,,,1399100000,,28.49,,482.66,296.56
2025-12-28,HUBB,15.97,5686200000.0,28.49,,1.004,69.27,,,,,,,,,,,,,,,None,889600000,889600000,,,,,,None,39600000,,5.28,0.0116,,,,0.141,0.18,219500000,259100000,4.99,2023-12-31,23.31,,1999300000.0,456200000,209500000,37100000,,,None,10000000,None,,None,,,,,171000000,172400000,-10000000,None,0.226,,230600000,225600000,,,,,None,,,,,2.365,6.57,4.252,,,,,,,,0.151,,,2025-10-28,quarterly,5.17,USD,pre-market,None,,0.0999,0.25,0.041,106.48,230600000,,,,410.73,442.18,3.6072,,,,,,,1345800000,,28.49,,482.66,296.56
2025-12-28,HUBB,15.97,5686200000.0,28.49,,1.004,69.27,,,,,,,,,,,,,,,None,888400000,888400000,,,,,,None,37600000,,5.28,0.0116,,,,0.141,0.18,272800000,310400000,4.99,2023-09-30,23.31,,1999300000.0,487400000,265000000,63000000,,,None,7800000,None,,None,,,,,200100000,202000000,-7800000,None,0.226,,211100000,276300000,,,,,None,,,,,2.365,6.57,4.252,,,,,,,,0.151,,,2025-10-28,quarterly,5.17,USD,pre-market,None,,0.0999,0.25,0.041,106.48,211100000,,,,410.73,442.18,3.6072,,,,,,,1375800000,,28.49,,482.66,296.56
2025-12-28,HUBB,15.97,5686200000.0,28.49,,1.004,69.27,,,,,,,,,,,,,,,None,869700000,869700000,,,,,,None,36900000,,5.28,0.0116,,,,0.141,0.18,283000000,319900000,4.99,2023-06-30,23.31,,1999300000.0,496200000,273800000,65600000,,,None,9200000,None,,None,,,,,206800000,208200000,-9200000,None,0.226,,208400000,287800000,,,,,-4800000,,,,,2.365,6.57,4.252,,,,,,,,0.151,,,2025-10-28,quarterly,5.17,USD,pre-market,None,,0.0999,0.25,0.041,106.48,208400000,,,,410.73,442.18,3.6072,,,,,,,1365900000,,28.49,,482.66,296.56
2025-12-28,HUBB,15.97,5686200000.0,28.49,,1.004,69.27,,,,,,,,,,,,,,,None,837100000,837100000,,,,,,None,35600000,,5.28,0.0116,,,,0.141,0.18,244700000,280300000,4.99,2023-03-31,23.31,,1999300000.0,448300000,235000000,51600000,,,None,9700000,None,,None,,,,,181900000,183400000,-9700000,None,0.226,,199500000,248800000,,,,,-4100000,,,,,2.365,6.57,4.252,,,,,,,,0.151,,,2025-10-28,quarterly,5.17,USD,pre-market,None,,0.0999,0.25,0.041,106.48,199500000,,,,410.73,442.18,3.6072,,,,,,,1285400000,,28.49,,482.66,296.56
2025-12-28,HUBB,15.97,5686200000.0,28.49,,1.004,69.27,,,,,,,,,,,,,,,None,852800000,852800000,,,,,,None,40900000,,5.28,0.0116,,,,0.141,0.18,168500000,209400000,4.99,2022-12-31,23.31,,1999300000.0,366800000,156800000,32900000,,,None,11700000,None,,None,,,,,104600000,123900000,-11700000,None,0.226,,194800000,172000000,,,,,-2400000,,,,,2.365,6.57,4.252,,,,,,,,0.151,,,2025-10-28,quarterly,5.17,USD,pre-market,None,,0.0999,0.25,0.041,106.48,194800000,,,,410.73,442.18,3.6072,,,,,,,1219600000,,28.49,,482.66,296.56
2025-12-28,HUBB,15.97,5686200000.0,28.49,,1.004,69.27,,,,,,,,,,,,,,,None,917700000,917700000,,,,,,None,38200000,,5.28,0.0116,,,,0.141,0.18,202900000,241100000,4.99,2022-09-30,23.31,,1999300000.0,398500000,190800000,38800000,,,None,12100000,None,,None,,,,,139100000,152000000,-12100000,None,0.226,,194900000,203600000,,,,,800000,,,,,2.365,6.57,4.252,,,,,,,,0.151,,,2025-10-28,quarterly,5.17,USD,pre-market,None,,0.0999,0.25,0.041,106.48,194900000,,,,410.73,442.18,3.6072,,,,,,,1316200000,,28.49,,482.66,296.56
2025-12-28,HUBB,15.97,5686200000.0,28.49,,1.004,69.27,,,,,,,,,,,,,,,None,872800000,872800000,,,,,,None,34700000,,5.28,0.0116,,,,0.141,0.18,188700000,223400000,4.99,2022-06-30,23.31,,1999300000.0,383200000,176000000,38900000,,,None,12700000,None,,None,,,,,122000000,137100000,-12700000,None,0.226,,192600000,190600000,,,,,2500000,,,,,2.365,6.57,4.252,,,,,,,,0.151,,,2025-10-28,quarterly,5.17,USD,pre-market,None,,0.0999,0.25,0.041,106.48,192600000,,,,410.73,442.18,3.6072,,,,,,,1256000000,,28.49,,482.66,296.56
2025-12-28,HUBB,15.97,5686200000.0,28.49,,1.004,69.27,,,,,,,,,,,,,,,None,833000000,833000000,,,,,,None,34700000,,5.28,0.0116,,,,0.141,0.18,146500000,181200000,4.99,2022-03-31,23.31,,1999300000.0,323100000,133400000,29600000,,,None,13100000,None,,None,,,,,180200000,103800000,-13100000,None,0.226,,180200000,142900000,,,,,3600000,,,,,2.365,6.57,4.252,,,,,,,,0.151,,,2025-10-28,quarterly,5.17,USD,pre-market,None,,0.0999,0.25,0.041,106.48,180200000,,,,410.73,442.18,3.6072,,,,,,,1156100000,,28.49,,482.66,296.56
2025-12-28,HUBB,15.97,5686200000.0,28.49,,1.004,69.27,,,,,,,,,,,,,,,None,509700000,509700000,,,,,,None,26500000,,5.28,0.0116,,,,0.141,0.18,115200000,141700000,4.99,2021-12-31,23.31,,1999300000.0,200600000,101900000,17100000,,,None,13300000,None,,None,,,,,83000000,101300000,-13300000,None,0.226,,93900000,106700000,,,,,8500000,,,,,2.365,6.57,4.252,,,,,,,,0.151,,,2025-10-28,quarterly,5.17,USD,pre-market,None,,0.0999,0.25,0.041,106.48,155600000,,,,410.73,442.18,3.6072,,,,,,,710300000,,28.49,,482.66,296.56
2025-12-28,HUBB,15.97,5686200000.0,28.49,,1.004,69.27,,,,,,,,,,,,,,,None,782300000,782300000,,,,,,None,35700000,,5.28,0.0116,,,,0.141,0.18,146600000,182300000,4.99,2021-09-30,23.31,,1999300000.0,301100000,133000000,27500000,,,None,13600000,None,,None,,,,,108400000,110600000,-13500000,None,0.226,,155200000,145900000,,,,,-1300000,,,,,2.365,6.57,4.252,,,,,,,,0.151,,,2025-10-28,quarterly,5.17,USD,pre-market,None,,0.0999,0.25,0.041,106.48,175000000,,,,410.73,442.18,3.6072,,,,,,,1083400000,,28.49,,482.66,296.56
2025-12-28,HUBB,15.97,5686200000.0,28.49,,1.004,69.27,,,,,,,,,,,,,,,None,756000000,756000000,,,,,,None,37600000,,5.28,0.0116,,,,0.141,0.18,119100000,156700000,4.99,2021-06-30,23.31,,1999300000.0,298300000,106500000,16900000,,,None,12600000,None,,None,,,,,95800000,96600000,-12700000,None,0.226,,156100000,142200000,,,,,-24600000,,,,,2.365,6.57,4.252,,,,,,,,0.151,,,2025-10-28,quarterly,5.17,USD,pre-market,None,,0.0999,0.25,0.041,106.48,178100000,,,,410.73,442.18,3.6072,,,,,,,1054300000,,28.49,,482.66,296.56
2025-12-28,HUBB,15.97,5686200000.0,28.49,,1.004,69.27,,,,,,,,,,,,,,,None,694100000,694100000,,,,,,None,39300000,,5.28,0.0116,,,,0.141,0.18,111100000,150400000,4.99,2021-03-31,23.31,,1999300000.0,262200000,95900000,21200000,,,None,15200000,None,,None,,,,,77700000,79100000,-15200000,None,0.226,,152300000,109900000,,,,,-900000,,,,,2.365,6.57,4.252,,,,,,,,0.151,,,2025-10-28,quarterly,5.17,USD,pre-market,None,,0.0999,0.25,0.041,106.48,172200000,,,,410.73,442.18,3.6072,,,,,,,956300000,,28.49,,482.66,296.56
2025-12-28,HUBB,15.97,5686200000.0,28.49,,1.004,69.27,,,,,,,,,,,,,,,None,752200000,752200000,,,,,,None,40600000,,5.28,0.0116,,,,0.141,0.18,116100000,156700000,4.99,2020-12-31,23.31,,1999300000.0,285700000,101600000,19000000,,,None,14500000,None,,None,,,,,80900000,82600000,-14500000,None,0.226,,165900000,119800000,,,,,-2700000,,,,,2.365,6.57,4.252,,,,,,,,0.151,,,2025-10-28,quarterly,5.17,USD,pre-market,None,,0.0999,0.25,0.041,106.48,165900000,,,,410.73,442.18,3.6072,,,,,,,1037900000,,28.49,,482.66,296.56
2025-12-28,HUBB,15.97,5686200000.0,28.49,,1.004,69.27,,,,,,,,,,,,,,,None,779000000,779000000,,,,,,None,39400000,,5.28,0.0116,,,,0.141,0.18,154000000,193400000,4.99,2020-09-30,23.31,,1999300000.0,329600000,139000000,30400000,,,None,15000000,None,,None,,,,,107100000,108600000,-15000000,None,0.226,,166700000,162900000,,,,,-2300000,,,,,2.365,6.57,4.252,,,,,,,,0.151,,,2025-10-28,quarterly,5.17,USD,pre-market,None,,0.0999,0.25,0.041,106.48,166700000,,,,410.73,442.18,3.6072,,,,,,,1108600000,,28.49,,482.66,296.56
2025-12-28,HUBB,15.97,5686200000.0,28.49,,1.004,69.27,,,,,,,,,,,,,,,None,668700000,668700000,,,,,,None,38700000,,5.28,0.0116,,,,0.141,0.18,128700000,167400000,4.99,2020-06-30,23.31,,1999300000.0,280500000,113000000,23900000,,,None,15700000,None,,None,,,,,88200000,89100000,-15700000,None,0.226,,149000000,131500000,,,,,-2800000,,,,,2.365,6.57,4.252,,,,,,,,0.151,,,2025-10-28,quarterly,5.17,USD,pre-market,None,,0.0999,0.25,0.041,106.48,149000000,,,,410.73,442.18,3.6072,,,,,,,949200000,,28.49,,482.66,296.56
2025-12-28,HUBB,15.97,5686200000.0,28.49,,1.004,69.27,,,,,,,,,,,,,,,None,776800000,776800000,,,,,,None,38900000,,5.28,0.0116,,,,0.141,0.18,115000000,153900000,4.99,2020-03-31,23.31,,1999300000.0,313500000,99900000,24200000,,,None,15100000,15100000,,None,,,,,75000000,75700000,-15100000,None,0.226,,194700000,118800000,,,,,-3800000,,,,,2.365,6.57,4.252,,,,,,,,0.151,,,2025-10-28,quarterly,5.17,USD,pre-market,None,,0.0999,0.25,0.041,106.48,194700000,,,,410.73,442.18,3.6072,,,,,,,1090300000,,28.49,,482.66,296.56
2025-12-28,HUBB,15.97,5686200000.0,28.49,,1.004,69.27,,,,,,,,,,,,,,,None,777300000,777300000,,,,,,None,39900000,,5.28,0.0116,,,,0.141,0.18,148600000,188500000,4.99,2019-12-31,23.31,,1999300000.0,326000000,130900000,27800000,,,None,17700000,16200000,,None,,,,,101900000,103100000,-17700000,None,0.226,,190100000,135900000,,,,,-1700000,,,,,2.365,6.57,4.252,,,,,,,,0.151,,,2025-10-28,quarterly,5.17,USD,pre-market,None,,0.0999,0.25,0.041,106.48,190100000,,,,410.73,442.18,3.6072,,,,,,,1103300000,,28.49,,482.66,296.56
2025-12-28,HUBB,15.97,5686200000.0,28.49,,1.004,69.27,,,,,,,,,,,,,,,None,842000000,842000000,,,,,,None,37400000,,5.28,0.0116,,,,0.141,0.18,185000000,222400000,4.99,2019-09-30,23.31,,1999300000.0,362000000,168000000,35400000,,,None,17000000,17000000,,None,,,,,130700000,132600000,-17000000,None,0.226,,189100000,172900000,,,,,12100000,,,,,2.365,6.57,4.252,,,,,,,,0.151,,,2025-10-28,quarterly,5.17,USD,pre-market,None,,0.0999,0.25,0.041,106.48,189100000,,,,410.73,442.18,3.6072,,,,,,,1204000000,,28.49,,482.66,296.56
2025-12-28,HUBB,15.97,5686200000.0,28.49,,1.004,69.27,,,,,,,,,,,,,,,None,839000000,839000000,,,,,,None,37100000,,5.28,0.0116,,,,0.141,0.18,140800000,177900000,4.99,2019-06-30,23.31,,1999300000.0,357400000,123600000,25700000,,,None,17200000,17200000,,None,,,,,96000000,97900000,-17200000,None,0.226,,190500000,166900000,,,,,-3200000,,,,,2.365,6.57,4.252,,,,,,,,0.151,,,2025-10-28,quarterly,5.17,USD,pre-market,None,,0.0999,0.25,0.041,106.48,190500000,,,,410.73,442.18,3.6072,,,,,,,1196400000,,28.49,,482.66,296.56
2025-12-28,HUBB,15.97,5686200000.0,28.49,,1.004,69.27,,,,,,,,,,,,,,,None,780000000,780000000,,,,,,None,36600000,,5.28,0.0116,,,,0.141,0.18,115500000,152100000,4.99,2019-03-31,23.31,,1999300000.0,307300000,98000000,24200000,,,None,17500000,17500000,,None,,,,,72300000,73800000,-17500000,None,0.226,,186400000,120900000,,,,,-5400000,,,,,2.365,6.57,4.252,,,,,,,,0.151,,,2025-10-28,quarterly,5.17,USD,pre-market,None,,0.0999,0.25,0.041,106.48,186400000,,,,410.73,442.18,3.6072,,,,,,,1087300000,,28.49,,482.66,296.56
2025-12-28,HUBB,15.97,5686200000.0,28.49,,1.004,69.27,,,,,,,,,,,,,,,None,823500000,823500000,,,,,,None,35600000,,5.28,0.0116,,,,0.141,0.18,132600000,168200000,4.99,2018-12-31,23.31,,1999300000.0,320600000,114700000,25500000,,,None,17900000,None,,None,,,,,88000000,89200000,None,None,0.226,,184000000,136600000,,,,,-4000000,,,,,2.365,6.57,4.252,,,,,,,,0.151,,,2025-10-28,quarterly,5.17,USD,pre-market,0,,0.0999,0.25,0.041,106.48,184000000,,,,410.73,442.18,3.6072,,,,,,,1144100000,,28.49,,482.66,296.56
2025-12-28,HUBB,15.97,5686200000.0,28.49,,1.004,69.27,,,,,,,,,,,,,,,None,830700000,830700000,,,,,,None,36500000,,5.28,0.0116,,,,0.141,0.18,160900000,197400000,4.99,2018-09-30,23.31,,1999300000.0,349000000,142500000,27800000,,,None,18400000,None,,None,,,,,113600000,114700000,None,None,0.226,,185200000,163800000,,,,,-2900000,,,,,2.365,6.57,4.252,,,,,,,,0.151,,,2025-10-28,quarterly,5.17,USD,pre-market,0,,0.0999,0.25,0.041,106.48,185200000,,,,410.73,442.18,3.6072,,,,,,,1179700000,,28.49,,482.66,296.56
2025-12-28,HUBB,15.97,5686200000.0,28.49,,1.004,69.27,,,,,,,,,,,,,,,None,818800000,818800000,,,,,,None,37000000,,5.28,0.0116,,,,0.141,0.18,152800000,189800000,4.99,2018-06-30,23.31,,1999300000.0,347900000,134000000,31600000,,,None,18800000,None,,None,,,,,100300000,102400000,None,None,0.226,,191000000,156900000,,,,,-4100000,,,,,2.365,6.57,4.252,,,,,,,,0.151,,,2025-10-28,quarterly,5.17,USD,pre-market,0,,0.0999,0.25,0.041,106.48,191000000,,,,410.73,442.18,3.6072,,,,,,,1166700000,,28.49,,482.66,296.56
2025-12-28,HUBB,15.97,5686200000.0,28.49,,1.004,69.27,,,,,,,,,,,,,,,None,708300000,708300000,,,,,,None,39300000,,5.28,0.0116,,,,0.141,0.18,93100000,132400000,4.99,2018-03-31,23.31,,1999300000.0,282900000,75800000,16000000,,,None,17300000,None,,None,,,,,58300000,59800000,None,None,0.226,,183300000,99600000,,,,,-6500000,,,,,2.365,6.57,4.252,,,,,,,,0.151,,,2025-10-28,quarterly,5.17,USD,pre-market,0,,0.0999,0.25,0.041,106.48,183300000,,,,410.73,442.18,3.6072,,,,,,,991200000,,28.49,,482.66,296.56
2025-12-28,HUBB,15.97,5686200000.0,28.49,,1.004,69.27,,,,,,,,,,,,,,,None,629200000,629200000,,,,,,None,23800000,,5.28,0.0116,,,,0.141,0.18,122500000,146300000,4.99,2017-12-31,23.31,,1999300000.0,288500000,111900000,89500000,,,None,10600000,None,,None,,,,,20400000,22400000,None,None,0.226,,165900000,122600000,,,,,-100000,,,,,2.365,6.57,4.252,,,,,,,,0.151,,,2025-10-28,quarterly,5.17,USD,pre-market,0,,0.0999,0.25,0.041,106.48,165900000,,,,410.73,442.18,3.6072,,,,,,,917700000,,28.49,,482.66,296.56
2025-12-28,HUBB,15.97,5686200000.0,28.49,,1.004,69.27,,,,,,,,,,,,,,,None,642900000,642900000,,,,,,None,25100000,,5.28,0.0116,,,,0.141,0.18,135200000,160300000,4.99,2017-09-30,23.31,,1999300000.0,307600000,123600000,40800000,,,None,11600000,None,,None,,,,,80800000,82800000,None,None,0.226,,157500000,150100000,,,,,-11200000,,,,,2.365,6.57,4.252,,,,,,,,0.151,,,2025-10-28,quarterly,5.17,USD,pre-market,0,,0.0999,0.25,0.041,106.48,157500000,,,,410.73,442.18,3.6072,,,,,,,950500000,,28.49,,482.66,296.56
2025-12-28,HUBB,15.97,5686200000.0,28.49,,1.004,69.27,,,,,,,,,,,,,,,None,652800000,652800000,,,,,,None,25400000,,5.28,0.0116,,,,0.141,0.18,128300000,153700000,4.99,2017-06-30,23.31,,1999300000.0,295500000,116700000,35900000,,,None,11600000,None,,None,,,,,79100000,80800000,None,None,0.226,,161100000,134400000,,,,,-2300000,,,,,2.365,6.57,4.252,,,,,,,,0.151,,,2025-10-28,quarterly,5.17,USD,pre-market,0,,0.0999,0.25,0.041,106.48,161100000,,,,410.73,442.18,3.6072,,,,,,,948300000,,28.49,,482.66,296.56
2025-12-28,HUBB,15.97,5686200000.0,28.49,,1.004,69.27,,,,,,,,,,,,,,,None,589700000,589700000,,,,,,None,24200000,,5.28,0.0116,,,,0.141,0.18,102000000,126200000,4.99,2017-03-31,23.31,,1999300000.0,262600000,90900000,27000000,,,None,11100000,None,,None,,,,,62800000,63900000,None,None,0.226,,154800000,107800000,,,,,-2100000,,,,,2.365,6.57,4.252,,,,,,,,0.151,,,2025-10-28,quarterly,5.17,USD,pre-market,0,,0.0999,0.25,0.041,106.48,154800000,,,,410.73,442.18,3.6072,,,,,,,852300000,,28.49,,482.66,296.56
2025-12-28,HUBB,15.97,5686200000.0,28.49,,1.004,69.27,,,,,,,,,,,,,,,None,595600000,595600000,,,,,,None,23700000,,5.28,0.0116,,,,0.141,0.18,109400000,133100000,4.99,2016-12-31,23.31,,1999300000.0,258600000,97900000,32200000,,,None,11500000,None,,None,,,,,64400000,65700000,None,None,0.226,,150800000,107800000,,,,,1600000,,,,,2.365,6.57,4.252,,,,,,,,0.151,,,2025-10-28,quarterly,5.17,USD,pre-market,0,,0.0999,0.25,0.041,106.48,150800000,,,,410.73,442.18,3.6072,,,,,,,854200000,,28.49,,482.66,296.56
2025-12-28,HUBB,15.97,5686200000.0,28.49,,1.004,69.27,,,,,,,,,,,,,,,None,618700000,618700000,,,,,,None,22700000,,5.28,0.0116,,,,0.141,0.18,135700000,158400000,4.99,2016-09-30,23.31,,1999300000.0,288700000,124100000,36000000,,,None,11600000,None,,None,,,,,86700000,88100000,None,None,0.226,,152700000,136000000,,,,,-300000,,,,,2.365,6.57,4.252,,,,,,,,0.151,,,2025-10-28,quarterly,5.17,USD,pre-market,0,,0.0999,0.25,0.041,106.48,152700000,,,,410.73,442.18,3.6072,,,,,,,907400000,,28.49,,482.66,296.56
2025-12-28,HUBB,15.97,5686200000.0,28.49,,1.004,69.27,,,,,,,,,,,,,,,None,615300000,615300000,,,,,,None,23200000,,5.28,0.0116,,,,0.141,0.18,128100000,151300000,4.99,2016-06-30,23.31,,1999300000.0,293500000,116800000,34800000,,,None,11300000,None,,None,,,,,81000000,82000000,None,None,0.226,,161400000,132100000,,,,,-4000000,,,,,2.365,6.57,4.252,,,,,,,,0.151,,,2025-10-28,quarterly,5.17,USD,pre-market,0,,0.0999,0.25,0.041,106.48,161400000,,,,410.73,442.18,3.6072,,,,,,,908800000,,28.49,,482.66,296.56
2025-12-28,HUBB,15.97,5686200000.0,28.49,,1.004,69.27,,,,,,,,,,,,,,,None,574900000,574900000,,,,,,None,22700000,,5.28,0.0116,,,,0.141,0.18,100600000,123300000,4.99,2016-03-31,23.31,,1999300000.0,259900000,91600000,29600000,,,None,9000000,None,,None,,,,,60900000,62000000,None,None,0.226,,158000000,101900000,,,,,-1300000,,,,,2.365,6.57,4.252,,,,,,,,0.151,,,2025-10-28,quarterly,5.17,USD,pre-market,0,,0.0999,0.25,0.041,106.48,158000000,,,,410.73,442.18,3.6072,,,,,,,834800000,,28.49,,482.66,296.56
2025-12-28,HUBB,15.97,5686200000.0,28.49,,1.004,69.27,,,,,,,,,,,,,,,None,565800000,565800000,,,,,,None,21600000,,5.28,0.0116,,,,0.141,0.18,99000000,120600000,4.99,2015-12-31,23.31,,1999300000.0,263900000,90700000,28000000,,,None,8300000,None,,None,,,,,61500000,62700000,None,None,0.226,,152000000,111900000,,,,,-12800000,,,,,2.365,6.57,4.252,,,,,,,,0.151,,,2025-10-28,quarterly,5.17,USD,pre-market,0,,0.0999,0.25,0.041,106.48,152000000,,,,410.73,442.18,3.6072,,,,,,,829700000,,28.49,,482.66,296.56
2025-12-28,HUBB,15.97,5686200000.0,28.49,,1.004,69.27,,,,,,,,,,,,,,,None,587000000,587000000,,,,,,None,20700000,,5.28,0.0116,,,,0.141,0.18,122700000,143400000,4.99,2015-09-30,23.31,,1999300000.0,290000000,115100000,40400000,,,None,7600000,None,,None,,,,,73300000,74700000,None,None,0.226,,159000000,131000000,,,,,-8300000,,,,,2.365,6.57,4.252,,,,,,,,0.151,,,2025-10-28,quarterly,5.17,USD,pre-market,0,,0.0999,0.25,0.041,106.48,159000000,,,,410.73,442.18,3.6072,,,,,,,877000000,,28.49,,482.66,296.56
2025-12-28,HUBB,15.97,5686200000.0,28.49,,1.004,69.27,,,,,,,,,,,,,,,None,590900000,590900000,,,,,,None,21200000,,5.28,0.0116,,,,0.141,0.18,125400000,146600000,4.99,2015-06-30,23.31,,1999300000.0,283100000,118000000,36700000,,,None,7400000,None,,None,,,,,80100000,81300000,None,None,0.226,,156400000,126700000,,,,,-1300000,,,,,2.365,6.57,4.252,,,,,,,,0.151,,,2025-10-28,quarterly,5.17,USD,pre-market,0,,0.0999,0.25,0.041,106.48,156400000,,,,410.73,442.18,3.6072,,,,,,,874000000,,28.49,,482.66,296.56
2025-12-28,HUBB,15.97,5686200000.0,28.49,,1.004,69.27,,,,,,,,,,,,,,,None,557900000,557900000,,,,,,None,21700000,,5.28,0.0116,,,,0.141,0.18,102400000,124100000,4.99,2015-03-31,23.31,,1999300000.0,251800000,94700000,31300000,,,None,7700000,None,,None,,,,,62400000,63400000,None,None,0.226,,146800000,105000000,,,,,-2600000,,,,,2.365,6.57,4.252,,,,,,,,0.151,,,2025-10-28,quarterly,5.17,USD,pre-market,0,,0.0999,0.25,0.041,106.48,146800000,,,,410.73,442.18,3.6072,,,,,,,809700000,,28.49,,482.66,296.56
2025-12-28,HUBB,15.97,5686200000.0,28.49,,1.004,69.27,,,,,,,,,,,,,,,None,573500000,573500000,,,,,,None,20200000,,5.28,0.0116,,,,0.141,0.18,127400000,147600000,4.99,2014-12-31,23.31,,1999300000.0,275300000,118200000,37600000,,,None,9200000,None,,None,,,,,81300000,80600000,None,None,0.226,,149200000,126100000,,,,,1300000,,,,,2.365,6.57,4.252,,,,,,,,0.151,,,2025-10-28,quarterly,5.17,USD,pre-market,0,,0.0999,0.25,0.041,106.48,149200000,,,,410.73,442.18,3.6072,,,,,,,848800000,,28.49,,482.66,296.56
2025-12-28,HUBB,15.97,5686200000.0,28.49,,1.004,69.27,,,,,,,,,,,,,,,None,599100000,599100000,,,,,,None,20100000,,5.28,0.0116,,,,0.141,0.18,142300000,162400000,4.99,2014-09-30,23.31,,1999300000.0,296200000,134800000,44300000,,,None,7500000,None,,None,,,,,89600000,90500000,None,None,0.226,,153400000,142800000,,,,,-500000,,,,,2.365,6.57,4.252,,,,,,,,0.151,,,2025-10-28,quarterly,5.17,USD,pre-market,0,,0.0999,0.25,0.041,106.48,153400000,,,,410.73,442.18,3.6072,,,,,,,895300000,,28.49,,482.66,296.56
2025-12-28,HUBB,15.97,5686200000.0,28.49,,1.004,69.27,,,,,,,,,,,,,,,None,563300000,563300000,,,,,,None,20000000,,5.28,0.0116,,,,0.141,0.18,143400000,163400000,4.99,2014-06-30,23.31,,1999300000.0,292500000,136400000,45600000,,,None,7000000,None,,None,,,,,90200000,90800000,None,None,0.226,,148800000,143700000,,,,,-300000,,,,,2.365,6.57,4.252,,,,,,,,0.151,,,2025-10-28,quarterly,5.17,USD,pre-market,0,,0.0999,0.25,0.041,106.48,148800000,,,,410.73,442.18,3.6072,,,,,,,855800000,,28.49,,482.66,296.56
2025-12-28,HUBB,15.97,5686200000.0,28.49,,1.004,69.27,,,,,,,,,,,,,,,None,514500000,514500000,,,,,,None,18900000,,5.28,0.0116,,,,0.141,0.18,103600000,122500000,4.99,2014-03-31,23.31,,1999300000.0,245000000,96100000,30800000,,,None,7500000,None,,None,,,,,64200000,65300000,None,None,0.226,,140200000,104800000,,,,,-1200000,,,,,2.365,6.57,4.252,,,,,,,,0.151,,,2025-10-28,quarterly,5.17,USD,pre-market,0,,0.0999,0.25,0.041,106.48,140200000,,,,410.73,442.18,3.6072,,,,,,,759500000,,28.49,,482.66,296.56
2025-12-28,HUBB,15.97,5686200000.0,28.49,,1.004,69.27,,,,,,,,,,,,,,,None,535700000,535700000,,,,,,None,18100000,,5.28,0.0116,,,,0.141,0.18,125300000,143400000,4.99,2013-12-31,23.31,,1999300000.0,270900000,116500000,33700000,,,None,8800000,None,,None,,,,,82000000,82800000,None,None,0.226,,144700000,126200000,,,,,-900000,,,,,2.365,6.57,4.252,,,,,,,,0.151,,,2025-10-28,quarterly,5.17,USD,pre-market,0,,0.0999,0.25,0.041,106.48,144700000,,,,410.73,442.18,3.6072,,,,,,,806600000,,28.49,,482.66,296.56
2025-12-28,HUBB,15.97,5686200000.0,28.49,,1.004,69.27,,,,,,,,,,,,,,,None,544600000,544600000,,,,,,None,18100000,,5.28,0.0116,,,,0.141,0.18,150700000,168800000,4.99,2013-09-30,23.31,,1999300000.0,291300000,143300000,46100000,,,None,7400000,None,,None,,,,,96500000,97200000,None,None,0.226,,139700000,151600000,,,,,-900000,,,,,2.365,6.57,4.252,,,,,,,,0.151,,,2025-10-28,quarterly,5.17,USD,pre-market,0,,0.0999,0.25,0.041,106.48,139700000,,,,410.73,442.18,3.6072,,,,,,,835900000,,28.49,,482.66,296.56
2025-12-28,HUBB,15.97,5686200000.0,28.49,,1.004,69.27,,,,,,,,,,,,,,,None,529300000,529300000,,,,,,None,17200000,,5.28,0.0116,,,,0.141,0.18,130100000,147300000,4.99,2013-06-30,23.31,,1999300000.0,272000000,122800000,39800000,,,None,7300000,None,,None,,,,,82100000,83000000,None,None,0.226,,139900000,132100000,,,,,-2000000,,,,,2.365,6.57,4.252,,,,,,,,0.151,,,2025-10-28,quarterly,5.17,USD,pre-market,0,,0.0999,0.25,0.041,106.48,139900000,,,,410.73,442.18,3.6072,,,,,,,801300000,,28.49,,482.66,296.56
2025-12-28,HUBB,15.97,5686200000.0,28.49,,1.004,69.27,,,,,,,,,,,,,,,None,503800000,503800000,,,,,,None,17200000,,5.28,0.0116,,,,0.141,0.18,98500000,115700000,4.99,2013-03-31,23.31,,1999300000.0,236300000,91200000,24400000,,,None,7300000,None,,None,,,,,65900000,66800000,None,None,0.226,,138600000,97700000,,,,,800000,,,,,2.365,6.57,4.252,,,,,,,,0.151,,,2025-10-28,quarterly,5.17,USD,pre-market,0,,0.0999,0.25,0.041,106.48,138600000,,,,410.73,442.18,3.6072,,,,,,,740100000,,28.49,,482.66,296.56
2025-12-28,HUBB,15.97,5686200000.0,28.49,,1.004,69.27,,,,,,,,,,,,,,,None,502700000,502700000,,,,,,None,17600000,,5.28,0.0116,,,,0.141,0.18,111300000,128900000,4.99,2012-12-31,23.31,,1999300000.0,249800000,102100000,29200000,,,None,7500000,None,,None,,,,,71900000,72900000,None,None,0.226,,139300000,110500000,,,,,900000,,,,,2.365,6.57,4.252,,,,,,,,0.151,,,2025-10-28,quarterly,5.17,USD,pre-market,0,,0.0999,0.25,0.041,106.48,139300000,,,,410.73,442.18,3.6072,,,,,,,752500000,,28.49,,482.66,296.56
2025-12-28,HUBB,15.97,5686200000.0,28.49,,1.004,69.27,,,,,,,,,,,,,,,None,521200000,521200000,,,,,,None,16200000,,5.28,0.0116,,,,0.141,0.18,136200000,152400000,4.99,2012-09-30,23.31,,1999300000.0,268500000,129000000,41400000,,,None,7200000,None,,None,,,,,87100000,87600000,None,None,0.226,,133400000,135100000,,,,,1100000,,,,,2.365,6.57,4.252,,,,,,,,0.151,,,2025-10-28,quarterly,5.17,USD,pre-market,0,,0.0999,0.25,0.041,106.48,133400000,,,,410.73,442.18,3.6072,,,,,,,789700000,,28.49,,482.66,296.56
2025-12-28,HUBB,15.97,5686200000.0,28.49,,1.004,69.27,,,,,,,,,,,,,,,None,518600000,518600000,,,,,,None,16800000,,5.28,0.0116,,,,0.141,0.18,123200000,140000000,4.99,2012-06-30,23.31,,1999300000.0,259800000,116100000,38100000,,,None,7100000,None,,None,,,,,77500000,78000000,None,None,0.226,,135300000,124500000,,,,,-1300000,,,,,2.365,6.57,4.252,,,,,,,,0.151,,,2025-10-28,quarterly,5.17,USD,pre-market,0,,0.0999,0.25,0.041,106.48,135300000,,,,410.73,442.18,3.6072,,,,,,,778400000,,28.49,,482.66,296.56
2025-12-28,HUBB,15.97,5686200000.0,28.49,,1.004,69.27,,,,,,,,,,,,,,,None,489700000,489700000,,,,,,None,16200000,,5.28,0.0116,,,,0.141,0.18,101800000,118000000,4.99,2012-03-31,23.31,,1999300000.0,234100000,94600000,31000000,,,None,7200000,None,,None,,,,,63200000,63600000,None,None,0.226,,132400000,101700000,,,,,100000,,,,,2.365,6.57,4.252,,,,,,,,0.151,,,2025-10-28,quarterly,5.17,USD,pre-market,0,,0.0999,0.25,0.041,106.48,132400000,,,,410.73,442.18,3.6072,,,,,,,723800000,,28.49,,482.66,296.56
2025-12-28,HUBB,15.97,5686200000.0,28.49,,1.004,69.27,,,,,,,,,,,,,,,None,503700000,503700000,,,,,,None,16500000,,5.28,0.0116,,,,0.141,0.18,106700000,123200000,4.99,2011-12-31,23.31,,1999300000.0,236300000,101900000,31400000,,,None,8600000,None,,None,,,,,70000000,70500000,None,None,0.226,,126500000,109800000,,,,,700000,,,,,2.365,6.57,4.252,,,,,,,,0.151,,,2025-10-28,quarterly,5.17,USD,pre-market,0,,0.0999,0.25,0.041,106.48,126500000,,,,410.73,442.18,3.6072,,,,,,,740000000,,28.49,,482.66,296.56
2025-12-28,HUBB,15.97,5686200000.0,28.49,,1.004,69.27,,,,,,,,,,,,,,,None,512000000,512000000,,,,,,None,16900000,,5.28,0.0116,,,,0.141,0.18,125300000,142200000,4.99,2011-09-30,23.31,,1999300000.0,252300000,118000000,34700000,,,None,7300000,None,,None,,,,,82400000,83300000,None,None,0.226,,127000000,125300000,,,,,None,,,,,2.365,6.57,4.252,,,,,,,,0.151,,,2025-10-28,quarterly,5.17,USD,pre-market,0,,0.0999,0.25,0.041,106.48,127000000,,,,410.73,442.18,3.6072,,,,,,,764300000,,28.49,,482.66,296.56
2025-12-28,HUBB,15.97,5686200000.0,28.49,,1.004,69.27,,,,,,,,,,,,,,,None,479300000,479300000,,,,,,None,17200000,,5.28,0.0116,,,,0.141,0.18,105100000,122300000,4.99,2011-06-30,23.31,,1999300000.0,229900000,95900000,30200000,,,None,7500000,None,,None,,,,,65200000,65700000,None,None,0.226,,124800000,105100000,,,,,-1700000,,,,,2.365,6.57,4.252,,,,,,,,0.151,,,2025-10-28,quarterly,5.17,USD,pre-market,0,,0.0999,0.25,0.041,106.48,124800000,,,,410.73,442.18,3.6072,,,,,,,709200000,,28.49,,482.66,296.56
2025-12-28,HUBB,15.97,5686200000.0,28.49,,1.004,69.27,,,,,,,,,,,,,,,None,452900000,452900000,,,,,,None,17600000,,5.28,0.0116,,,,0.141,0.18,83600000,101200000,4.99,2011-03-31,23.31,,1999300000.0,205200000,74000000,23300000,,,None,7500000,None,,None,,,,,50300000,50700000,None,None,0.226,,121600000,83600000,,,,,-2100000,,,,,2.365,6.57,4.252,,,,,,,,0.151,,,2025-10-28,quarterly,5.17,USD,pre-market,0,,0.0999,0.25,0.041,106.48,121600000,,,,410.73,442.18,3.6072,,,,,,,658100000,,28.49,,482.66,296.56
2025-12-28,HUBB,15.97,5686200000.0,28.49,,1.004,69.27,,,,,,,,,,,,,,,None,432500000,432500000,,,,,,None,17700000,,5.28,0.0116,,,,0.141,0.18,74700000,92400000,4.99,2010-12-31,23.31,,1999300000.0,206800000,68100000,17900000,,,None,8200000,None,,None,,,,,49700000,0,None,None,0.226,,115800000,91000000,,,,,None,,,,,2.365,6.57,4.252,,,,,,,,0.151,,,2025-10-28,quarterly,5.17,USD,pre-market,0,,0.0999,0.25,0.041,106.48,115800000,,,,410.73,442.18,3.6072,,,,,,,639300000,,28.49,,482.66,296.56
2025-12-28,HUBB,15.97,5686200000.0,28.49,,1.004,69.27,,,,,,,,,,,,,,,None,449800000,449800000,,,,,,None,18000000,,5.28,0.0116,,,,0.141,0.18,117600000,135600000,4.99,2010-09-30,23.31,,1999300000.0,235200000,109200000,37500000,,,None,7800000,None,,None,,,,,71300000,71700000,None,None,0.226,,117600000,117600000,,,,,-600000,,,,,2.365,6.57,4.252,,,,,,,,0.151,,,2025-10-28,quarterly,5.17,USD,pre-market,0,,0.0999,0.25,0.041,106.48,117600000,,,,410.73,442.18,3.6072,,,,,,,685000000,,28.49,,482.66,296.56
2025-12-28,HUBB,15.97,5686200000.0,28.49,,1.004,69.27,,,,,,,,,,,,,,,None,435400000,435400000,,,,,,None,18500000,,5.28,0.0116,,,,0.141,0.18,93500000,112000000,4.99,2010-06-30,23.31,,1999300000.0,211000000,85500000,27600000,,,None,7500000,None,,None,,,,,57600000,57900000,None,None,0.226,,117500000,93500000,,,,,-500000,,,,,2.365,6.57,4.252,,,,,,,,0.151,,,2025-10-28,quarterly,5.17,USD,pre-market,0,,0.0999,0.25,0.041,106.48,117500000,,,,410.73,442.18,3.6072,,,,,,,646400000,,28.49,,482.66,296.56
2025-12-28,HUBB,15.97,5686200000.0,28.49,,1.004,69.27,,,,,,,,,,,,,,,None,394800000,394800000,,,,,,None,18300000,,5.28,0.0116,,,,0.141,0.18,65700000,84000000,4.99,2010-03-31,23.31,,1999300000.0,175700000,57600000,18600000,,,None,7600000,None,,None,,,,,38600000,0,None,None,0.226,,110000000,65700000,,,,,None,,,,,2.365,6.57,4.252,,,,,,,,0.151,,,2025-10-28,quarterly,5.17,USD,pre-market,0,,0.0999,0.25,0.041,106.48,110000000,,,,410.73,442.18,3.6072,,,,,,,570500000,,28.49,,482.66,296.56
2025-12-28,HUBB,15.97,5686200000.0,28.49,,1.004,69.27,,,,,,,,,,,,,,,None,400100000,400100000,,,,,,None,19500000,,5.28,0.0116,,,,0.141,0.18,77300000,96800000,4.99,2009-12-31,23.31,,1999300000.0,191800000,70100000,20000000,,,None,7900000,None,,None,,,,,49600000,0,None,None,0.226,,112300000,79500000,,,,,None,,,,,2.365,6.57,4.252,,,,,,,,0.151,,,2025-10-28,quarterly,5.17,USD,pre-market,0,,0.0999,0.25,0.041,106.48,112300000,,,,410.73,442.18,3.6072,,,,,,,591900000,,28.49,,482.66,296.56
2025-12-28,HUBB,15.97,5686200000.0,28.49,,1.004,69.27,,,,,,,,,,,,,,,None,401000000,401000000,,,,,,None,16700000,,5.28,0.0116,,,,0.141,0.18,91300000,108000000,4.99,2009-09-30,23.31,,1999300000.0,192900000,83900000,26400000,,,None,7700000,None,,None,,,,,57300000,0,None,None,0.226,,101600000,91300000,,,,,None,,,,,2.365,6.57,4.252,,,,,,,,0.151,,,2025-10-28,quarterly,5.17,USD,pre-market,0,,0.0999,0.25,0.041,106.48,101600000,,,,410.73,442.18,3.6072,,,,,,,593900000,,28.49,,482.66,296.56
2025-12-28,HUBB,15.97,5686200000.0,28.49,,1.004,69.27,,,,,,,,,,,,,,,None,410000000,410000000,,,,,,None,17300000,,5.28,0.0116,,,,0.141,0.18,66600000,83900000,4.99,2009-06-30,23.31,,1999300000.0,174200000,57800000,18200000,,,None,7600000,None,,None,,,,,39400000,0,None,None,0.226,,107600000,66600000,,,,,None,,,,,2.365,6.57,4.252,,,,,,,,0.151,,,2025-10-28,quarterly,5.17,USD,pre-market,0,,0.0999,0.25,0.041,106.48,107600000,,,,410.73,442.18,3.6072,,,,,,,584200000,,28.49,,482.66,296.56
2025-12-28,HUBB,15.97,5686200000.0,28.49,,1.004,69.27,,,,,,,,,,,,,,,None,418600000,418600000,,,,,,None,17100000,,5.28,0.0116,,,,0.141,0.18,57300000,74400000,4.99,2009-03-31,23.31,,1999300000.0,167000000,49800000,15700000,,,None,7700000,None,,None,,,,,33800000,0,None,None,0.226,,109700000,57300000,,,,,None,,,,,2.365,6.57,4.252,,,,,,,,0.151,,,2025-10-28,quarterly,5.17,USD,pre-market,0,,0.0999,0.25,0.041,106.48,109700000,,,,410.73,442.18,3.6072,,,,,,,585600000,,28.49,,482.66,296.56
2025-12-28,HUBB,15.97,5686200000.0,28.49,,1.004,69.27,,,,,,,,,,,,,,,None,466200000,466200000,,,,,,None,16700000,,5.28,0.0116,,,,0.141,0.18,71700000,88400000,4.99,2008-12-31,23.31,,1999300000.0,185900000,64100000,17800000,,,None,27400000,None,,None,,,,,46300000,0,None,None,0.226,,113500000,72400000,,,,,None,,,,,2.365,6.57,4.252,,,,,,,,0.151,,,2025-10-28,quarterly,5.17,USD,pre-market,0,,0.0999,0.25,0.041,106.48,113500000,,,,410.73,442.18,3.6072,,,,,,,652100000,,28.49,,482.66,296.56
2025-12-28,HUBB,15.97,5686200000.0,28.49,,1.004,69.27,,,,,,,,,,,,,,,None,514600000,514600000,,,,,,None,16000000,,5.28,0.0116,,,,0.141,0.18,103300000,119300000,4.99,2008-09-30,23.31,,1999300000.0,220200000,95700000,29200000,,,None,6800000,None,,None,,,,,66500000,0,None,None,0.226,,116900000,103300000,,,,,None,,,,,2.365,6.57,4.252,,,,,,,,0.151,,,2025-10-28,quarterly,5.17,USD,pre-market,0,,0.0999,0.25,0.041,106.48,116900000,,,,410.73,442.18,3.6072,,,,,,,734800000,,28.49,,482.66,296.56
2025-12-28,HUBB,15.97,5686200000.0,28.49,,1.004,69.27,,,,,,,,,,,,,,,None,479700000,479700000,,,,,,None,15300000,,5.28,0.0116,,,,0.141,0.18,95000000,110300000,4.99,2008-06-30,23.31,,1999300000.0,209900000,88500000,27000000,,,None,5500000,None,,None,,,,,61500000,0,None,None,0.226,,114900000,95000000,,,,,None,,,,,2.365,6.57,4.252,,,,,,,,0.151,,,2025-10-28,quarterly,5.17,USD,pre-market,0,,0.0999,0.25,0.041,106.48,114900000,,,,410.73,442.18,3.6072,,,,,,,689600000,,28.49,,482.66,296.56
2025-12-28,HUBB,15.97,5686200000.0,28.49,,1.004,69.27,,,,,,,,,,,,,,,None,440500000,440500000,,,,,,None,15100000,,5.28,0.0116,,,,0.141,0.18,75300000,90400000,4.99,2008-03-31,23.31,,1999300000.0,187400000,69600000,21200000,,,None,4600000,None,,None,,,,,48400000,0,None,None,0.226,,112100000,75300000,,,,,None,,,,,2.365,6.57,4.252,,,,,,,,0.151,,,2025-10-28,quarterly,5.17,USD,pre-market,0,,0.0999,0.25,0.041,106.48,112100000,,,,410.73,442.18,3.6072,,,,,,,627900000,,28.49,,482.66,296.56
2025-12-28,HUBB,15.97,5686200000.0,28.49,,1.004,69.27,,,,,,,,,,,,,,,None,433800000,433800000,,,,,,None,15400000,,5.28,0.0116,,,,0.141,0.18,68600000,84000000,4.99,2007-12-31,23.31,,1999300000.0,180900000,64200000,16200000,,,None,17600000,None,,None,,,,,48000000,0,None,None,0.226,,112300000,68600000,,,,,None,,,,,2.365,6.57,4.252,,,,,,,,0.151,,,2025-10-28,quarterly,5.17,USD,pre-market,0,,0.0999,0.25,0.041,106.48,112300000,,,,410.73,442.18,3.6072,,,,,,,614700000,,28.49,,482.66,296.56
2025-12-28,HUBB,15.97,5686200000.0,28.49,,1.004,69.27,,,,,,,,,,,,,,,None,458100000,458100000,,,,,,None,14900000,,5.28,0.0116,,,,0.141,0.18,88900000,103800000,4.99,2007-09-30,23.31,,1999300000.0,194600000,85700000,20400000,,,None,4100000,None,,None,,,,,65300000,0,None,None,0.226,,105700000,88900000,,,,,None,,,,,2.365,6.57,4.252,,,,,,,,0.151,,,2025-10-28,quarterly,5.17,USD,pre-market,0,,0.0999,0.25,0.041,106.48,105700000,,,,410.73,442.18,3.6072,,,,,,,652700000,,28.49,,482.66,296.56
2025-12-28,HUBB,15.97,5686200000.0,28.49,,1.004,69.27,,,,,,,,,,,,,,,None,453500000,453500000,,,,,,None,15000000,,5.28,0.0116,,,,0.141,0.18,78000000,93000000,4.99,2007-06-30,23.31,,1999300000.0,187300000,75000000,21700000,,,None,4200000,None,,None,,,,,53300000,0,None,None,0.226,,109300000,78000000,,,,,None,,,,,2.365,6.57,4.252,,,,,,,,0.151,,,2025-10-28,quarterly,5.17,USD,pre-market,0,,0.0999,0.25,0.041,106.48,109300000,,,,410.73,442.18,3.6072,,,,,,,640800000,,28.49,,482.66,296.56
2025-12-28,HUBB,15.97,5686200000.0,28.49,,1.004,69.27,,,,,,,,,,,,,,,None,452700000,452700000,,,,,,None,14900000,,5.28,0.0116,,,,0.141,0.18,63900000,78800000,4.99,2007-03-31,23.31,,1999300000.0,173000000,59300000,17600000,,,None,4400000,None,,None,,,,,41700000,0,None,None,0.226,,109100000,63900000,,,,,None,,,,,2.365,6.57,4.252,,,,,,,,0.151,,,2025-10-28,quarterly,5.17,USD,pre-market,0,,0.0999,0.25,0.041,106.48,109100000,,,,410.73,442.18,3.6072,,,,,,,625700000,,28.49,,482.66,296.56
2025-12-28,HUBB,15.97,5686200000.0,28.49,,1.004,69.27,,,,,,,,,,,,,,,None,437400000,437400000,,,,,,None,14200000,,5.28,0.0116,,,,0.141,0.18,41700000,55900000,4.99,2006-12-31,23.31,,1999300000.0,151600000,37300000,8100000,,,None,15400000,None,,None,,,,,29200000,0,None,None,0.226,,109900000,41700000,,,,,None,,,,,2.365,6.57,4.252,,,,,,,,0.151,,,2025-10-28,quarterly,5.17,USD,pre-market,0,,0.0999,0.25,0.041,106.48,106200000,,,,410.73,442.18,3.6072,,,,,,,589000000,,28.49,,482.66,296.56
2025-12-28,HUBB,15.97,5686200000.0,28.49,,1.004,69.27,,,,,,,,,,,,,,,None,468100000,468100000,,,,,,None,14300000,,5.28,0.0116,,,,0.141,0.18,72900000,87200000,4.99,2006-09-30,23.31,,1999300000.0,180900000,68200000,20600000,,,None,3100000,None,,None,,,,,47600000,0,None,None,0.226,,108000000,72900000,,,,,None,,,,,2.365,6.57,4.252,,,,,,,,0.151,,,2025-10-28,quarterly,5.17,USD,pre-market,0,,0.0999,0.25,0.041,106.48,107300000,,,,410.73,442.18,3.6072,,,,,,,649000000,,28.49,,482.66,296.56
2025-12-28,HUBB,15.97,5686200000.0,28.49,,1.004,69.27,,,,,,,,,,,,,,,None,437500000,437500000,,,,,,None,14000000,,5.28,0.0116,,,,0.141,0.18,61400000,75400000,4.99,2006-06-30,23.31,,1999300000.0,165700000,59700000,18100000,,,None,2200000,None,,None,,,,,41600000,0,None,None,0.226,,104300000,61400000,,,,,None,,,,,2.365,6.57,4.252,,,,,,,,0.151,,,2025-10-28,quarterly,5.17,USD,pre-market,0,,0.0999,0.25,0.041,106.48,102900000,,,,410.73,442.18,3.6072,,,,,,,603200000,,28.49,,482.66,296.56
2025-12-28,HUBB,15.97,5686200000.0,28.49,,1.004,69.27,,,,,,,,,,,,,,,None,414500000,414500000,,,,,,None,12900000,,5.28,0.0116,,,,0.141,0.18,57900000,70800000,4.99,2006-03-31,23.31,,1999300000.0,158500000,56300000,16600000,,,None,1900000,None,,None,,,,,39700000,0,None,None,0.226,,100600000,57900000,,,,,None,,,,,2.365,6.57,4.252,,,,,,,,0.151,,,2025-10-28,quarterly,5.17,USD,pre-market,0,,0.0999,0.25,0.041,106.48,99100000,,,,410.73,442.18,3.6072,,,,,,,573000000,,28.49,,482.66,296.56
2025-12-28,HUBB,15.97,5686200000.0,28.49,,1.004,69.27,,,,,,,,,,,,,,,None,384700000,384700000,,,,,,None,13700000,,5.28,0.0116,,,,0.141,0.18,58200000,71900000,4.99,2005-12-31,23.31,,1999300000.0,151000000,55600000,3500000,,,None,19300000,None,,None,,,,,52100000,0,None,None,0.226,,92800000,58200000,,,,,None,,,,,2.365,6.57,4.252,,,,,,,,0.151,,,2025-10-28,quarterly,5.17,USD,pre-market,6500000,,0.0999,0.25,0.041,106.48,87700000,,,,410.73,442.18,3.6072,,,,,,,535700000,,28.49,,482.66,296.56
2025-12-28,HUBB,15.97,5686200000.0,28.49,,1.004,69.27,,,,,,,,,,,,,,,None,396900000,396900000,,,,,,None,12300000,,5.28,0.0116,,,,0.141,0.18,73300000,85600000,4.99,2005-09-30,23.31,,1999300000.0,164200000,70300000,21800000,,,None,5300000,None,,None,,,,,48500000,0,None,None,0.226,,90900000,73300000,,,,,None,,,,,2.365,6.57,4.252,,,,,,,,0.151,,,2025-10-28,quarterly,5.17,USD,pre-market,0,,0.0999,0.25,0.041,106.48,89900000,,,,410.73,442.18,3.6072,,,,,,,561100000,,28.49,,482.66,296.56
2025-12-28,HUBB,15.97,5686200000.0,28.49,,1.004,69.27,,,,,,,,,,,,,,,None,3724400000,3724400000,,,,,,None,212100000,,5.28,0.0116,,,,0.141,0.18,1079100000,1291200000,4.99,2024-12-31,23.31,,1999300000.0,1904100000,1005300000,221800000,,,None,73800000,None,,None,,,,,777800000,783500000,-73800000,None,0.226,,812500000,1091600000,,,,,None,,,,,2.365,6.57,4.252,,,,,,,,0.151,,,2025-10-28,annual,5.17,USD,pre-market,None,,0.0999,0.25,0.041,106.48,812500000,,,,410.73,442.18,3.6072,,,,,,,5628500000,,28.49,,482.66,296.56
2025-12-28,HUBB,15.97,5686200000.0,28.49,,1.004,69.27,,,,,,,,,,,,,,,None,3484800000,3484800000,,,,,,None,149700000,,5.28,0.0116,,,,0.141,0.18,1038500000,1038500000,4.99,2023-12-31,23.31,,1999300000.0,1888100000,983300000,217300000,,,None,36700000,None,,None,,,,,759800000,717500000,-38400000,None,0.226,,849600000,1038500000,,,,,None,,,,,2.365,6.57,4.252,,,,,,,,0.151,,,2025-10-28,annual,5.17,USD,pre-market,None,,0.0999,0.25,0.041,106.48,813800000,,,,410.73,442.18,3.6072,,,,,,,5372900000,,28.49,,482.66,296.56
2025-12-28,HUBB,15.97,5686200000.0,28.49,,1.004,69.27,,,,,,,,,,,,,,,None,3476300000,3476300000,,,,,,None,148500000,,5.28,0.0116,,,,0.141,0.18,706600000,855100000,4.99,2022-12-31,23.31,,1999300000.0,1471600000,657000000,140200000,,,None,49600000,None,,None,,,,,545900000,516800000,-49600000,None,0.226,,762500000,709100000,,,,,4500000,,,,,2.365,6.57,4.252,,,,,,,,0.151,,,2025-10-28,annual,5.17,USD,pre-market,None,,0.0999,0.25,0.041,106.48,769500000,,,,410.73,442.18,3.6072,,,,,,,4947900000,,28.49,,482.66,296.56
2025-12-28,HUBB,15.97,5686200000.0,28.49,,1.004,69.27,,,,,,,,,,,,,,,None,3042600000,3042600000,,,,,,None,149100000,,5.28,0.0116,,,,0.141,0.18,514000000,663100000,4.99,2021-12-31,23.31,,1999300000.0,1151500000,459300000,88200000,,,None,54700000,None,,None,,,,,399500000,371100000,-54700000,None,0.226,,619200000,532300000,,,,,-18300000,,,,,2.365,6.57,4.252,,,,,,,,0.151,,,2025-10-28,annual,5.17,USD,pre-market,None,,0.0999,0.25,0.041,106.48,619200000,,,,410.73,442.18,3.6072,,,,,,,4194100000,,28.49,,482.66,296.56
2025-12-28,HUBB,15.97,5686200000.0,28.49,,1.004,69.27,,,,,,,,,,,,,,,None,2596700000,2596700000,,,,,,None,144500000,,5.28,0.0116,,,,0.141,0.18,484600000,629100000,4.99,2020-12-31,23.31,,1999300000.0,1085800000,424500000,89800000,,,None,60100000,None,,None,,,,,351200000,356000000,-60300000,None,0.226,,591300000,494500000,,,,,-11600000,,,,,2.365,6.57,4.252,,,,,,,,0.151,,,2025-10-28,annual,5.17,USD,pre-market,None,,0.0999,0.25,0.041,106.48,676300000,,,,410.73,442.18,3.6072,,,,,,,3682500000,,28.49,,482.66,296.56
2025-12-28,HUBB,15.97,5686200000.0,28.49,,1.004,69.27,,,,,,,,,,,,,,,None,2775000000,2775000000,,,,,,None,137900000,,5.28,0.0116,,,,0.141,0.18,537800000,675700000,4.99,2019-12-31,23.31,,1999300000.0,1171600000,469200000,101200000,,,None,68600000,67900000,,None,,,,,361500000,407400000,-69400000,None,0.226,,644900000,526700000,,,,,1800000,,,,,2.365,6.57,4.252,,,,,,,,0.151,,,2025-10-28,annual,5.17,USD,pre-market,None,,0.0999,0.25,0.041,106.48,756100000,,,,410.73,442.18,3.6072,,,,,,,3946600000,,28.49,,482.66,296.56
2025-12-28,HUBB,15.97,5686200000.0,28.49,,1.004,69.27,,,,,,,,,,,,,,,None,3181300000,3181300000,,,,,,None,148400000,,5.28,0.0116,,,,0.141,0.18,539400000,687800000,4.99,2018-12-31,23.31,,1999300000.0,1300400000,467000000,100900000,,,None,72400000,69000000,,None,,,,,360200000,366100000,-72400000,None,0.226,,743500000,556900000,,,,,-17500000,,,,,2.365,6.57,4.252,,,,,,,,0.151,,,2025-10-28,annual,5.17,USD,pre-market,0,,0.0999,0.25,0.041,106.48,743500000,,,,410.73,442.18,3.6072,,,,,,,4481700000,,28.49,,482.66,296.56
2025-12-28,HUBB,15.97,5686200000.0,28.49,,1.004,69.27,,,,,,,,,,,,,,,None,2513700000,2513700000,,,,,,None,98200000,,5.28,0.0116,,,,0.141,0.18,488000000,586200000,4.99,2017-12-31,23.31,,1999300000.0,1155100000,443100000,193200000,,,None,44900000,43600000,,None,,,,,243100000,249900000,-44900000,None,0.226,,636300000,518800000,,,,,-15700000,,,,,2.365,6.57,4.252,,,,,,,,0.151,,,2025-10-28,annual,5.17,USD,pre-market,0,,0.0999,0.25,0.041,106.48,636300000,,,,410.73,442.18,3.6072,,,,,,,3668800000,,28.49,,482.66,296.56
2025-12-28,HUBB,15.97,5686200000.0,28.49,,1.004,69.27,,,,,,,,,,,,,,,None,2400100000,2400100000,,,,,,None,90900000,,5.28,0.0116,,,,0.141,0.18,473800000,564700000,4.99,2016-12-31,23.31,,1999300000.0,1105100000,430400000,132600000,,,None,43400000,42900000,,None,,,,,293000000,297800000,-43400000,None,0.226,,615300000,489800000,,,,,-4000000,,,,,2.365,6.57,4.252,,,,,,,,0.151,,,2025-10-28,annual,5.17,USD,pre-market,0,,0.0999,0.25,0.041,106.48,615300000,,,,410.73,442.18,3.6072,,,,,,,3505200000,,28.49,,482.66,296.56
2025-12-28,HUBB,15.97,5686200000.0,28.49,,1.004,69.27,,,,,,,,,,,,,,,None,2298600000,2298600000,,,,,,None,85200000,,5.28,0.0116,,,,0.141,0.18,449600000,534800000,4.99,2015-12-31,23.31,,1999300000.0,1091800000,418600000,136500000,,,None,31000000,30500000,,None,,,,,277300000,282100000,None,None,0.226,,617200000,474600000,,,,,-25000000,,,,,2.365,6.57,4.252,,,,,,,,0.151,,,2025-10-28,annual,5.17,USD,pre-market,0,,0.0999,0.25,0.041,106.48,617200000,,,,410.73,442.18,3.6072,,,,,,,3390400000,,28.49,,482.66,296.56
2025-12-28,HUBB,15.97,5686200000.0,28.49,,1.004,69.27,,,,,,,,,,,,,,,None,2250400000,2250400000,,,,,,None,79200000,,5.28,0.0116,,,,0.141,0.18,516700000,595900000,4.99,2014-12-31,23.31,,1999300000.0,1109000000,485500000,158300000,,,None,31200000,None,,None,,,,,325300000,327200000,None,None,0.226,,591600000,517400000,,,,,-700000,,,,,2.365,6.57,4.252,,,,,,,,0.151,,,2025-10-28,annual,5.17,USD,pre-market,0,,0.0999,0.25,0.041,106.48,591600000,,,,410.73,442.18,3.6072,,,,,,,3359400000,,28.49,,482.66,296.56
2025-12-28,HUBB,15.97,5686200000.0,28.49,,1.004,69.27,,,,,,,,,,,,,,,None,2113400000,2113400000,,,,,,None,70600000,,5.28,0.0116,,,,0.141,0.18,504600000,575200000,4.99,2013-12-31,23.31,,1999300000.0,1070500000,473800000,144000000,,,None,30800000,None,,None,,,,,326500000,329800000,None,None,0.226,,562900000,507600000,,,,,-3000000,,,,,2.365,6.57,4.252,,,,,,,,0.151,,,2025-10-28,annual,5.17,USD,pre-market,0,,0.0999,0.25,0.041,106.48,562900000,,,,410.73,442.18,3.6072,,,,,,,3183900000,,28.49,,482.66,296.56
2025-12-28,HUBB,15.97,5686200000.0,28.49,,1.004,69.27,,,,,,,,,,,,,,,None,2032200000,2032200000,,,,,,None,66800000,,5.28,0.0116,,,,0.141,0.18,472600000,539400000,4.99,2012-12-31,23.31,,1999300000.0,1012200000,441800000,139700000,,,None,30800000,None,,None,,,,,299700000,302100000,None,None,0.226,,540400000,471800000,,,,,800000,,,,,2.365,6.57,4.252,,,,,,,,0.151,,,2025-10-28,annual,5.17,USD,pre-market,0,,0.0999,0.25,0.041,106.48,540400000,,,,410.73,442.18,3.6072,,,,,,,3044400000,,28.49,,482.66,296.56
2025-12-28,HUBB,15.97,5686200000.0,28.49,,1.004,69.27,,,,,,,,,,,,,,,None,1947900000,1947900000,,,,,,None,68200000,,5.28,0.0116,,,,0.141,0.18,420700000,488900000,4.99,2011-12-31,23.31,,1999300000.0,923700000,389800000,119600000,,,None,30900000,None,,None,,,,,267900000,270200000,None,None,0.226,,499900000,423800000,,,,,-3100000,,,,,2.365,6.57,4.252,,,,,,,,0.151,,,2025-10-28,annual,5.17,USD,pre-market,0,,0.0999,0.25,0.041,106.48,499900000,,,,410.73,442.18,3.6072,,,,,,,2871600000,,28.49,,482.66,296.56
2025-12-28,HUBB,15.97,5686200000.0,28.49,,1.004,69.27,,,,,,,,,,,,,,,None,1712500000,1712500000,,,,,,None,72500000,,5.28,0.0116,,,,0.141,0.18,351500000,424000000,4.99,2010-12-31,23.31,,1999300000.0,828700000,320400000,101600000,,,None,31100000,None,,None,,,,,217200000,218800000,None,None,0.226,,460900000,367800000,,,,,-16300000,,,,,2.365,6.57,4.252,,,,,,,,0.151,,,2025-10-28,annual,5.17,USD,pre-market,0,,0.0999,0.25,0.041,106.48,460900000,,,,410.73,442.18,3.6072,,,,,,,2541200000,,28.49,,482.66,296.56
2025-12-28,HUBB,15.97,5686200000.0,28.49,,1.004,69.27,,,,,,,,,,,,,,,None,1629700000,1629700000,,,,,,None,70600000,,5.28,0.0116,,,,0.141,0.18,292500000,363100000,4.99,2009-12-31,23.31,,1999300000.0,725900000,261600000,80300000,,,None,30900000,None,,None,,,,,180100000,None,None,None,0.226,,431200000,294700000,,,,,None,,,,,2.365,6.57,4.252,,,,,,,,0.151,,,2025-10-28,annual,5.17,USD,pre-market,None,,0.0999,0.25,0.041,106.48,431200000,,,,410.73,442.18,3.6072,,,,,,,2355600000,,28.49,,482.66,296.56
2025-12-28,HUBB,15.97,5686200000.0,28.49,,1.004,69.27,,,,,,,,,,,,,,,None,1901000000,1901000000,,,,,,None,63100000,,5.28,0.0116,,,,0.141,0.18,346000000,409100000,4.99,2008-12-31,23.31,,1999300000.0,803400000,317900000,95200000,,,None,24600000,None,,None,,,,,222700000,None,None,None,0.226,,457400000,346000000,,,,,None,,,,,2.365,6.57,4.252,,,,,,,,0.151,,,2025-10-28,annual,5.17,USD,pre-market,None,,0.0999,0.25,0.041,106.48,457400000,,,,410.73,442.18,3.6072,,,,,,,2704400000,,28.49,,482.66,296.56
2025-12-28,HUBB,15.97,5686200000.0,28.49,,1.004,69.27,,,,,,,,,,,,,,,None,1798100000,1798100000,,,,,,None,60200000,,5.28,0.0116,,,,0.141,0.18,299400000,359600000,4.99,2007-12-31,23.31,,1999300000.0,735800000,284200000,75900000,,,None,17600000,None,,None,,,,,208300000,None,None,None,0.226,,436400000,299400000,,,,,None,,,,,2.365,6.57,4.252,,,,,,,,0.151,,,2025-10-28,annual,5.17,USD,pre-market,None,,0.0999,0.25,0.041,106.48,436400000,,,,410.73,442.18,3.6072,,,,,,,2533900000,,28.49,,482.66,296.56
2025-12-28,HUBB,15.97,5686200000.0,28.49,,1.004,69.27,,,,,,,,,,,,,,,None,1757500000,1757500000,,,,,,None,55400000,,5.28,0.0116,,,,0.141,0.18,233900000,289300000,4.99,2006-12-31,23.31,,1999300000.0,656800000,221500000,63400000,,,None,15400000,None,,None,,,,,158100000,None,None,None,0.226,,422900000,233900000,,,,,None,,,,,2.365,6.57,4.252,,,,,,,,0.151,,,2025-10-28,annual,5.17,USD,pre-market,None,,0.0999,0.25,0.041,106.48,415600000,,,,410.73,442.18,3.6072,,,,,,,2414300000,,28.49,,482.66,296.56
2025-12-28,HUBB,15.97,5686200000.0,28.49,,1.004,69.27,,,,,,,,,,,,,,,None,1509900000,1509900000,,,,,,None,50400000,,5.28,0.0116,,,,0.141,0.18,226800000,277200000,4.99,2005-12-31,23.31,,1999300000.0,595000000,215700000,50600000,,,None,19300000,None,,None,,,,,165100000,None,None,None,0.226,,368200000,226800000,,,,,None,,,,,2.365,6.57,4.252,,,,,,,,0.151,,,2025-10-28,annual,5.17,USD,pre-market,6500000,,0.0999,0.25,0.041,106.48,357900000,,,,410.73,442.18,3.6072,,,,,,,2104900000,,28.49,,482.66,296.56
2025-12-28,HUBB,15.97,5686200000.0,28.49,None,1.004,69.27,,153400000,666800000,666800000,,,,,,,,,600000,53564000,None,1509900000,1509900000,536600000,None,951500000,909900000,None,None,50400000,,5.28,0.0116,,,,0.141,0.18,226800000,277200000,4.99,2025-09-30,23.31,2588800000,1999300000.0,595000000,215700000,50600000,1059900000,1059900000,None,19300000,None,1053700000,None,None,1044800000,None,99800000,165100000,None,None,None,0.226,,368200000,226800000,145500000,529300000,None,135400000,None,,,,,2.365,6.57,4.252,,,,,,,,0.151,,None,2025-10-28,quarterly,5.17,USD,pre-market,6500000,4007000000,0.0999,0.25,0.041,106.48,357900000,2149700000,988400000,14100000,410.73,442.18,3.6072,7526900000,2790000000,2054300000,3833900000,4736900000,1779599999,2104900000,3693000000,28.49,None,482.66,296.56
2025-12-28,HUBB,15.97,5686200000.0,28.49,None,1.004,69.27,,153600000,382600000,382600000,,,,,,,,,600000,54000000,None,1509900000,1509900000,529500000,None,802700000,899700000,None,None,50400000,,5.28,0.0116,,,,0.141,0.18,226800000,277200000,4.99,2025-06-30,23.31,2562100000,1999300000.0,595000000,215700000,50600000,1066100000,1066100000,None,19300000,None,1029600000,None,None,1044400000,None,96000000,165100000,None,None,None,0.226,,368200000,226800000,147500000,396600000,None,128600000,None,,,,,2.365,6.57,4.252,,,,,,,,0.151,,None,2025-10-28,quarterly,5.17,USD,pre-market,6500000,3821800000,0.0999,0.25,0.041,106.48,357900000,2000700000,838000000,17000000,410.73,442.18,3.6072,7149000000,2476400000,1908400000,3650200000,4672600000,1741800000,2104900000,3487700000,28.49,None,482.66,296.56
2025-12-28,HUBB,15.97,5686200000.0,28.49,None,1.004,69.27,,150400000,346900000,346900000,,,,,,,,,600000,54000000,None,1509900000,1509900000,545800000,None,816100000,902000000,None,None,50400000,,5.28,0.0116,,,,0.141,0.18,226800000,277200000,4.99,2025-03-31,23.31,2548800000,1999300000.0,595000000,215700000,50600000,1090800000,1090800000,None,19300000,None,848700000,None,None,1044000000,None,86900000,165100000,None,None,None,0.226,,368200000,226800000,150800000,373300000,None,123500000,None,,,,,2.365,6.57,4.252,,,,,,,,0.151,,None,2025-10-28,quarterly,5.17,USD,pre-market,6500000,3627800000,0.0999,0.25,0.041,106.48,357900000,2010500000,849500000,13400000,410.73,442.18,3.6072,6922100000,2261800000,1938300000,3649900000,4660300000,1711600000,2104900000,3261400000,28.49,None,482.66,296.56
2025-12-28,HUBB,15.97,5686200000.0,28.49,None,1.004,69.27,,151500000,329100000,329100000,,,,,,,,,600000,54000000,None,1509900000,1509900000,541700000,None,125400000,756000000,None,None,50400000,,5.28,0.0116,,,,0.141,0.18,226800000,277200000,4.99,2024-12-31,23.31,2500800000,1999300000.0,595000000,215700000,50600000,1080000000,1080000000,None,19300000,None,841800000,None,None,1442700000,None,84900000,165100000,None,None,None,0.226,,368200000,226800000,146500000,438300000,None,124700000,None,,,,,2.365,6.57,4.252,,,,,,,,0.151,,None,2025-10-28,quarterly,5.17,USD,pre-market,6500000,3651600000,0.0999,0.25,0.041,106.48,357900000,1719600000,159600000,15900000,410.73,442.18,3.6072,6679100000,2089300000,1274200000,3396400000,4589800000,2122200000,2104900000,3268300000,28.49,None,482.66,296.56
2025-12-28,HUBB,15.97,5686200000.0,28.49,None,1.004,69.27,,160200000,435700000,435700000,,,,,,,,,600000,54000000,None,1509900000,1509900000,547500000,None,291200000,894800000,None,None,50400000,,5.28,0.0116,,,,0.141,0.18,226800000,277200000,4.99,2024-09-30,23.31,2523500000,1999300000.0,595000000,215700000,50600000,1108400000,1108400000,None,19300000,None,850000000,None,None,1640300000,None,85500000,165100000,None,None,None,0.226,,368200000,226800000,128700000,365500000,None,127100000,None,,,,,2.365,6.57,4.252,,,,,,,,0.151,,None,2025-10-28,quarterly,5.17,USD,pre-market,6500000,3532200000,0.0999,0.25,0.041,106.48,357900000,2091700000,325700000,9900000,410.73,442.18,3.6072,6935000000,2319100000,1396700000,3706200000,4615900000,2309500000,2104900000,3215000000,28.49,None,482.66,296.56
2025-12-28,HUBB,15.97,5686200000.0,28.49,None,1.004,69.27,,147700000,397200000,397200000,,,,,,,,,600000,54100000,None,1509900000,1509900000,586700000,None,110500000,893200000,None,None,50400000,,5.28,0.0116,,,,0.141,0.18,226800000,277200000,4.99,2024-06-30,23.31,2513700000,1999300000.0,595000000,215700000,50600000,1135700000,1135700000,None,19300000,None,856500000,None,None,1892700000,None,80800000,165100000,None,None,None,0.226,,368200000,226800000,118500000,365000000,None,120900000,None,,,,,2.365,6.57,4.252,,,,,,,,0.151,,None,2025-10-28,quarterly,5.17,USD,pre-market,6500000,3388900000,0.0999,0.25,0.041,106.48,357900000,2150900000,144200000,9300000,410.73,442.18,3.6072,6871700000,2274700000,1258500000,3805400000,4597000000,2546900000,2104900000,3052600000,28.49,None,482.66,296.56
2025-12-28,HUBB,15.97,5686200000.0,28.49,None,1.004,69.27,,148200000,388200000,388200000,,,,,,,,,600000,54000000,None,1509900000,1509900000,598500000,None,219700000,865600000,None,None,50400000,,5.28,0.0116,,,,0.141,0.18,226800000,277200000,4.99,2024-03-31,23.31,2532700000,1999300000.0,595000000,215700000,50600000,1165100000,1165100000,None,19300000,None,842400000,None,None,1895700000,None,75300000,165100000,None,None,None,0.226,,368200000,226800000,124200000,318700000,None,128100000,None,,,,,2.365,6.57,4.252,,,,,,,,0.151,,None,2025-10-28,quarterly,5.17,USD,pre-market,6500000,3250200000,0.0999,0.25,0.041,106.48,357900000,2263600000,252400000,12100000,410.73,442.18,3.6072,6862100000,2232500000,1348700000,3919000000,4629600000,2570300000,2104900000,2930400000,28.49,None,482.66,296.56
2025-12-28,HUBB,15.97,5686200000.0,28.49,None,1.004,69.27,,149400000,336100000,336100000,,,,,,,,,600000,54000000,None,1509900000,1509900000,563500000,None,117400000,785400000,None,None,50400000,,5.28,0.0116,,,,0.141,0.18,226800000,277200000,4.99,2023-12-31,23.31,2533400000,1999300000.0,595000000,215700000,50600000,1196000000,1196000000,None,19300000,None,832900000,None,None,2023200000,None,75800000,165100000,None,None,None,0.226,,368200000,226800000,200200000,479300000,None,128500000,None,,,,,2.365,6.57,4.252,,,,,,,,0.151,,None,2025-10-28,quarterly,5.17,USD,pre-market,6500000,3182700000,0.0999,0.25,0.041,106.48,357900000,2290000000,148000000,12600000,410.73,442.18,3.6072,6914000000,2167200000,1323400000,4024700000,4746800000,2701300000,2104900000,2877000000,28.49,None,482.66,296.56
2025-12-28,HUBB,15.97,5686200000.0,28.49,None,1.004,69.27,,137900000,572800000,572800000,,,,,,,,,600000,54000000,None,1509900000,1509900000,554700000,None,3300000,852900000,None,None,50400000,,5.28,0.0116,,,,0.141,0.18,226800000,277200000,4.99,2023-09-30,23.31,1994700000,1999300000.0,595000000,215700000,50600000,644700000,644700000,None,19300000,None,788400000,None,None,1439700000,None,61600000,165100000,None,None,None,0.226,,368200000,226800000,86400000,405700000,None,506700000,None,,,,,2.365,6.57,4.252,,,,,,,,0.151,,572200000,2025-10-28,quarterly,5.17,USD,pre-market,6500000,3077300000,0.0999,0.25,0.041,106.48,357900000,1580900000,33600000,17900000,410.73,442.18,3.6072,5768300000,2318400000,1071400000,3017800000,3449900000,1946400000,2104900000,2739100000,28.49,None,482.66,296.56
2025-12-28,HUBB,15.97,5686200000.0,28.49,None,1.004,69.27,,114200000,492600000,492600000,,,,,,,,,600000,54000000,None,1509900000,1509900000,554800000,None,1800000,811200000,None,None,50400000,,5.28,0.0116,,,,0.141,0.18,226800000,277200000,4.99,2023-06-30,23.31,1998800000,1999300000.0,595000000,215700000,50600000,664400000,664400000,None,19300000,None,794100000,None,None,1439100000,None,69600000,165100000,None,None,None,0.226,,368200000,226800000,91700000,412500000,None,500900000,None,,,,,2.365,6.57,4.252,,,,,,,,0.151,,557500000,2025-10-28,quarterly,5.17,USD,pre-market,6500000,2949500000,0.0999,0.25,0.041,106.48,357900000,1555100000,32200000,16200000,410.73,442.18,3.6072,5640900000,2205800000,1069800000,3009800000,3435100000,1940000000,2104900000,2620700000,28.49,None,482.66,296.56
2025-12-28,HUBB,15.97,5686200000.0,28.49,None,1.004,69.27,,117800000,429800000,429800000,,,,,,,,,600000,53900000,None,1509900000,1509900000,545300000,None,4700000,778300000,None,None,50400000,,5.28,0.0116,,,,0.141,0.18,226800000,277200000,4.99,2023-03-31,23.31,1976100000,1999300000.0,595000000,215700000,50600000,652900000,652900000,None,19300000,None,779600000,None,None,1438500000,None,66100000,165100000,None,None,None,0.226,,368200000,226800000,94000000,358100000,None,507100000,None,,,,,2.365,6.57,4.252,,,,,,,,0.151,,539000000,2025-10-28,quarterly,5.17,USD,pre-market,6500000,2806200000,0.0999,0.25,0.041,106.48,357900000,1561000000,35800000,17000000,410.73,442.18,3.6072,5480800000,2098700000,1052100000,2997700000,3382100000,1945600000,2104900000,2472700000,28.49,None,482.66,296.56
2025-12-28,HUBB,15.97,5686200000.0,28.49,None,1.004,69.27,,115400000,440500000,440500000,,,,,,,,,600000,54000000,None,1509900000,1509900000,529900000,None,4700000,741600000,None,None,50400000,,5.28,0.0116,,,,0.141,0.18,226800000,277200000,4.99,2022-12-31,23.31,1970500000,1999300000.0,595000000,215700000,50600000,669900000,669900000,None,19300000,None,740700000,None,None,1437900000,None,65900000,165100000,None,None,None,0.226,,368200000,226800000,84300000,473100000,None,505600000,None,,,,,2.365,6.57,4.252,,,,,,,,0.151,,528000000,2025-10-28,quarterly,5.17,USD,pre-market,6500000,2705500000,0.0999,0.25,0.041,106.48,357900000,1558000000,35200000,14300000,410.73,442.18,3.6072,5402600000,2021400000,1088500000,3032000000,3381200000,1943500000,2104900000,2360900000,28.49,None,482.66,296.56
2025-12-28,HUBB,15.97,5686200000.0,28.49,None,1.004,69.27,,111400000,366900000,366900000,,,,,,,,,600000,54000000,None,1509900000,1509900000,569900000,None,4000000,800500000,None,None,50400000,,5.28,0.0116,,,,0.141,0.18,226800000,277200000,4.99,2022-09-30,23.31,1948800000,1999300000.0,595000000,215700000,50600000,690300000,690300000,None,19300000,None,739000000,None,None,1437300000,None,66600000,165100000,None,None,None,0.226,,368200000,226800000,75600000,394300000,None,508400000,None,,,,,2.365,6.57,4.252,,,,,,,,0.151,,478500000,2025-10-28,quarterly,5.17,USD,pre-market,6500000,2686200000,0.0999,0.25,0.041,106.48,357900000,1552700000,33500000,12500000,410.73,442.18,3.6072,5338400000,1994500000,1062500000,3008200000,3343900000,1945700000,2104900000,2318700000,28.49,None,482.66,296.56
2025-12-28,HUBB,15.97,5686200000.0,28.49,None,1.004,69.27,,112000000,424200000,424200000,,,,,,,,,600000,53900000,None,1509900000,1509900000,550700000,None,5800000,780500000,None,None,50400000,,5.28,0.0116,,,,0.141,0.18,226800000,277200000,4.99,2022-06-30,23.31,1859400000,1999300000.0,595000000,215700000,50600000,644100000,644100000,None,19300000,None,719500000,None,None,1436700000,None,71900000,165100000,None,None,None,0.226,,368200000,226800000,96100000,384100000,None,530700000,None,,,,,2.365,6.57,4.252,,,,,,,,0.151,,464800000,2025-10-28,quarterly,5.17,USD,pre-market,6500000,2603600000,0.0999,0.25,0.041,106.48,357900000,1554500000,35200000,13900000,410.73,442.18,3.6072,5238200000,2034200000,1002900000,2970300000,3204000000,1967400000,2104900000,2256900000,28.49,None,482.66,296.56
2025-12-28,HUBB,15.97,5686200000.0,28.49,None,1.004,69.27,,117600000,359000000,359000000,,,,,,,,,600000,54400000,None,1509900000,1509900000,548500000,None,7800000,777900000,None,None,50400000,,5.28,0.0116,,,,0.141,0.18,226800000,277200000,4.99,2022-03-31,23.31,1870600000,1999300000.0,595000000,215700000,50600000,664200000,664200000,None,19300000,None,708800000,None,None,1436100000,None,72900000,165100000,None,None,None,0.226,,368200000,226800000,69000000,329300000,None,547100000,None,,,,,2.365,6.57,4.252,,,,,,,,0.151,,460400000,2025-10-28,quarterly,5.17,USD,pre-market,6500000,2538100000,0.0999,0.25,0.041,106.48,357900000,1561500000,37600000,12400000,410.73,442.18,3.6072,5169700000,1927100000,962100000,2945300000,3242600000,1983200000,2104900000,2213300000,28.49,None,482.66,296.56
2025-12-28,HUBB,15.97,5686200000.0,28.49,None,1.004,69.27,,85400000,286200000,286200000,,,,,,,,,600000,54800000,None,1509900000,1509900000,532800000,None,9700000,675300000,None,None,50400000,,5.28,0.0116,,,,0.141,0.18,226800000,277200000,4.99,2021-12-31,23.31,1871300000,1999300000.0,595000000,215700000,50600000,681500000,681500000,None,19300000,None,662100000,None,None,1435500000,None,69100000,165100000,None,None,None,0.226,,368200000,226800000,246300000,474100000,None,521300000,None,,,,,2.365,6.57,4.252,,,,,,,,0.151,,459500000,2025-10-28,quarterly,5.17,USD,pre-market,6500000,2560000000,0.0999,0.25,0.041,106.48,357900000,1530600000,36800000,9400000,410.73,442.18,3.6072,5281500000,1879300000,1065200000,3040800000,3402200000,1975600000,2104900000,2229800000,28.49,None,482.66,296.56
2025-12-28,HUBB,15.97,5686200000.0,28.49,None,1.004,69.27,,94900000,257900000,257900000,,,,,,,,,600000,54700000,None,1509900000,1509900000,491900000,None,128900000,798300000,None,None,50400000,,5.28,0.0116,,,,0.141,0.18,226800000,277200000,4.99,2021-09-30,23.31,1922600000,1999300000.0,595000000,215700000,50600000,738000000,738000000,None,19300000,None,700700000,None,None,1434900000,None,72100000,165100000,None,None,None,0.226,,368200000,226800000,66400000,350900000,None,593300000,None,,,,,2.365,6.57,4.252,,,,,,,,0.151,,521200000,2025-10-28,quarterly,5.17,USD,pre-market,6500000,2501300000,0.0999,0.25,0.041,106.48,357900000,1658700000,158100000,9900000,410.73,442.18,3.6072,5241700000,1833200000,1035400000,3063600000,3408500000,2028200000,2104900000,2168800000,28.49,None,482.66,296.56
2025-12-28,HUBB,15.97,5686200000.0,28.49,None,1.004,69.27,,96400000,265400000,265400000,,,,,,,,,600000,54700000,None,1509900000,1509900000,465700000,None,137600000,762300000,None,None,50400000,,5.28,0.0116,,,,0.141,0.18,226800000,277200000,4.99,2021-06-30,23.31,1922900000,1999300000.0,595000000,215700000,50600000,758300000,758300000,None,19300000,None,638300000,None,None,1434200000,None,69700000,165100000,None,None,None,0.226,,368200000,226800000,66500000,346000000,None,598300000,None,,,,,2.365,6.57,4.252,,,,,,,,0.151,,518700000,2025-10-28,quarterly,5.17,USD,pre-market,6500000,2447300000,0.0999,0.25,0.041,106.48,357900000,1668200000,167400000,12600000,410.73,442.18,3.6072,5172800000,1745100000,999400000,3031900000,3427700000,2032500000,2104900000,2125700000,28.49,None,482.66,296.56
2025-12-28,HUBB,15.97,5686200000.0,28.49,None,1.004,69.27,,103000000,433800000,433800000,,,,,,,,,600000,54700000,None,1509900000,1509900000,421300000,None,360800000,703100000,None,None,50400000,,5.28,0.0116,,,,0.141,0.18,226800000,277200000,4.99,2021-03-31,23.31,1924400000,1999300000.0,595000000,215700000,50600000,786000000,786000000,None,19300000,None,616400000,None,None,1433700000,None,69600000,165100000,None,None,None,0.226,,368200000,226800000,64000000,306600000,None,612500000,None,,,,,2.365,6.57,4.252,,,,,,,,0.151,,516700000,2025-10-28,quarterly,5.17,USD,pre-market,6500000,2415400000,0.0999,0.25,0.041,106.48,357900000,1897500000,392200000,10200000,410.73,442.18,3.6072,5292900000,1827500000,1148700000,3194900000,3465400000,2046200000,2104900000,2082700000,28.49,None,482.66,296.56
2025-12-28,HUBB,15.97,5686200000.0,28.49,None,1.004,69.27,,107000000,258600000,258600000,,,,,,,,,600000,54600000,None,1509900000,1509900000,339200000,None,153100000,553300000,None,None,50400000,,5.28,0.0116,,,,0.141,0.18,226800000,277200000,4.99,2020-12-31,23.31,1873100000,1999300000.0,595000000,215700000,50600000,770600000,770600000,None,19300000,None,526700000,None,None,1436900000,None,71100000,165100000,None,None,None,0.226,,368200000,226800000,239700000,390900000,None,614600000,None,,,,,2.365,6.57,4.252,,,,,,,,0.151,,519200000,2025-10-28,quarterly,5.17,USD,pre-market,6500000,2393700000,0.0999,0.25,0.041,106.48,357900000,1692500000,183700000,9300000,410.73,442.18,3.6072,5085100000,1587600000,948200000,2999700000,3497500000,2051500000,2104900000,2070000000,28.49,None,482.66,296.56
2025-12-28,HUBB,15.97,5686200000.0,28.49,None,1.004,69.27,,95600000,269200000,269200000,,,,,,,,,600000,54500000,None,1509900000,1509900000,387600000,None,21900000,711400000,None,None,50400000,,5.28,0.0116,,,,0.141,0.18,226800000,277200000,4.99,2020-09-30,23.31,1813400000,1999300000.0,595000000,215700000,50600000,724000000,724000000,None,19300000,None,584900000,None,None,1436300000,None,60400000,165100000,None,None,None,0.226,,368200000,226800000,65900000,311500000,None,617100000,None,,,,,2.365,6.57,4.252,,,,,,,,0.151,,485300000,2025-10-28,quarterly,5.17,USD,pre-market,6500000,2366000000,0.0999,0.25,0.041,106.48,357900000,1553800000,50400000,9000000,410.73,442.18,3.6072,4877100000,1640400000,792700000,2846100000,3236700000,2053400000,2104900000,2016800000,28.49,None,482.66,296.56
2025-12-28,HUBB,15.97,5686200000.0,28.49,None,1.004,69.27,,98700000,485000000,485000000,,,,,,,,,600000,54300000,None,1509900000,1509900000,354400000,None,145200000,644100000,None,None,50400000,,5.28,0.0116,,,,0.141,0.18,226800000,277200000,4.99,2020-06-30,23.31,1808700000,1999300000.0,595000000,215700000,50600000,740700000,740700000,None,19300000,None,604200000,None,None,1610400000,None,54300000,165100000,None,None,None,0.226,,368200000,226800000,50400000,303200000,None,594100000,None,,,,,2.365,6.57,4.252,,,,,,,,0.151,,489100000,2025-10-28,quarterly,5.17,USD,pre-market,6500000,2308400000,0.0999,0.25,0.041,106.48,357900000,1854300000,173600000,9900000,410.73,442.18,3.6072,5058700000,1793600000,880700000,3085200000,3265100000,2204500000,2104900000,1959900000,28.49,None,482.66,296.56
2025-12-28,HUBB,15.97,5686200000.0,28.49,None,1.004,69.27,,99000000,300000000,300000000,,,,,,,,,600000,54600000,None,1509900000,1509900000,358400000,None,106700000,707700000,None,None,50400000,,5.28,0.0116,,,,0.141,0.18,226800000,277200000,4.99,2020-03-31,23.31,1807100000,1999300000.0,595000000,215700000,50600000,758800000,758800000,None,19300000,None,595700000,None,None,1597300000,None,53200000,165100000,None,None,None,0.226,,368200000,226800000,58100000,302600000,None,592000000,None,,,,,2.365,6.57,4.252,,,,,,,,0.151,,495500000,2025-10-28,quarterly,5.17,USD,pre-market,6500000,2269600000,0.0999,0.25,0.041,106.48,357900000,1803000000,134800000,13500000,410.73,442.18,3.6072,4959100000,1675000000,841300000,3030600000,3284100000,2189300000,2104900000,1914900000,28.49,None,482.66,296.56
2025-12-28,HUBB,15.97,5686200000.0,28.49,None,1.004,69.27,,101300000,182000000,182000000,,,,,,,,,600000,54700000,None,1509900000,1509900000,347700000,None,65400000,683000000,None,None,50400000,,5.28,0.0116,,,,0.141,0.18,226800000,277200000,4.99,2019-12-31,23.31,1811800000,1999300000.0,595000000,215700000,50600000,781500000,781500000,None,19300000,None,633000000,None,None,1506000000,None,55700000,165100000,None,None,None,0.226,,368200000,226800000,62000000,365200000,None,591600000,None,,,,,2.365,6.57,4.252,,,,,,,,0.151,,505200000,2025-10-28,quarterly,5.17,USD,pre-market,6500000,2279400000,0.0999,0.25,0.041,106.48,357900000,1672700000,95000000,14200000,410.73,442.18,3.6072,4903000000,1574200000,844900000,2942500000,3328800000,2097600000,2104900000,1947100000,28.49,None,482.66,296.56
2025-12-28,HUBB,15.97,5686200000.0,28.49,None,1.004,69.27,,96200000,300000000,300000000,,,,,,,,,600000,54600000,None,1509900000,1509900000,414700000,None,35900000,787100000,None,None,50400000,,5.28,0.0116,,,,0.141,0.18,226800000,277200000,4.99,2019-09-30,23.31,1781400000,1999300000.0,595000000,215700000,50600000,765000000,765000000,None,19300000,None,662000000,None,None,1714100000,None,50000000,165100000,None,None,None,0.226,,368200000,226800000,49500000,349200000,None,578400000,None,,,,,2.365,6.57,4.252,,,,,,,,0.151,,497600000,2025-10-28,quarterly,5.17,USD,pre-market,6500000,2227500000,0.0999,0.25,0.041,106.48,357900000,1846200000,64600000,11300000,410.73,442.18,3.6072,5074300000,1809900000,866200000,3158700000,3264400000,2292500000,2104900000,1903100000,28.49,None,482.66,296.56
2025-12-28,HUBB,15.97,5686200000.0,28.49,None,1.004,69.27,,102400000,209900000,209900000,,,,,,,,,600000,54600000,None,1509900000,1509900000,428700000,None,54200000,785500000,None,None,50400000,,5.28,0.0116,,,,0.141,0.18,226800000,277200000,4.99,2019-06-30,23.31,1784900000,1999300000.0,595000000,215700000,50600000,783800000,783800000,None,19300000,None,661900000,None,None,1722800000,None,56900000,165100000,None,None,None,0.226,,368200000,226800000,61200000,323500000,None,584100000,None,,,,,2.365,6.57,4.252,,,,,,,,0.151,,509300000,2025-10-28,quarterly,5.17,USD,pre-market,6500000,2143800000,0.0999,0.25,0.041,106.48,357900000,1879400000,84100000,10500000,410.73,442.18,3.6072,5036000000,1729000000,874100000,3181000000,3307000000,2306900000,2104900000,1835900000,28.49,None,482.66,296.56
2025-12-28,HUBB,15.97,5686200000.0,28.49,None,1.004,69.27,,None,205300000,205300000,,,,,,,,,600000,54600000,None,1509900000,1509900000,403700000,None,77300000,716200000,None,None,50400000,,5.28,0.0116,,,,0.141,0.18,226800000,277200000,4.99,2019-03-31,23.31,1786800000,1999300000.0,595000000,215700000,50600000,802100000,802100000,None,19300000,None,663000000,None,None,1731500000,None,57500000,165100000,None,None,None,0.226,,368200000,226800000,56600000,329200000,None,569800000,None,,,,,2.365,6.57,4.252,,,,,,,,0.151,,504500000,2025-10-28,quarterly,5.17,USD,pre-market,6500000,2114700000,0.0999,0.25,0.041,106.48,357900000,1808800000,77300000,9500000,410.73,442.18,3.6072,4976100000,1650600000,847900000,3149200000,3325500000,2301300000,2104900000,1808100000,28.49,None,482.66,296.56
2025-12-28,HUBB,15.97,5686200000.0,28.49,None,1.004,69.27,,None,189000000,189000000,,,,,,,,,600000,54700000,None,1509900000,1509900000,393700000,None,25000000,751600000,None,None,50400000,,5.28,0.0116,,,,0.141,0.18,226800000,277200000,4.99,2018-12-31,23.31,1784400000,1999300000.0,595000000,215700000,50600000,819500000,819500000,None,19300000,None,651000000,None,None,1737100000,None,56300000,165100000,None,None,None,0.226,,368200000,226800000,69100000,358400000,None,496800000,None,,,,,2.365,6.57,4.252,,,,,,,,0.151,,502100000,2025-10-28,quarterly,5.17,USD,pre-market,6500000,2064400000,0.0999,0.25,0.041,106.48,357900000,1793200000,56100000,9200000,410.73,442.18,3.6072,4872100000,1643700000,839300000,3073200000,3228400000,2233900000,2104900000,1780600000,28.49,None,482.66,296.56
2025-12-28,HUBB,15.97,5686200000.0,28.49,None,1.004,69.27,,None,228800000,228800000,,,,,,,,,600000,54900000,None,1509900000,1509900000,420700000,None,25000000,788200000,None,None,50400000,,5.28,0.0116,,,,0.141,0.18,226800000,277200000,4.99,2018-09-30,23.31,1766400000,1999300000.0,595000000,215700000,50600000,847300000,847300000,None,19300000,None,672500000,None,None,1792500000,None,61200000,165100000,None,None,None,0.226,,368200000,226800000,59400000,346000000,None,495200000,None,,,,,2.365,6.57,4.252,,,,,,,,0.151,,499500000,2025-10-28,quarterly,5.17,USD,pre-market,6500000,2034100000,0.0999,0.25,0.041,106.48,357900000,1922800000,130300000,11200000,410.73,442.18,3.6072,4997500000,1760100000,938000000,3225700000,3237400000,2287700000,2104900000,1754800000,28.49,0,482.66,296.56
2025-12-28,HUBB,15.97,5686200000.0,28.49,None,1.004,69.27,,None,195100000,195100000,,,,,,,,,500000,54900000,None,1509900000,1509900000,420800000,None,25000000,779700000,None,None,50400000,,5.28,0.0116,,,,0.141,0.18,226800000,277200000,4.99,2018-06-30,23.31,1759700000,1999300000.0,595000000,215700000,50600000,865600000,865600000,None,19300000,None,686700000,None,None,1897600000,None,57300000,165100000,None,None,None,0.226,,368200000,226800000,64200000,314800000,None,500300000,None,,,,,2.365,6.57,4.252,,,,,,,,0.151,,496300000,2025-10-28,quarterly,5.17,USD,pre-market,6500000,1967000000,0.0999,0.25,0.041,106.48,357900000,1988700000,91100000,10200000,410.73,442.18,3.6072,4971100000,1735900000,871400000,3269300000,3235200000,2397900000,2104900000,1684900000,28.49,0,482.66,296.56
2025-12-28,HUBB,15.97,5686200000.0,28.49,None,1.004,69.27,,None,216300000,216300000,,,,,,,,,600000,55100000,None,1509900000,1509900000,374500000,None,25000000,704000000,None,None,50400000,,5.28,0.0116,,,,0.141,0.18,226800000,277200000,4.99,2018-03-31,23.31,1760100000,1999300000.0,595000000,215700000,50600000,889500000,889500000,None,19300000,None,714300000,None,None,1903200000,None,56500000,165100000,None,None,None,0.226,,368200000,226800000,70700000,299200000,None,495200000,None,,,,,2.365,6.57,4.252,,,,,,,,0.151,,494900000,2025-10-28,quarterly,5.17,USD,pre-market,6500000,1908900000,0.0999,0.25,0.041,106.48,357900000,2080700000,177500000,15500000,410.73,442.18,3.6072,4975400000,1720800000,898500000,3296900000,3254600000,2398400000,2104900000,1662000000,28.49,0,482.66,296.56
2025-12-28,HUBB,15.97,5686200000.0,28.49,None,1.004,69.27,,None,375000000,375000000,,,,,,,,,600000,55000000,None,1509900000,1509900000,326500000,None,1055200000,559400000,None,None,50400000,,5.28,0.0116,,,,0.141,0.18,226800000,277200000,4.99,2017-12-31,23.31,1089000000,1999300000.0,595000000,215700000,50600000,460400000,460400000,None,19300000,None,634700000,None,None,987100000,None,57700000,165100000,None,None,None,0.226,,368200000,226800000,39600000,273800000,None,379500000,None,,,,,2.365,6.57,4.252,,,,,,,,0.151,,458300000,2025-10-28,quarterly,5.17,USD,pre-market,6500000,1892400000,0.0999,0.25,0.041,106.48,357900000,1055200000,68100000,14500000,410.73,442.18,3.6072,3720600000,1604100000,706100000,2072700000,2116500000,1366600000,2104900000,1634200000,28.49,0,482.66,296.56
2025-12-28,HUBB,15.97,5686200000.0,28.49,None,1.004,69.27,,None,386400000,386400000,,,,,,,,,500000,54900000,None,1509900000,1509900000,349400000,None,1080500000,615100000,None,None,50400000,,5.28,0.0116,,,,0.141,0.18,226800000,277200000,4.99,2017-09-30,23.31,1063500000,1999300000.0,595000000,215700000,50600000,437100000,437100000,None,19300000,None,623600000,None,None,986700000,None,56500000,165100000,None,None,None,0.226,,368200000,226800000,46300000,271700000,None,348200000,None,,,,,2.365,6.57,4.252,,,,,,,,0.151,,449100000,2025-10-28,quarterly,5.17,USD,pre-market,6500000,1914300000,0.0999,0.25,0.041,106.48,357900000,1080500000,93800000,13600000,410.73,442.18,3.6072,3743200000,1685000000,740600000,2075500000,2058200000,1334900000,2104900000,1656000000,28.49,0,482.66,296.56
2025-12-28,HUBB,15.97,5686200000.0,28.49,None,1.004,69.27,,None,367700000,367700000,,,,,,,,,500000,55100000,None,1509900000,1509900000,353000000,None,1095200000,600800000,None,None,50400000,,5.28,0.0116,,,,0.141,0.18,226800000,277200000,4.99,2017-06-30,23.31,1058700000,1999300000.0,595000000,215700000,50600000,446800000,446800000,None,19300000,None,585300000,None,None,691800000,None,57100000,165100000,None,None,None,0.226,,368200000,226800000,42000000,247800000,None,346400000,None,,,,,2.365,6.57,4.252,,,,,,,,0.151,,441600000,2025-10-28,quarterly,5.17,USD,pre-market,6500000,1871800000,0.0999,0.25,0.041,106.48,357900000,1095200000,403400000,13800000,410.73,442.18,3.6072,3666700000,1609600000,1025300000,2063500000,2057100000,1038200000,2104900000,1592300000,28.49,0,482.66,296.56
2025-12-28,HUBB,15.97,5686200000.0,28.49,None,1.004,69.27,,None,381000000,381000000,,,,,,,,,500000,55600000,None,1509900000,1509900000,300100000,None,996000000,545000000,None,None,50400000,,5.28,0.0116,,,,0.141,0.18,226800000,277200000,4.99,2017-03-31,23.31,1000500000,1999300000.0,595000000,215700000,50600000,427300000,427300000,None,19300000,None,547800000,None,None,990900000,None,59200000,165100000,None,None,None,0.226,,368200000,226800000,34000000,236200000,None,338900000,None,,,,,2.365,6.57,4.252,,,,,,,,0.151,,437800000,2025-10-28,quarterly,5.17,USD,pre-market,6500000,1867200000,0.0999,0.25,0.041,106.48,357900000,996000000,5100000,9800000,410.73,442.18,3.6072,3494600000,1517600000,576000000,1905800000,1977000000,1329800000,2104900000,1578700000,28.49,0,482.66,296.56
2025-12-28,HUBB,15.97,5686200000.0,28.49,None,1.004,69.27,,None,437600000,437600000,,,,,,,,,600000,55600000,None,1509900000,1509900000,291600000,None,993700000,545100000,None,None,50400000,,5.28,0.0116,,,,0.141,0.18,226800000,277200000,4.99,2016-12-31,23.31,991000000,1999300000.0,595000000,215700000,50600000,431500000,431500000,None,19300000,None,532400000,None,None,990500000,None,56400000,165100000,None,None,None,0.226,,368200000,226800000,40100000,274600000,None,341700000,None,,,,,2.365,6.57,4.252,,,,,,,,0.151,,439800000,2025-10-28,quarterly,5.17,USD,pre-market,6500000,1879300000,0.0999,0.25,0.041,106.48,357900000,993700000,3200000,11200000,410.73,442.18,3.6072,3525000000,1551300000,589600000,1921800000,1973700000,1332200000,2104900000,1592800000,28.49,0,482.66,296.56
2025-12-28,HUBB,15.97,5686200000.0,28.49,None,1.004,69.27,,None,364500000,364500000,,,,,,,,,600000,55500000,None,1509900000,1509900000,291500000,None,5800000,565900000,None,None,50400000,,5.28,0.0116,,,,0.141,0.18,226800000,277200000,4.99,2016-09-30,23.31,992000000,1999300000.0,595000000,215700000,50600000,440700000,440700000,None,19300000,None,545700000,None,None,990100000,None,52400000,165100000,None,None,None,0.226,,368200000,226800000,31900000,260500000,None,288900000,None,,,,,2.365,6.57,4.252,,,,,,,,0.151,,436300000,2025-10-28,quarterly,5.17,USD,pre-market,6500000,1853700000,0.0999,0.25,0.041,106.48,357900000,995900000,5800000,13700000,410.73,442.18,3.6072,3491100000,1521700000,577500000,1856500000,1969400000,1279000000,2104900000,1625500000,28.49,0,482.66,296.56
2025-12-28,HUBB,15.97,5686200000.0,28.49,None,1.004,69.27,,None,338500000,338500000,,,,,,,,,600000,55600000,None,1509900000,1509900000,279400000,None,58300000,516800000,None,None,50400000,,5.28,0.0116,,,,0.141,0.18,226800000,277200000,4.99,2016-06-30,23.31,989200000,1999300000.0,595000000,215700000,50600000,442300000,442300000,None,19300000,None,546800000,None,None,989700000,None,55600000,165100000,None,None,None,0.226,,368200000,226800000,40000000,222400000,None,270600000,None,,,,,2.365,6.57,4.252,,,,,,,,0.151,,431300000,2025-10-28,quarterly,5.17,USD,pre-market,6500000,1802000000,0.0999,0.25,0.041,106.48,357900000,1048000000,58300000,9900000,410.73,442.18,3.6072,3417700000,1452000000,578000000,1838300000,1965700000,1260300000,2104900000,1570200000,28.49,0,482.66,296.56
2025-12-28,HUBB,15.97,5686200000.0,28.49,None,1.004,69.27,,None,320800000,320800000,,,,,,,,,600000,56500000,None,1509900000,1509900000,292300000,None,None,503700000,None,None,50400000,,5.28,0.0116,,,,0.141,0.18,226800000,277200000,4.99,2016-03-31,23.31,992400000,1999300000.0,595000000,215700000,50600000,450800000,450800000,None,19300000,None,559500000,None,None,989500000,None,54400000,165100000,None,None,None,0.226,,368200000,226800000,29500000,237800000,None,270200000,None,,,,,2.365,6.57,4.252,,,,,,,,0.151,,430800000,2025-10-28,quarterly,5.17,USD,pre-market,6500000,1789800000,0.0999,0.25,0.041,106.48,357900000,1009200000,19700000,11900000,410.73,442.18,3.6072,3400900000,1425400000,565500000,1825200000,1975500000,1259700000,2104900000,1566900000,28.49,0,482.66,296.56
2025-12-28,HUBB,15.97,5686200000.0,28.49,None,1.004,69.27,,None,343500000,343500000,,,,,,,,,600000,58000000,None,1509900000,1509900000,289500000,None,644100000,487900000,None,None,50400000,,5.28,0.0116,,,,0.141,0.18,226800000,277200000,4.99,2015-12-31,23.31,928500000,1999300000.0,595000000,215700000,50600000,372200000,372200000,None,19300000,None,540000000,None,None,595900000,None,49500000,165100000,None,None,None,0.226,,368200000,226800000,25500000,248300000,None,260700000,None,,,,,2.365,6.57,4.252,,,,,,,,0.151,,419700000,2025-10-28,quarterly,5.17,USD,pre-market,6500000,1886100000,0.0999,0.25,0.041,106.48,357900000,644100000,48200000,12200000,410.73,442.18,3.6072,3208700000,1387800000,603100000,1459700000,1820900000,856600000,2104900000,1740600000,28.49,0,482.66,296.56
2025-12-28,HUBB,15.97,5686200000.0,28.49,None,1.004,69.27,,None,433800000,433800000,,,,,,,,,600000,57900000,None,1509900000,1509900000,270100000,None,None,530900000,None,None,50400000,,5.28,0.0116,,,,0.141,0.18,226800000,277200000,4.99,2015-09-30,23.31,928500000,1999300000.0,595000000,215700000,50600000,379600000,379600000,None,19300000,None,527000000,None,None,597900000,None,47400000,165100000,None,None,None,0.226,,368200000,226800000,64500000,252100000,None,277500000,None,,,,,2.365,6.57,4.252,,,,,,,,0.151,,411000000,2025-10-28,quarterly,5.17,USD,pre-market,6500000,2062500000,0.0999,0.25,0.041,106.48,357900000,598300000,400000,9900000,410.73,442.18,3.6072,3382500000,1566100000,553500000,1428900000,1816400000,875400000,2104900000,1943900000,28.49,0,482.66,296.56
2025-12-28,HUBB,15.97,5686200000.0,28.49,None,1.004,69.27,,None,444300000,444300000,,,,,,,,,600000,58000000,None,1509900000,1509900000,279800000,None,None,512500000,None,None,50400000,,5.28,0.0116,,,,0.141,0.18,226800000,277200000,4.99,2015-06-30,23.31,920200000,1999300000.0,595000000,215700000,50600000,368100000,368100000,None,19300000,None,511900000,None,None,597800000,None,43100000,165100000,None,None,None,0.226,,368200000,226800000,57700000,215000000,None,279500000,None,,,,,2.365,6.57,4.252,,,,,,,,0.151,,409000000,2025-10-28,quarterly,5.17,USD,pre-market,6500000,2021600000,0.0999,0.25,0.041,106.48,357900000,598000000,200000,10400000,410.73,442.18,3.6072,3330100000,1536800000,516300000,1393600000,1793300000,877300000,2104900000,1927400000,28.49,0,482.66,296.56
2025-12-28,HUBB,15.97,5686200000.0,28.49,None,1.004,69.27,,None,413300000,413300000,,,,,,,,,600000,58300000,None,1509900000,1509900000,259600000,None,None,501700000,None,None,50400000,,5.28,0.0116,,,,0.141,0.18,226800000,277200000,4.99,2015-03-31,23.31,916500000,1999300000.0,595000000,215700000,50600000,370700000,370700000,None,19300000,None,485500000,None,None,597700000,None,45500000,165100000,None,None,None,0.226,,368200000,226800000,60400000,214200000,None,272700000,None,,,,,2.365,6.57,4.252,,,,,,,,0.151,,402400000,2025-10-28,quarterly,5.17,USD,pre-market,6500000,1973900000,0.0999,0.25,0.041,106.48,357900000,621800000,24100000,9600000,410.73,442.18,3.6072,3255700000,1470500000,514100000,1384500000,1785200000,870400000,2104900000,1862200000,28.49,0,482.66,296.56
2025-12-28,HUBB,15.97,5686200000.0,28.49,None,1.004,69.27,,None,653900000,653900000,,,,,,,,,600000,58800000,None,1509900000,1509900000,244000000,None,596300000,485700000,None,None,50400000,,5.28,0.0116,,,,0.141,0.18,226800000,277200000,4.99,2014-12-31,23.31,874700000,1999300000.0,595000000,215700000,50600000,322800000,322800000,None,19300000,None,441800000,None,None,597600000,None,44100000,165100000,None,None,None,0.226,,368200000,226800000,56100000,229800000,None,290300000,None,,,,,2.365,6.57,4.252,,,,,,,,0.151,,401200000,2025-10-28,quarterly,5.17,USD,pre-market,6500000,1944100000,0.0999,0.25,0.041,106.48,357900000,596300000,1400000,7800000,410.73,442.18,3.6072,3322800000,1629400000,499200000,1387100000,1693400000,887900000,2104900000,1927100000,28.49,0,482.66,296.56
2025-12-28,HUBB,15.97,5686200000.0,28.49,None,1.004,69.27,,None,653800000,653800000,,,,,,,,,600000,59400000,None,1509900000,1509900000,269600000,None,None,542800000,None,None,50400000,,5.28,0.0116,,,,0.141,0.18,226800000,277200000,4.99,2014-09-30,23.31,879300000,1999300000.0,595000000,215700000,50600000,326800000,326800000,None,19300000,None,445900000,None,None,597500000,None,36600000,165100000,None,None,None,0.226,,368200000,226800000,52700000,224900000,None,253500000,None,,,,,2.365,6.57,4.252,,,,,,,,0.151,,400500000,2025-10-28,quarterly,5.17,USD,pre-market,6500000,2088000000,0.0999,0.25,0.041,106.48,357900000,598500000,1000000,8100000,410.73,442.18,3.6072,3411400000,1703300000,525400000,1376400000,1708100000,851000000,2104900000,2025700000,28.49,0,482.66,296.56
2025-12-28,HUBB,15.97,5686200000.0,28.49,None,1.004,69.27,,None,597400000,597400000,,,,,,,,,600000,59400000,None,1509900000,1509900000,254400000,None,None,506000000,None,None,50400000,,5.28,0.0116,,,,0.141,0.18,226800000,277200000,4.99,2014-06-30,23.31,873200000,1999300000.0,595000000,215700000,50600000,331200000,331200000,None,19300000,None,429800000,None,None,597400000,None,39800000,165100000,None,None,None,0.226,,368200000,226800000,61800000,186400000,None,241500000,None,,,,,2.365,6.57,4.252,,,,,,,,0.151,,400100000,2025-10-28,quarterly,5.17,USD,pre-market,6500000,2027800000,0.0999,0.25,0.041,106.48,357900000,598500000,1100000,8400000,410.73,442.18,3.6072,3309600000,1603400000,464500000,1303400000,1706200000,838900000,2104900000,1997400000,28.49,0,482.66,296.56
2025-12-28,HUBB,15.97,5686200000.0,28.49,None,1.004,69.27,,None,647300000,647300000,,,,,,,,,600000,59500000,None,1509900000,1509900000,252500000,None,None,468300000,None,None,50400000,,5.28,0.0116,,,,0.141,0.18,226800000,277200000,4.99,2014-03-31,23.31,850400000,1999300000.0,595000000,215700000,50600000,312600000,312600000,None,19300000,None,418100000,None,None,597300000,None,38300000,165100000,None,None,None,0.226,,368200000,226800000,58800000,180100000,None,230300000,None,,,,,2.365,6.57,4.252,,,,,,,,0.151,,385800000,2025-10-28,quarterly,5.17,USD,pre-market,6500000,1967200000,0.0999,0.25,0.041,106.48,357900000,598200000,900000,7800000,410.73,442.18,3.6072,3243600000,1600300000,471600000,1299200000,1643300000,827600000,2104900000,1935300000,28.49,0,482.66,296.56
2025-12-28,HUBB,15.97,5686200000.0,28.49,None,1.004,69.27,,None,740700000,740700000,,,,,,,,,600000,59500000,None,1509900000,1509900000,225900000,None,None,454400000,None,None,50400000,,5.28,0.0116,,,,0.141,0.18,226800000,277200000,4.99,2013-12-31,23.31,800400000,1999300000.0,595000000,215700000,50600000,286600000,286600000,None,19300000,None,385700000,None,None,597200000,None,35800000,165100000,None,None,None,0.226,,368200000,226800000,55000000,213200000,None,208200000,None,,,,,2.365,6.57,4.252,,,,,,,,0.151,,377100000,2025-10-28,quarterly,5.17,USD,pre-market,6500000,1932600000,0.0999,0.25,0.041,106.48,357900000,597500000,300000,10100000,410.73,442.18,3.6072,3187200000,1632400000,467000000,1272400000,1554800000,805400000,2104900000,1906400000,28.49,0,482.66,296.56
2025-12-28,HUBB,15.97,5686200000.0,28.49,None,1.004,69.27,,None,630400000,630400000,,,,,,,,,600000,59500000,None,1509900000,1509900000,235200000,None,None,499500000,None,None,50400000,,5.28,0.0116,,,,0.141,0.18,226800000,277200000,4.99,2013-09-30,23.31,805200000,1999300000.0,595000000,215700000,50600000,292800000,292800000,None,19300000,None,401900000,None,None,597100000,None,35700000,165100000,None,None,None,0.226,,368200000,226800000,54000000,211200000,None,255600000,None,,,,,2.365,6.57,4.252,,,,,,,,0.151,,370300000,2025-10-28,quarterly,5.17,USD,pre-market,6500000,1880100000,0.0999,0.25,0.041,106.48,357900000,597200000,100000,10500000,410.73,442.18,3.6072,3141200000,1596300000,484600000,1337300000,1544900000,852700000,2104900000,1795800000,28.49,0,482.66,296.56
2025-12-28,HUBB,15.97,5686200000.0,28.49,None,1.004,69.27,,None,586600000,586600000,,,,,,,,,600000,59600000,None,1509900000,1509900000,245400000,None,None,468800000,None,None,50400000,,5.28,0.0116,,,,0.141,0.18,226800000,277200000,4.99,2013-06-30,23.31,794500000,1999300000.0,595000000,215700000,50600000,293000000,293000000,None,19300000,None,384700000,None,None,596900000,None,39500000,165100000,None,None,None,0.226,,368200000,226800000,57700000,181000000,None,248200000,None,,,,,2.365,6.57,4.252,,,,,,,,0.151,,370000000,2025-10-28,quarterly,5.17,USD,pre-market,6500000,1810300000,0.0999,0.25,0.041,106.48,357900000,601600000,4700000,7000000,410.73,442.18,3.6072,3041000000,1504800000,452400000,1297500000,1536200000,845100000,2104900000,1735700000,28.49,0,482.66,296.56
2025-12-28,HUBB,15.97,5686200000.0,28.49,None,1.004,69.27,,None,606200000,606200000,,,,,,,,,600000,59600000,None,1509900000,1509900000,235600000,None,None,443600000,None,None,50400000,,5.28,0.0116,,,,0.141,0.18,226800000,277200000,4.99,2013-03-31,23.31,772400000,1999300000.0,595000000,215700000,50600000,294000000,294000000,None,19300000,None,350600000,None,None,596800000,None,41400000,165100000,None,None,None,0.226,,368200000,226800000,60000000,174400000,None,242300000,None,,,,,2.365,6.57,4.252,,,,,,,,0.151,,364500000,2025-10-28,quarterly,5.17,USD,pre-market,6500000,1754900000,0.0999,0.25,0.041,106.48,357900000,614200000,17400000,10100000,410.73,442.18,3.6072,2987700000,1470500000,444600000,1283700000,1517200000,839100000,2104900000,1696800000,28.49,0,482.66,296.56
2025-12-28,HUBB,15.97,5686200000.0,28.49,None,1.004,69.27,,None,645000000,645000000,,,,,,,,,600000,59600000,None,1509900000,1509900000,213100000,None,None,405200000,None,None,50400000,,5.28,0.0116,,,,0.141,0.18,226800000,277200000,4.99,2012-12-31,23.31,755500000,1999300000.0,595000000,215700000,50600000,288100000,288100000,None,19300000,None,341700000,None,None,596700000,None,36700000,165100000,None,None,None,0.226,,368200000,226800000,55500000,215000000,None,235000000,None,,,,,2.365,6.57,4.252,,,,,,,,0.151,,364700000,2025-10-28,quarterly,5.17,USD,pre-market,6500000,1715700000,0.0999,0.25,0.041,106.48,357900000,599600000,2900000,8800000,410.73,442.18,3.6072,2947000000,1456200000,447400000,1279100000,1490800000,831700000,2104900000,1661200000,28.49,0,482.66,296.56
2025-12-28,HUBB,15.97,5686200000.0,28.49,None,1.004,69.27,,None,605600000,605600000,,,,,,,,,600000,59700000,None,1509900000,1509900000,220000000,None,None,468600000,None,None,50400000,,5.28,0.0116,,,,0.141,0.18,226800000,277200000,4.99,2012-09-30,23.31,742400000,1999300000.0,595000000,215700000,50600000,280600000,280600000,None,19300000,None,356300000,None,None,596600000,None,38000000,165100000,None,None,None,0.226,,368200000,226800000,53100000,231700000,None,264100000,None,,,,,2.365,6.57,4.252,,,,,,,,0.151,,356900000,2025-10-28,quarterly,5.17,USD,pre-market,6500000,1670600000,0.0999,0.25,0.041,106.48,357900000,596800000,200000,9000000,410.73,442.18,3.6072,2972300000,1492600000,493000000,1353700000,1479700000,860700000,2104900000,1612500000,28.49,0,482.66,296.56
2025-12-28,HUBB,15.97,5686200000.0,28.49,None,1.004,69.27,,None,544600000,544600000,,,,,,,,,600000,59700000,None,1509900000,1509900000,235000000,None,None,437600000,None,None,50400000,,5.28,0.0116,,,,0.141,0.18,226800000,277200000,4.99,2012-06-30,23.31,746700000,1999300000.0,595000000,215700000,50600000,283600000,283600000,None,19300000,None,355300000,None,None,596500000,None,None,165100000,None,None,None,0.226,,368200000,226800000,53200000,205000000,None,281100000,None,,,,,2.365,6.57,4.252,,,,,,,,0.151,,356500000,2025-10-28,quarterly,5.17,USD,pre-market,6500000,1607800000,0.0999,0.25,0.041,106.48,357900000,596700000,200000,15200000,410.73,442.18,3.6072,2909300000,1405900000,480600000,1358200000,1503400000,877600000,2104900000,1545200000,28.49,0,482.66,296.56
2025-12-28,HUBB,15.97,5686200000.0,28.49,None,1.004,69.27,,None,562400000,562400000,,,,,,,,,600000,59900000,None,1509900000,1509900000,234600000,None,None,415800000,None,None,50400000,,5.28,0.0116,,,,0.141,0.18,226800000,277200000,4.99,2012-03-31,23.31,734700000,1999300000.0,595000000,215700000,50600000,271400000,271400000,None,19300000,None,337400000,None,None,596400000,None,None,165100000,None,None,None,0.226,,368200000,226800000,55400000,202500000,None,285700000,None,,,,,2.365,6.57,4.252,,,,,,,,0.151,,361600000,2025-10-28,quarterly,5.17,USD,pre-market,6500000,1554600000,0.0999,0.25,0.041,106.48,357900000,596700000,300000,13900000,410.73,442.18,3.6072,2877900000,1384900000,488700000,1370800000,1493000000,882100000,2104900000,1501400000,28.49,0,482.66,296.56
2025-12-28,HUBB,15.97,5686200000.0,28.49,None,1.004,69.27,,None,569600000,569600000,,,,,,,,,600000,59500000,None,1509900000,1509900000,215700000,None,None,406700000,None,None,50400000,,5.28,0.0116,,,,0.141,0.18,226800000,277200000,4.99,2011-12-31,23.31,727300000,1999300000.0,595000000,215700000,50600000,269500000,269500000,None,19300000,None,318300000,None,None,596300000,None,None,165100000,None,None,None,0.226,,368200000,226800000,58500000,232100000,None,284600000,None,,,,,2.365,6.57,4.252,,,,,,,,0.151,,359600000,2025-10-28,quarterly,5.17,USD,pre-market,6500000,1515800000,0.0999,0.25,0.041,106.48,357900000,599200000,2900000,12800000,410.73,442.18,3.6072,2846500000,1353500000,492100000,1373000000,1493000000,880900000,2104900000,1467800000,28.49,0,482.66,296.56
2025-12-28,HUBB,15.97,5686200000.0,28.49,None,1.004,69.27,,None,511800000,511800000,,,,,,,,,600000,59900000,None,1509900000,1509900000,221000000,None,None,455300000,None,None,50400000,,5.28,0.0116,,,,0.141,0.18,226800000,277200000,4.99,2011-09-30,23.31,722700000,1999300000.0,595000000,215700000,50600000,259900000,259900000,None,19300000,None,331200000,None,None,596200000,None,None,165100000,None,None,None,0.226,,368200000,226800000,59500000,228500000,None,201600000,None,,,,,2.365,6.57,4.252,,,,,,,,0.151,,357300000,2025-10-28,quarterly,5.17,USD,pre-market,6500000,1468300000,0.0999,0.25,0.041,106.48,357900000,598500000,2300000,6700000,410.73,442.18,3.6072,2810100000,1364500000,529800000,1327600000,1445600000,797800000,2104900000,1477100000,28.49,0,482.66,296.56
2025-12-28,HUBB,15.97,5686200000.0,28.49,None,1.004,69.27,,None,510400000,510400000,,,,,,,,,600000,60800000,None,1509900000,1509900000,225700000,None,None,408100000,None,None,50400000,,5.28,0.0116,,,,0.141,0.18,226800000,277200000,4.99,2011-06-30,23.31,727600000,1999300000.0,595000000,215700000,50600000,266500000,266500000,None,19300000,None,324200000,None,None,596100000,None,None,165100000,None,None,None,0.226,,368200000,226800000,58400000,255900000,None,201200000,None,,,,,2.365,6.57,4.252,,,,,,,,0.151,,365000000,2025-10-28,quarterly,5.17,USD,pre-market,6500000,1408300000,0.0999,0.25,0.041,106.48,357900000,598300000,2200000,6800000,410.73,442.18,3.6072,2775400000,1307900000,483800000,1281100000,1467500000,797300000,2104900000,1489800000,28.49,0,482.66,296.56
2025-12-28,HUBB,15.97,5686200000.0,28.49,None,1.004,69.27,,None,496900000,496900000,,,,,,,,,600000,61200000,None,1509900000,1509900000,219500000,None,None,397500000,None,None,50400000,,5.28,0.0116,,,,0.141,0.18,226800000,277200000,4.99,2011-03-31,23.31,726600000,1999300000.0,595000000,215700000,50600000,351100000,351100000,None,19300000,None,303700000,None,None,596000000,None,None,165100000,None,None,None,0.226,,368200000,226800000,61300000,264300000,None,197900000,None,,,,,2.365,6.57,4.252,,,,,,,,0.151,,365600000,2025-10-28,quarterly,5.17,USD,pre-market,6500000,1365900000,0.0999,0.25,0.041,106.48,357900000,597800000,1800000,7800000,410.73,442.18,3.6072,2742100000,1267200000,485600000,1279500000,1474900000,793900000,2104900000,1458200000,28.49,0,482.66,296.56
2025-12-28,HUBB,15.97,5686200000.0,28.49,None,1.004,69.27,,None,520700000,520700000,,,,,,,,,600000,60400000,None,1509900000,1509900000,160800000,None,None,341800000,None,None,50400000,,5.28,0.0116,,,,0.141,0.18,226800000,277200000,4.99,2010-12-31,23.31,724000000,1999300000.0,595000000,215700000,50600000,367200000,367200000,None,19300000,None,298400000,None,None,595900000,None,None,165100000,None,None,None,0.226,,368200000,226800000,56400000,247500000,None,201400000,None,,,,,2.365,6.57,4.252,,,,,,,,0.151,,358300000,2025-10-28,quarterly,5.17,USD,pre-market,6500000,1338600000,0.0999,0.25,0.041,106.48,357900000,597700000,1800000,8800000,410.73,442.18,3.6072,2705800000,1226100000,445000000,1242300000,1479700000,797300000,2104900000,1459200000,28.49,0,482.66,296.56
2025-12-28,HUBB,15.97,5686200000.0,28.49,None,1.004,69.27,,None,342800000,342800000,,,,,,,,,600000,60200000,None,1509900000,1509900000,172900000,None,None,409400000,None,None,50400000,,5.28,0.0116,,,,0.141,0.18,226800000,277200000,4.99,2010-09-30,23.31,746600000,1999300000.0,595000000,215700000,50600000,276400000,276400000,None,19300000,None,294000000,None,None,502100000,None,None,165100000,None,None,None,0.226,,368200000,226800000,67500000,302200000,None,196800000,None,,,,,2.365,6.57,4.252,,,,,,,,0.151,,357700000,2025-10-28,quarterly,5.17,USD,pre-market,6500000,1310700000,0.0999,0.25,0.041,106.48,357900000,504400000,2300000,11400000,410.73,442.18,3.6072,2609200000,1125100000,477400000,1176300000,1484100000,698900000,2104900000,1428900000,28.49,0,482.66,296.56
2025-12-28,HUBB,15.97,5686200000.0,28.49,None,1.004,69.27,,None,287800000,287800000,,,,,,,,,600000,60200000,None,1509900000,1509900000,168800000,None,None,371700000,None,None,50400000,,5.28,0.0116,,,,0.141,0.18,226800000,277200000,4.99,2010-06-30,23.31,740600000,1999300000.0,595000000,215700000,50600000,279000000,279000000,None,19300000,None,276500000,None,None,500600000,None,None,165100000,None,None,None,0.226,,368200000,226800000,86100000,273600000,None,248100000,None,,,,,2.365,6.57,4.252,,,,,,,,0.151,,361500000,2025-10-28,quarterly,5.17,USD,pre-market,6500000,1261000000,0.0999,0.25,0.041,106.48,357900000,504000000,3400000,2400000,410.73,442.18,3.6072,2559100000,1024500000,445800000,1194500000,1534600000,748700000,2104900000,1360600000,28.49,0,482.66,296.56
2025-12-28,HUBB,15.97,5686200000.0,28.49,None,1.004,69.27,,None,264700000,264700000,,,,,,,,,600000,60312500,None,1509900000,1509900000,149900000,None,None,348400000,None,None,50400000,,5.28,0.0116,,,,0.141,0.18,226800000,277200000,4.99,2010-03-31,23.31,741200000,1999300000.0,595000000,215700000,50600000,401100000,401100000,None,19300000,None,270400000,None,None,499800000,None,None,165100000,None,None,None,0.226,,368200000,226800000,88400000,278900000,None,None,None,,,,,2.365,6.57,4.252,,,,,,,,0.151,,366000000,2025-10-28,quarterly,5.17,USD,pre-market,6500000,1224900000,0.0999,0.25,0.041,106.48,357900000,503200000,3400000,None,410.73,442.18,3.6072,2509400000,971900000,432200000,1179600000,1537500000,747400000,2104900000,1325900000,28.49,None,482.66,296.56
2025-12-28,HUBB,15.97,5686200000.0,28.49,None,1.004,69.27,,None,258500000,258500000,,,,,,,,,600000,60312500,None,1509900000,1509900000,130800000,None,None,310100000,None,None,50400000,,5.28,0.0116,,,,0.141,0.18,226800000,277200000,4.99,2009-12-31,23.31,743700000,1999300000.0,595000000,215700000,50600000,406000000,406000000,None,19300000,None,263500000,None,None,497200000,None,None,165100000,None,None,None,0.226,,368200000,226800000,76600000,287700000,None,None,None,,,,,2.365,6.57,4.252,,,,,,,,0.151,,368800000,2025-10-28,quarterly,5.17,USD,pre-market,6500000,1208000000,0.0999,0.25,0.041,106.48,357900000,497200000,None,None,410.73,442.18,3.6072,2464500000,917900000,418500000,1162500000,1546600000,744000000,2104900000,1298200000,28.49,None,482.66,296.56
2025-12-28,HUBB,15.97,5686200000.0,28.49,None,1.004,69.27,,None,412400000,412400000,,,,,,,,,600000,56700000,None,1509900000,1509900000,133800000,None,None,332200000,None,None,50400000,,5.28,0.0116,,,,0.141,0.18,226800000,277200000,4.99,2009-09-30,23.31,604200000,1999300000.0,595000000,215700000,50600000,218800000,218800000,None,19300000,None,247900000,None,None,497500000,None,None,165100000,None,None,None,0.226,,368200000,226800000,44600000,270400000,None,None,None,,,,,2.365,6.57,4.252,,,,,,,,0.151,,329100000,2025-10-28,quarterly,5.17,USD,pre-market,6500000,1179200000,0.0999,0.25,0.041,106.48,357900000,497500000,None,None,410.73,442.18,3.6072,2219700000,1037100000,404200000,1093800000,1182600000,689600000,2104900000,1122500000,28.49,None,482.66,296.56
2025-12-28,HUBB,15.97,5686200000.0,28.49,None,1.004,69.27,,None,282100000,282100000,,,,,,,,,600000,56600000,None,1509900000,1509900000,129000000,None,None,326800000,None,None,50400000,,5.28,0.0116,,,,0.141,0.18,226800000,277200000,4.99,2009-06-30,23.31,599100000,1999300000.0,595000000,215700000,50600000,217200000,217200000,None,19300000,None,279600000,None,None,494700000,None,None,165100000,None,None,None,0.226,,368200000,226800000,50700000,243600000,None,None,None,,,,,2.365,6.57,4.252,,,,,,,,0.151,,341200000,2025-10-28,quarterly,5.17,USD,pre-market,6500000,1141700000,0.0999,0.25,0.041,106.48,357900000,494700000,None,None,410.73,442.18,3.6072,2134300000,939200000,372600000,1057200000,1195100000,684600000,2104900000,1073600000,28.49,None,482.66,296.56
2025-12-28,HUBB,15.97,5686200000.0,28.49,None,1.004,69.27,,None,192000000,192000000,,,,,,,,,600000,56300000,None,1509900000,1509900000,141200000,None,None,334400000,None,None,50400000,,5.28,0.0116,,,,0.141,0.18,226800000,277200000,4.99,2009-03-31,23.31,584400000,1999300000.0,595000000,215700000,50600000,158500000,158500000,None,19300000,None,320100000,None,None,497500000,None,None,165100000,None,None,None,0.226,,368200000,226800000,54200000,239700000,None,None,None,,,,,2.365,6.57,4.252,,,,,,,,0.151,,344700000,2025-10-28,quarterly,5.17,USD,pre-market,6500000,1122000000,0.0999,0.25,0.041,106.48,357900000,497500000,None,None,410.73,442.18,3.6072,2089700000,900700000,380900000,1061800000,1189000000,680900000,2104900000,1024600000,28.49,None,482.66,296.56
2025-12-28,HUBB,15.97,5686200000.0,28.49,None,1.004,69.27,,None,178200000,178200000,,,,,,,,,600000,56400000,None,1509900000,1509900000,168300000,None,None,357000000,None,None,50400000,,5.28,0.0116,,,,0.141,0.18,226800000,277200000,4.99,2008-12-31,23.31,584600000,1999300000.0,595000000,215700000,50600000,227600000,227600000,None,19300000,None,335200000,None,None,497400000,None,None,165100000,None,None,None,0.226,,368200000,226800000,48700000,256700000,None,None,None,,,,,2.365,6.57,4.252,,,,,,,,0.151,,349100000,2025-10-28,quarterly,5.17,USD,pre-market,6500000,1108000000,0.0999,0.25,0.041,106.48,357900000,497400000,None,None,410.73,442.18,3.6072,2115500000,919100000,425000000,1107400000,1196400000,682400000,2104900000,1008100000,28.49,None,482.66,296.56
2025-12-28,HUBB,15.97,5686200000.0,28.49,None,1.004,69.27,,None,194100000,194100000,,,,,,,,,600000,56500000,None,1509900000,1509900000,207000000,None,None,428700000,None,None,50400000,,5.28,0.0116,,,,0.141,0.18,226800000,277200000,4.99,2008-09-30,23.31,589000000,1999300000.0,595000000,215700000,50600000,289400000,289400000,None,19300000,None,340000000,None,None,497300000,None,None,165100000,None,None,None,0.226,,368200000,226800000,47600000,267000000,None,None,None,,,,,2.365,6.57,4.252,,,,,,,,0.151,,341500000,2025-10-28,quarterly,5.17,USD,pre-market,6500000,1081300000,0.0999,0.25,0.041,106.48,357900000,497300000,None,None,410.73,442.18,3.6072,2265000000,1010400000,474000000,1152200000,1254600000,678200000,2104900000,1112800000,28.49,None,482.66,296.56
2025-12-28,HUBB,15.97,5686200000.0,28.49,None,1.004,69.27,,None,218000000,218000000,,,,,,,,,600000,56500000,None,1509900000,1509900000,182800000,None,None,383400000,None,None,50400000,,5.28,0.0116,,,,0.141,0.18,226800000,277200000,4.99,2008-06-30,23.31,532500000,1999300000.0,595000000,215700000,50600000,269700000,269700000,None,19300000,None,331700000,None,None,497200000,None,None,165100000,None,None,None,0.226,,368200000,226800000,61500000,227600000,None,None,None,,,,,2.365,6.57,4.252,,,,,,,,0.151,,332600000,2025-10-28,quarterly,5.17,USD,pre-market,6500000,1034500000,0.0999,0.25,0.041,106.48,357900000,497200000,None,None,410.73,442.18,3.6072,2164600000,994600000,410400000,1081800000,1170000000,671400000,2104900000,1082800000,28.49,None,482.66,296.56
2025-12-28,HUBB,15.97,5686200000.0,28.49,None,1.004,69.27,,None,100300000,100300000,,,,,,,,,600000,57200000,None,1509900000,1509900000,166400000,None,None,371000000,None,None,50400000,,5.28,0.0116,,,,0.141,0.18,226800000,277200000,4.99,2008-03-31,23.31,532800000,1999300000.0,595000000,215700000,50600000,269000000,269000000,None,19300000,None,332900000,None,None,199500000,None,None,165100000,None,None,None,0.226,,368200000,226800000,62800000,224800000,None,None,None,,,,,2.365,6.57,4.252,,,,,,,,0.151,,331100000,2025-10-28,quarterly,5.17,USD,pre-market,6500000,992600000,0.0999,0.25,0.041,106.48,357900000,443000000,243500000,None,410.73,442.18,3.6072,2034400000,867000000,634700000,1004600000,1167400000,369900000,2104900000,1029800000,28.49,None,482.66,296.56
2025-12-28,HUBB,15.97,5686200000.0,28.49,None,1.004,69.27,,None,77500000,77500000,,,,,,,,,600000,56400000,None,1509900000,1509900000,154000000,None,None,332400000,None,None,50400000,,5.28,0.0116,,,,0.141,0.18,226800000,277200000,4.99,2007-12-31,23.31,466600000,1999300000.0,595000000,215700000,50600000,242500000,242500000,None,19300000,None,322900000,None,None,199400000,None,None,165100000,None,None,None,0.226,,368200000,226800000,55200000,205500000,None,None,None,,,,,2.365,6.57,4.252,,,,,,,,0.151,,327100000,2025-10-28,quarterly,5.17,USD,pre-market,6500000,962700000,0.0999,0.25,0.041,106.48,357900000,236100000,36700000,None,410.73,442.18,3.6072,1863400000,788000000,419500000,780800000,1075400000,361300000,2104900000,1082600000,28.49,None,482.66,296.56
2025-12-28,HUBB,15.97,5686200000.0,28.49,None,1.004,69.27,,None,86500000,86500000,,,,,,,,,600000,59200000,None,1509900000,1509900000,188700000,None,None,421200000,None,None,50400000,,5.28,0.0116,,,,0.141,0.18,226800000,277200000,4.99,2007-09-30,23.31,444700000,1999300000.0,595000000,215700000,50600000,191700000,191700000,None,19300000,None,316200000,None,None,199400000,None,None,165100000,None,None,None,0.226,,368200000,226800000,49700000,223400000,None,None,None,,,,,2.365,6.57,4.252,,,,,,,,0.151,,322500000,2025-10-28,quarterly,5.17,USD,pre-market,6500000,933800000,0.0999,0.25,0.041,106.48,357900000,268700000,69300000,None,410.73,442.18,3.6072,1869400000,873600000,481400000,851600000,995800000,370200000,2104900000,1017800000,28.49,None,482.66,296.56
2025-12-28,HUBB,15.97,5686200000.0,28.49,None,1.004,69.27,,None,59800000,59800000,,,,,,,,,600000,60200000,None,1509900000,1509900000,189300000,None,None,389900000,None,None,50400000,,5.28,0.0116,,,,0.141,0.18,226800000,277200000,4.99,2007-06-30,23.31,442400000,1999300000.0,595000000,215700000,50600000,193600000,193600000,None,19300000,None,316400000,None,None,199400000,None,None,165100000,None,None,None,0.226,,368200000,226800000,46800000,188400000,None,None,None,,,,,2.365,6.57,4.252,,,,,,,,0.151,,323300000,2025-10-28,quarterly,5.17,USD,pre-market,6500000,887600000,0.0999,0.25,0.041,106.48,357900000,216000000,16600000,9400000,410.73,442.18,3.6072,1808700000,822300000,394300000,768400000,986400000,374100000,2104900000,1040300000,28.49,None,482.66,296.56
2025-12-28,HUBB,15.97,5686200000.0,28.49,None,1.004,69.27,,None,64500000,64500000,,,,,,,,,600000,60400000,None,1509900000,1509900000,175600000,None,None,399200000,None,None,50400000,,5.28,0.0116,,,,0.141,0.18,226800000,277200000,4.99,2007-03-31,23.31,438600000,1999300000.0,595000000,215700000,50600000,194000000,194000000,None,19300000,None,318100000,None,None,199400000,None,None,165100000,None,None,None,0.226,,368200000,226800000,48100000,181400000,None,None,None,,,,,2.365,6.57,4.252,,,,,,,,0.151,,325200000,2025-10-28,quarterly,5.17,USD,pre-market,6500000,854000000,0.0999,0.25,0.041,106.48,357900000,275400000,76000000,22400000,410.73,442.18,3.6072,1824100000,852300000,433000000,804700000,971800000,371700000,2104900000,1019400000,28.49,None,482.66,296.56
2025-12-28,HUBB,15.97,5686200000.0,28.49,None,1.004,69.27,,None,45300000,45300000,,,,,,,,,600000,59700000,None,1509900000,1509900000,163900000,None,None,354300000,None,None,50400000,,5.28,0.0116,,,,0.141,0.18,226800000,277200000,4.99,2006-12-31,23.31,436700000,1999300000.0,595000000,215700000,50600000,181600000,181600000,None,19300000,None,338200000,None,None,199300000,None,None,165100000,None,None,None,0.226,,368200000,226800000,40700000,179000000,None,None,None,,,,,2.365,6.57,4.252,,,,,,,,0.151,,318500000,2025-10-28,quarterly,5.17,USD,pre-market,6500000,827400000,0.0999,0.25,0.041,106.48,357900000,220200000,20900000,35900000,410.73,442.18,3.6072,1751500000,814400000,382300000,736000000,937100000,353700000,2104900000,1015500000,28.49,None,482.66,296.56
2025-12-28,HUBB,15.97,5686200000.0,28.49,None,1.004,69.27,,None,54900000,54900000,,,,,,,,,600000,61100000,None,1509900000,1509900000,212200000,None,None,411200000,None,None,50400000,,5.28,0.0116,,,,0.141,0.18,226800000,277200000,4.99,2006-09-30,23.31,419900000,1999300000.0,595000000,215700000,50600000,180100000,180100000,None,19300000,None,341600000,None,None,199300000,None,None,165100000,None,None,None,0.226,,368200000,226800000,37000000,179400000,None,None,None,,,,,2.365,6.57,4.252,,,,,,,,0.151,,311000000,2025-10-28,quarterly,5.17,USD,pre-market,6500000,818000000,0.0999,0.25,0.041,106.48,357900000,213200000,13900000,None,410.73,442.18,3.6072,1791100000,844700000,433400000,752900000,946400000,319500000,2104900000,1038200000,28.49,None,482.66,296.56
2025-12-28,HUBB,15.97,5686200000.0,28.49,None,1.004,69.27,,None,53500000,53500000,,,,,,,,,600000,61600000,None,1509900000,1509900000,213300000,None,None,377100000,None,None,50400000,,5.28,0.0116,,,,0.141,0.18,226800000,277200000,4.99,2006-06-30,23.31,413800000,1999300000.0,595000000,215700000,50600000,180300000,180300000,None,19300000,None,306100000,None,None,199300000,None,None,165100000,None,None,None,0.226,,368200000,226800000,45000000,164100000,None,None,None,,,,,2.365,6.57,4.252,,,,,,,,0.151,,298300000,2025-10-28,quarterly,5.17,USD,pre-market,6500000,790200000,0.0999,0.25,0.041,106.48,357900000,208100000,8800000,21300000,410.73,442.18,3.6072,1754000000,803000000,407700000,720400000,951000000,312700000,2104900000,1033600000,28.49,None,482.66,296.56
2025-12-28,HUBB,15.97,5686200000.0,28.49,None,1.004,69.27,,None,63700000,63700000,,,,,,,,,600000,61200000,None,1509900000,1509900000,185500000,None,None,355800000,None,None,50400000,,5.28,0.0116,,,,0.141,0.18,226800000,277200000,4.99,2006-03-31,23.31,351400000,1999300000.0,595000000,215700000,50600000,151200000,151200000,None,19300000,None,259300000,None,None,199200000,None,None,165100000,None,None,None,0.226,,368200000,226800000,45800000,150700000,None,None,None,,,,,2.365,6.57,4.252,,,,,,,,0.151,,272300000,2025-10-28,quarterly,5.17,USD,pre-market,6500000,768700000,0.0999,0.25,0.041,106.48,357900000,219500000,20300000,106300000,410.73,442.18,3.6072,1691200000,830900000,386400000,697000000,860300000,310600000,2104900000,994200000,28.49,None,482.66,296.56
2025-12-28,HUBB,15.97,5686200000.0,28.49,None,1.004,69.27,,None,110600000,110600000,,,,,,,,,600000,60500000,None,1509900000,1509900000,159500000,None,None,310400000,None,None,50400000,,5.28,0.0116,,,,0.141,0.18,226800000,277200000,4.99,2005-12-31,23.31,351500000,1999300000.0,595000000,215700000,50600000,500300000,500300000,None,19300000,None,237100000,None,None,199200000,None,None,165100000,None,None,None,0.226,,368200000,226800000,40700000,151400000,None,None,None,,,,,2.365,6.57,4.252,,,,,,,,0.151,,267800000,2025-10-28,quarterly,5.17,USD,pre-market,6500000,749100000,0.0999,0.25,0.041,106.48,357900000,228800000,29600000,121300000,410.73,442.18,3.6072,1667000000,820100000,360500000,668900000,846900000,308400000,2104900000,998100000,28.49,None,482.66,296.56
2025-12-28,HUBB,15.97,5686200000.0,28.49,None,1.004,69.27,,None,167100000,167100000,,,,,,,,,600000,61500000,None,1509900000,1509900000,145900000,None,None,341200000,None,None,50400000,,5.28,0.0116,,,,0.141,0.18,226800000,277200000,4.99,2005-09-30,23.31,351600000,1999300000.0,595000000,215700000,50600000,477600000,477600000,None,19300000,None,224900000,None,None,199200000,None,None,165100000,None,None,None,0.226,,368200000,226800000,39000000,150100000,None,None,None,,,,,2.365,6.57,4.252,,,,,,,,0.151,,266100000,2025-10-28,quarterly,5.17,USD,pre-market,6500000,716000000,0.0999,0.25,0.041,106.48,357900000,307300000,108100000,101300000,410.73,442.18,3.6072,1696900000,873500000,445300000,740800000,823400000,295500000,2104900000,956100000,28.49,None,482.66,296.56
2025-12-28,HUBB,15.97,5686200000.0,28.49,None,1.004,69.27,,151500000,329100000,329100000,,,,,,,,,600000,54000000,None,1509900000,1509900000,541700000,None,125400000,756000000,None,None,50400000,,5.28,0.0116,,,,0.141,0.18,226800000,277200000,4.99,2024-12-31,23.31,2500800000,1999300000.0,595000000,215700000,50600000,1080000000,1080000000,None,19300000,None,841800000,None,None,1442700000,None,84900000,165100000,None,None,None,0.226,,368200000,226800000,146500000,438300000,None,124700000,None,,,,,2.365,6.57,4.252,,,,,,,,0.151,,None,2025-10-28,annual,5.17,USD,pre-market,6500000,3651600000,0.0999,0.25,0.041,106.48,357900000,1719600000,159600000,15900000,410.73,442.18,3.6072,6679100000,2089300000,1274200000,3396400000,4589800000,2122200000,2104900000,3268300000,28.49,None,482.66,296.56
2025-12-28,HUBB,15.97,5686200000.0,28.49,None,1.004,69.27,,149400000,336100000,336100000,,,,,,,,,600000,54000000,None,1509900000,1509900000,563500000,None,117400000,785400000,None,None,50400000,,5.28,0.0116,,,,0.141,0.18,226800000,277200000,4.99,2023-12-31,23.31,2533400000,1999300000.0,595000000,215700000,50600000,1196000000,1196000000,None,19300000,None,832900000,None,None,2023200000,None,75800000,165100000,None,None,None,0.226,,368200000,226800000,200200000,479300000,None,128500000,None,,,,,2.365,6.57,4.252,,,,,,,,0.151,,None,2025-10-28,annual,5.17,USD,pre-market,6500000,3182700000,0.0999,0.25,0.041,106.48,357900000,2290000000,148000000,12600000,410.73,442.18,3.6072,6914000000,2167200000,1323400000,4024700000,4746800000,2701300000,2104900000,2877000000,28.49,None,482.66,296.56
2025-12-28,HUBB,15.97,5686200000.0,28.49,None,1.004,69.27,,115400000,440500000,440500000,,,,,,,,,600000,54100000,None,1509900000,1509900000,529900000,None,4700000,741600000,None,None,50400000,,5.28,0.0116,,,,0.141,0.18,226800000,277200000,4.99,2022-12-31,23.31,1970500000,1999300000.0,595000000,215700000,50600000,669900000,669900000,None,19300000,None,740700000,None,None,1437900000,None,65900000,165100000,None,None,None,0.226,,368200000,226800000,84300000,473100000,None,505600000,None,,,,,2.365,6.57,4.252,,,,,,,,0.151,,528000000,2025-10-28,annual,5.17,USD,pre-market,6500000,2705500000,0.0999,0.25,0.041,106.48,357900000,1558000000,35200000,14300000,410.73,442.18,3.6072,5402600000,2021400000,1088500000,3032000000,3381200000,1943500000,2104900000,2360900000,28.49,None,482.66,296.56
2025-12-28,HUBB,15.97,5686200000.0,28.49,None,1.004,69.27,,85400000,286200000,286200000,,,,,,,,,600000,54700000,None,1509900000,1509900000,532800000,None,9700000,675300000,None,None,50400000,,5.28,0.0116,,,,0.141,0.18,226800000,277200000,4.99,2021-12-31,23.31,1871300000,1999300000.0,595000000,215700000,50600000,681500000,681500000,None,19300000,None,662100000,None,None,1435500000,None,69100000,165100000,None,None,None,0.226,,368200000,226800000,246300000,474100000,None,521300000,None,,,,,2.365,6.57,4.252,,,,,,,,0.151,,459500000,2025-10-28,annual,5.17,USD,pre-market,6500000,2560000000,0.0999,0.25,0.041,106.48,357900000,1530600000,36800000,9400000,410.73,442.18,3.6072,5281500000,1879300000,1065200000,3040800000,3402200000,1975600000,2104900000,2229800000,28.49,None,482.66,296.56
2025-12-28,HUBB,15.97,5686200000.0,28.49,None,1.004,69.27,,107000000,258600000,258600000,,,,,,,,,600000,54500000,None,1509900000,1509900000,339200000,None,153100000,553300000,None,None,50400000,,5.28,0.0116,,,,0.141,0.18,226800000,277200000,4.99,2020-12-31,23.31,1873100000,1999300000.0,595000000,215700000,50600000,770600000,770600000,None,19300000,None,526700000,None,None,1436900000,None,71100000,165100000,None,None,None,0.226,,368200000,226800000,239700000,390900000,None,614600000,None,,,,,2.365,6.57,4.252,,,,,,,,0.151,,519200000,2025-10-28,annual,5.17,USD,pre-market,6500000,2393700000,0.0999,0.25,0.041,106.48,357900000,1692500000,183700000,9300000,410.73,442.18,3.6072,5085100000,1587600000,948200000,2999700000,3497500000,2051500000,2104900000,2070000000,28.49,None,482.66,296.56
2025-12-28,HUBB,15.97,5686200000.0,28.49,None,1.004,69.27,,101300000,182000000,182000000,,,,,,,,,600000,54700000,None,1509900000,1509900000,347700000,None,65400000,683000000,None,None,50400000,,5.28,0.0116,,,,0.141,0.18,226800000,277200000,4.99,2019-12-31,23.31,1811800000,1999300000.0,595000000,215700000,50600000,781500000,781500000,None,19300000,None,633000000,None,None,1506000000,None,55700000,165100000,None,None,None,0.226,,368200000,226800000,62000000,365200000,None,591600000,None,,,,,2.365,6.57,4.252,,,,,,,,0.151,,505200000,2025-10-28,annual,5.17,USD,pre-market,6500000,2279400000,0.0999,0.25,0.041,106.48,357900000,1672700000,95000000,14200000,410.73,442.18,3.6072,4903000000,1574200000,844900000,2942500000,3328800000,2097600000,2104900000,1947100000,28.49,None,482.66,296.56
2025-12-28,HUBB,15.97,5686200000.0,28.49,None,1.004,69.27,,None,189000000,189000000,,,,,,,,,600000,54900000,None,1509900000,1509900000,393700000,None,56100000,751600000,None,None,50400000,,5.28,0.0116,,,,0.141,0.18,226800000,277200000,4.99,2018-12-31,23.31,1784400000,1999300000.0,595000000,215700000,50600000,819500000,819500000,None,19300000,None,651000000,None,None,1737100000,None,56300000,165100000,None,None,None,0.226,,368200000,226800000,69100000,358400000,None,496800000,None,,,,,2.365,6.57,4.252,,,,,,,,0.151,,502100000,2025-10-28,annual,5.17,USD,pre-market,6500000,2064400000,0.0999,0.25,0.041,106.48,357900000,1793200000,56100000,9200000,410.73,442.18,3.6072,4872100000,1643700000,839300000,3073200000,3228400000,2233900000,2104900000,1780600000,28.49,None,482.66,296.56
2025-12-28,HUBB,15.97,5686200000.0,28.49,None,1.004,69.27,,None,375000000,375000000,,,,,,,,,600000,55100000,None,1509900000,1509900000,326500000,None,68100000,559400000,None,None,50400000,,5.28,0.0116,,,,0.141,0.18,226800000,277200000,4.99,2017-12-31,23.31,1089000000,1999300000.0,595000000,215700000,50600000,460400000,460400000,None,19300000,None,634700000,None,None,987100000,None,57700000,165100000,None,None,None,0.226,,368200000,226800000,39600000,273800000,None,379500000,None,,,,,2.365,6.57,4.252,,,,,,,,0.151,,458300000,2025-10-28,annual,5.17,USD,pre-market,6500000,1892400000,0.0999,0.25,0.041,106.48,357900000,1055200000,68100000,14500000,410.73,442.18,3.6072,3720600000,1604100000,706100000,2072700000,2116500000,1366600000,2104900000,1634200000,28.49,0,482.66,296.56
2025-12-28,HUBB,15.97,5686200000.0,28.49,None,1.004,69.27,,None,437600000,437600000,,,,,,,,,600000,55700000,None,1509900000,1509900000,291600000,None,3200000,545100000,None,None,50400000,,5.28,0.0116,,,,0.141,0.18,226800000,277200000,4.99,2016-12-31,23.31,991000000,1999300000.0,595000000,215700000,50600000,431500000,431500000,None,19300000,None,532400000,None,None,990500000,None,56400000,165100000,None,None,None,0.226,,368200000,226800000,40100000,274600000,None,341700000,None,,,,,2.365,6.57,4.252,,,,,,,,0.151,,439800000,2025-10-28,annual,5.17,USD,pre-market,6500000,1879300000,0.0999,0.25,0.041,106.48,357900000,993700000,3200000,11200000,410.73,442.18,3.6072,3525000000,1551300000,589600000,1921800000,1973700000,1332200000,2104900000,1592800000,28.49,0,482.66,296.56
2025-12-28,HUBB,15.97,5686200000.0,28.49,None,1.004,69.27,,None,343500000,343500000,,,,,,,,,600000,58000000,None,1509900000,1509900000,289500000,None,644100000,487900000,None,None,50400000,,5.28,0.0116,,,,0.141,0.18,226800000,277200000,4.99,2015-12-31,23.31,928500000,1999300000.0,595000000,215700000,50600000,372200000,372200000,None,19300000,None,540000000,None,None,595900000,None,49500000,165100000,None,None,None,0.226,,368200000,226800000,25500000,248300000,None,260700000,None,,,,,2.365,6.57,4.252,,,,,,,,0.151,,419700000,2025-10-28,annual,5.17,USD,pre-market,6500000,1886100000,0.0999,0.25,0.041,106.48,357900000,644100000,48200000,12200000,410.73,442.18,3.6072,3208700000,1387800000,603100000,1459700000,1820900000,856600000,2104900000,1740600000,28.49,0,482.66,296.56
2025-12-28,HUBB,15.97,5686200000.0,28.49,None,1.004,69.27,,None,653900000,653900000,,,,,,,,,600000,59200000,None,1509900000,1509900000,244000000,None,596300000,485700000,None,None,50400000,,5.28,0.0116,,,,0.141,0.18,226800000,277200000,4.99,2014-12-31,23.31,874700000,1999300000.0,595000000,215700000,50600000,322800000,322800000,None,19300000,None,441800000,None,None,597600000,None,44100000,165100000,None,None,None,0.226,,368200000,226800000,56100000,229800000,None,290300000,None,,,,,2.365,6.57,4.252,,,,,,,,0.151,,401200000,2025-10-28,annual,5.17,USD,pre-market,6500000,1944100000,0.0999,0.25,0.041,106.48,357900000,596300000,1400000,7800000,410.73,442.18,3.6072,3322800000,1629400000,499200000,1387100000,1693400000,887900000,2104900000,1927100000,28.49,0,482.66,296.56
2025-12-28,HUBB,15.97,5686200000.0,28.49,None,1.004,69.27,,None,740700000,740700000,,,,,,,,,600000,59600000,None,1509900000,1509900000,225900000,None,None,454400000,None,None,50400000,,5.28,0.0116,,,,0.141,0.18,226800000,277200000,4.99,2013-12-31,23.31,800400000,1999300000.0,595000000,215700000,50600000,286600000,286600000,None,19300000,None,385700000,None,None,597200000,None,35800000,165100000,None,None,None,0.226,,368200000,226800000,55000000,213200000,None,208200000,None,,,,,2.365,6.57,4.252,,,,,,,,0.151,,377100000,2025-10-28,annual,5.17,USD,pre-market,6500000,1932600000,0.0999,0.25,0.041,106.48,357900000,597500000,300000,10100000,410.73,442.18,3.6072,3187200000,1632400000,467000000,1272400000,1554800000,805400000,2104900000,1906400000,28.49,0,482.66,296.56
2025-12-28,HUBB,15.97,5686200000.0,28.49,None,1.004,69.27,,None,645000000,645000000,,,,,,,,,600000,59800000,None,1509900000,1509900000,213100000,None,None,405200000,None,None,50400000,,5.28,0.0116,,,,0.141,0.18,226800000,277200000,4.99,2012-12-31,23.31,755500000,1999300000.0,595000000,215700000,50600000,288100000,288100000,None,19300000,None,341700000,None,None,596700000,None,36700000,165100000,None,None,None,0.226,,368200000,226800000,55500000,203800000,None,235000000,None,,,,,2.365,6.57,4.252,,,,,,,,0.151,,364700000,2025-10-28,annual,5.17,USD,pre-market,6500000,1715700000,0.0999,0.25,0.041,106.48,357900000,610800000,14100000,8800000,410.73,442.18,3.6072,2947000000,1456200000,447400000,1279100000,1490800000,831700000,2104900000,1661200000,28.49,0,482.66,296.56
2025-12-28,HUBB,15.97,5686200000.0,28.49,None,1.004,69.27,,None,569600000,569600000,,,,,,,,,600000,60400000,None,1509900000,1509900000,215700000,None,None,406700000,None,None,50400000,,5.28,0.0116,,,,0.141,0.18,226800000,277200000,4.99,2011-12-31,23.31,727300000,1999300000.0,595000000,215700000,50600000,269500000,269500000,None,19300000,None,318300000,None,None,596300000,None,None,165100000,None,None,None,0.226,,368200000,226800000,58500000,232100000,None,284600000,None,,,,,2.365,6.57,4.252,,,,,,,,0.151,,359600000,2025-10-28,annual,5.17,USD,pre-market,6500000,1515800000,0.0999,0.25,0.041,106.48,357900000,599200000,2900000,12800000,410.73,442.18,3.6072,2846500000,1353500000,492100000,1373000000,1493000000,880900000,2104900000,1467800000,28.49,0,482.66,296.56
2025-12-28,HUBB,15.97,5686200000.0,28.49,None,1.004,69.27,,None,520700000,520700000,,,,,,,,,600000,60300000,None,1509900000,1509900000,160800000,None,None,341800000,None,None,50400000,,5.28,0.0116,,,,0.141,0.18,226800000,277200000,4.99,2010-12-31,23.31,724000000,1999300000.0,595000000,215700000,50600000,367200000,367200000,None,19300000,None,298400000,None,None,595900000,None,None,165100000,None,None,None,0.226,,368200000,226800000,56400000,247500000,None,201400000,None,,,,,2.365,6.57,4.252,,,,,,,,0.151,,358300000,2025-10-28,annual,5.17,USD,pre-market,6500000,1338600000,0.0999,0.25,0.041,106.48,357900000,597700000,1800000,8800000,410.73,442.18,3.6072,2705800000,1226100000,445000000,1242300000,1479700000,797300000,2104900000,1459200000,28.49,0,482.66,296.56
2025-12-28,HUBB,15.97,5686200000.0,28.49,None,1.004,69.27,,None,258500000,258500000,,,,,,,,,600000,57200000,None,1509900000,1509900000,130800000,None,None,310100000,None,None,50400000,,5.28,0.0116,,,,0.141,0.18,226800000,277200000,4.99,2009-12-31,23.31,741200000,1999300000.0,595000000,215700000,50600000,406000000,406000000,None,19300000,None,263500000,None,None,497200000,None,None,165100000,None,None,None,0.226,,368200000,226800000,76600000,287700000,None,None,None,,,,,2.365,6.57,4.252,,,,,,,,0.151,,368800000,2025-10-28,annual,5.17,USD,pre-market,6500000,1208000000,0.0999,0.25,0.041,106.48,357900000,497200000,None,None,410.73,442.18,3.6072,2465200000,917700000,417900000,1163200000,1547500000,745300000,2104900000,1298200000,28.49,None,482.66,296.56
2025-12-28,HUBB,15.97,5686200000.0,28.49,None,1.004,69.27,,None,178200000,178200000,,,,,,,,,600000,56500000,None,1509900000,1509900000,168300000,None,None,357000000,None,None,50400000,,5.28,0.0116,,,,0.141,0.18,226800000,277200000,4.99,2008-12-31,23.31,584600000,1999300000.0,595000000,215700000,50600000,227600000,227600000,None,19300000,None,335200000,None,None,497400000,None,None,165100000,None,None,None,0.226,,368200000,226800000,48700000,256700000,None,None,None,,,,,2.365,6.57,4.252,,,,,,,,0.151,,349100000,2025-10-28,annual,5.17,USD,pre-market,6500000,1108000000,0.0999,0.25,0.041,106.48,357900000,497400000,None,None,410.73,442.18,3.6072,2115500000,919100000,425000000,1107400000,1196400000,682400000,2104900000,1008100000,28.49,None,482.66,296.56
2025-12-28,HUBB,15.97,5686200000.0,28.49,None,1.004,69.27,,None,77500000,77500000,,,,,,,,,600000,59500000,None,1509900000,1509900000,154000000,None,None,332400000,None,None,50400000,,5.28,0.0116,,,,0.141,0.18,226800000,277200000,4.99,2007-12-31,23.31,466600000,1999300000.0,595000000,215700000,50600000,242500000,242500000,None,19300000,None,322900000,None,None,199400000,None,None,165100000,None,None,None,0.226,,368200000,226800000,55200000,207300000,None,None,None,,,,,2.365,6.57,4.252,,,,,,,,0.151,,327100000,2025-10-28,annual,5.17,USD,pre-market,6500000,962700000,0.0999,0.25,0.041,106.48,357900000,236100000,36700000,None,410.73,442.18,3.6072,1863400000,788000000,419500000,780800000,1075400000,361300000,2104900000,1082600000,28.49,None,482.66,296.56
2025-12-28,HUBB,15.97,5686200000.0,28.49,None,1.004,69.27,,None,45300000,45300000,,,,,,,,,600000,61100000,None,1509900000,1509900000,163900000,None,None,354300000,None,None,50400000,,5.28,0.0116,,,,0.141,0.18,226800000,277200000,4.99,2006-12-31,23.31,436700000,1999300000.0,595000000,215700000,50600000,181600000,181600000,None,19300000,None,338200000,None,None,199300000,None,None,165100000,None,None,None,0.226,,368200000,226800000,40700000,197500000,None,None,None,,,,,2.365,6.57,4.252,,,,,,,,0.151,,318500000,2025-10-28,annual,5.17,USD,pre-market,6500000,827400000,0.0999,0.25,0.041,106.48,357900000,220200000,20900000,35900000,410.73,442.18,3.6072,1751500000,814400000,382300000,736000000,937100000,353700000,2104900000,1015500000,28.49,None,482.66,296.56
2025-12-28,HUBB,15.97,5686200000.0,28.49,None,1.004,69.27,,None,110600000,110600000,,,,,,,,,600000,61800000,None,1509900000,1509900000,159500000,None,None,310400000,None,None,50400000,,5.28,0.0116,,,,0.141,0.18,226800000,277200000,4.99,2005-12-31,23.31,351500000,1999300000.0,595000000,215700000,50600000,65000000,65000000,None,19300000,None,237100000,None,None,199200000,None,None,165100000,None,None,None,0.226,,368200000,226800000,40700000,171400000,None,None,None,,,,,2.365,6.57,4.252,,,,,,,,0.151,,267800000,2025-10-28,annual,5.17,USD,pre-market,6500000,749100000,0.0999,0.25,0.041,106.48,357900000,228800000,29600000,121300000,410.73,442.18,3.6072,1667000000,820100000,360500000,668900000,846900000,308400000,2104900000,998100000,28.49,None,482.66,296.56
2025-12-28,HUBB,15.97,5686200000.0,28.49,None,1.004,69.27,30500000,None,110600000,110600000,74900000,-74800000,None,None,-22800000,None,None,None,600000,61800000,None,1509900000,1509900000,159500000,None,None,310400000,None,None,50400000,49400000,5.28,0.0116,70200000,70200000,None,0.141,0.18,226800000,277200000,4.99,2025-09-30,23.31,351500000,1999300000.0,595000000,215700000,50600000,65000000,65000000,None,19300000,None,237100000,None,None,199200000,None,None,255500000,None,None,None,0.226,284300000,368200000,226800000,40700000,171400000,None,None,None,None,None,None,None,2.365,6.57,4.252,None,None,None,None,None,0,None,0.151,None,267800000,2025-10-28,quarterly,5.17,USD,pre-market,6500000,749100000,0.0999,0.25,0.041,106.48,357900000,228800000,29600000,121300000,410.73,442.18,3.6072,1667000000,820100000,360500000,668900000,846900000,308400000,2104900000,998100000,28.49,None,482.66,296.56
2025-12-28,HUBB,15.97,5686200000.0,28.49,None,1.004,69.27,39900000,None,110600000,110600000,-192500000,-41300000,None,None,-14400000,None,None,None,600000,61800000,None,1509900000,1509900000,159500000,None,None,310400000,None,None,50400000,48500000,5.28,0.0116,70200000,70200000,None,0.141,0.18,226800000,277200000,4.99,2025-06-30,23.31,351500000,1999300000.0,595000000,215700000,50600000,65000000,65000000,None,19300000,None,237100000,None,None,199200000,None,None,237700000,None,None,None,0.226,260600000,368200000,226800000,40700000,171400000,None,None,None,None,None,None,None,2.365,6.57,4.252,None,None,None,None,None,-100000000,None,0.151,None,267800000,2025-10-28,quarterly,5.17,USD,pre-market,6500000,749100000,0.0999,0.25,0.041,106.48,357900000,228800000,29600000,121300000,410.73,442.18,3.6072,1667000000,820100000,360500000,668900000,846900000,308400000,2104900000,998100000,28.49,None,482.66,296.56
2025-12-28,HUBB,15.97,5686200000.0,28.49,None,1.004,69.27,26000000,None,110600000,110600000,75000000,-99300000,None,None,-700000,None,None,None,600000,61800000,None,1509900000,1509900000,159500000,None,None,310400000,None,None,50400000,46700000,5.28,0.0116,70700000,70700000,None,0.141,0.18,226800000,277200000,4.99,2025-03-31,23.31,351500000,1999300000.0,595000000,215700000,50600000,65000000,65000000,None,19300000,None,237100000,None,None,199200000,None,None,169700000,None,None,None,0.226,37400000,368200000,226800000,40700000,171400000,None,None,None,None,None,None,None,2.365,6.57,4.252,None,None,None,None,None,-125000000,None,0.151,None,267800000,2025-10-28,quarterly,5.17,USD,pre-market,6500000,749100000,0.0999,0.25,0.041,106.48,357900000,228800000,29600000,121300000,410.73,442.18,3.6072,1667000000,820100000,360500000,668900000,846900000,308400000,2104900000,998100000,28.49,None,482.66,296.56
2025-12-28,HUBB,15.97,5686200000.0,28.49,None,1.004,69.27,68000000,None,110600000,110600000,-447000000,-79100000,None,None,8100000,None,None,None,600000,61800000,None,1509900000,1509900000,159500000,None,None,310400000,None,None,50400000,53300000,5.28,0.0116,70800000,70800000,None,0.141,0.18,226800000,277200000,4.99,2024-12-31,23.31,351500000,1999300000.0,595000000,215700000,50600000,65000000,65000000,None,19300000,None,237100000,None,None,199200000,None,None,198200000,None,None,None,0.226,432400000,368200000,226800000,40700000,171400000,None,None,None,None,None,None,None,2.365,6.57,4.252,None,None,None,None,None,-10000000,None,0.151,None,267800000,2025-10-28,quarterly,5.17,USD,pre-market,6500000,749100000,0.0999,0.25,0.041,106.48,357900000,228800000,29600000,121300000,410.73,442.18,3.6072,1667000000,820100000,360500000,668900000,846900000,308400000,2104900000,998100000,28.49,None,482.66,296.56
2025-12-28,HUBB,15.97,5686200000.0,28.49,None,1.004,69.27,38200000,None,110600000,110600000,-157100000,-36100000,None,None,6000000,None,None,None,600000,61800000,None,1509900000,1509900000,159500000,None,None,310400000,None,None,50400000,49300000,5.28,0.0116,65500000,65500000,None,0.141,0.18,226800000,277200000,4.99,2024-09-30,23.31,351500000,1999300000.0,595000000,215700000,50600000,65000000,65000000,None,19300000,None,237100000,None,None,199200000,None,None,219000000,None,None,None,0.226,227000000,368200000,226800000,40700000,171400000,None,None,None,None,None,None,None,2.365,6.57,4.252,None,None,None,None,None,-10000000,None,0.151,None,267800000,2025-10-28,quarterly,5.17,USD,pre-market,6500000,749100000,0.0999,0.25,0.041,106.48,357900000,228800000,29600000,121300000,410.73,442.18,3.6072,1667000000,820100000,360500000,668900000,846900000,308400000,2104900000,998100000,28.49,None,482.66,296.56
2025-12-28,HUBB,15.97,5686200000.0,28.49,None,1.004,69.27,33900000,None,110600000,110600000,-194000000,-32500000,None,None,-5100000,None,None,None,600000,61800000,None,1509900000,1509900000,159500000,None,None,310400000,None,None,50400000,49600000,5.28,0.0116,65500000,65500000,None,0.141,0.18,226800000,277200000,4.99,2024-06-30,23.31,351500000,1999300000.0,595000000,215700000,50600000,65000000,65000000,None,19300000,None,237100000,None,None,199200000,None,None,208400000,None,None,None,0.226,239600000,368200000,226800000,40700000,171400000,None,None,None,None,None,None,None,2.365,6.57,4.252,None,None,None,None,None,-10000000,None,0.151,None,267800000,2025-10-28,quarterly,5.17,USD,pre-market,6500000,749100000,0.0999,0.25,0.041,106.48,357900000,228800000,29600000,121300000,410.73,442.18,3.6072,1667000000,820100000,360500000,668900000,846900000,308400000,2104900000,998100000,28.49,None,482.66,296.56
2025-12-28,HUBB,15.97,5686200000.0,28.49,None,1.004,69.27,40300000,None,110600000,110600000,-125300000,88600000,None,None,-22700000,None,None,None,600000,61800000,None,1509900000,1509900000,159500000,None,None,310400000,None,None,50400000,59900000,5.28,0.0116,65500000,65500000,None,0.141,0.18,226800000,277200000,4.99,2024-03-31,23.31,351500000,1999300000.0,595000000,215700000,50600000,65000000,65000000,None,19300000,None,237100000,None,None,199200000,None,None,147500000,None,None,None,0.226,92200000,368200000,226800000,40700000,171400000,None,None,None,None,None,None,None,2.365,6.57,4.252,None,None,None,None,None,-10000000,None,0.151,None,267800000,2025-10-28,quarterly,5.17,USD,pre-market,6500000,749100000,0.0999,0.25,0.041,106.48,357900000,228800000,29600000,121300000,410.73,442.18,3.6072,1667000000,820100000,360500000,668900000,846900000,308400000,2104900000,998100000,28.49,None,482.66,296.56
2025-12-28,HUBB,15.97,5686200000.0,28.49,None,1.004,69.27,61900000,None,110600000,110600000,630200000,-1218800000,None,None,-2700000,None,None,None,600000,61800000,None,1509900000,1509900000,159500000,None,None,310400000,None,None,50400000,39600000,5.28,0.0116,65400000,65400000,None,0.141,0.18,226800000,277200000,4.99,2023-12-31,23.31,351500000,1999300000.0,595000000,215700000,50600000,65000000,65000000,None,19300000,None,237100000,None,None,199200000,None,None,170600000,None,None,None,0.226,345500000,368200000,226800000,40700000,171400000,None,None,None,None,None,None,None,2.365,6.57,4.252,None,None,None,None,None,30000000,None,0.151,None,267800000,2025-10-28,quarterly,5.17,USD,pre-market,6500000,749100000,0.0999,0.25,0.041,106.48,357900000,228800000,29600000,121300000,410.73,442.18,3.6072,1667000000,820100000,360500000,668900000,846900000,308400000,2104900000,998100000,28.49,None,482.66,296.56
2025-12-28,HUBB,15.97,5686200000.0,28.49,None,1.004,69.27,34900000,None,110600000,110600000,-75800000,-33200000,None,None,5800000,None,None,None,600000,61800000,None,1509900000,1509900000,159500000,None,None,310400000,None,None,50400000,37600000,5.28,0.0116,60000000,60000000,None,0.141,0.18,226800000,277200000,4.99,2023-09-30,23.31,351500000,1999300000.0,595000000,215700000,50600000,65000000,65000000,None,19300000,None,237100000,None,None,199200000,None,None,200100000,None,None,None,0.226,193900000,368200000,226800000,40700000,171400000,None,None,None,None,None,None,None,2.365,6.57,4.252,None,None,None,None,None,-10000000,None,0.151,None,267800000,2025-10-28,quarterly,5.17,USD,pre-market,6500000,749100000,0.0999,0.25,0.041,106.48,357900000,228800000,29600000,121300000,410.73,442.18,3.6072,1667000000,820100000,360500000,668900000,846900000,308400000,2104900000,998100000,28.49,None,482.66,296.56
2025-12-28,HUBB,15.97,5686200000.0,28.49,None,1.004,69.27,35500000,None,110600000,110600000,-74100000,-93100000,60500000,None,-6400000,None,None,-23800000,600000,61800000,None,1509900000,1509900000,159500000,None,None,310400000,None,None,50400000,36900000,5.28,0.0116,60100000,60100000,None,0.141,0.18,226800000,277200000,4.99,2023-06-30,23.31,351500000,1999300000.0,595000000,215700000,50600000,65000000,65000000,None,19300000,None,237100000,None,None,199200000,None,None,205300000,None,None,None,0.226,227700000,368200000,226800000,40700000,171400000,None,None,None,None,None,None,None,2.365,6.57,4.252,None,None,None,None,None,0,None,0.151,None,267800000,2025-10-28,quarterly,5.17,USD,pre-market,6500000,749100000,0.0999,0.25,0.041,106.48,357900000,228800000,29600000,121300000,410.73,442.18,3.6072,1667000000,820100000,360500000,668900000,846900000,308400000,2104900000,998100000,28.49,None,482.66,296.56
2025-12-28,HUBB,15.97,5686200000.0,28.49,None,1.004,69.27,33400000,None,110600000,110600000,-91800000,-35100000,-13200000,None,-38800000,None,None,-36600000,600000,61800000,None,1509900000,1509900000,159500000,None,None,310400000,None,None,50400000,35600000,5.28,0.0116,60000000,60000000,None,0.141,0.18,226800000,277200000,4.99,2023-03-31,23.31,351500000,1999300000.0,595000000,215700000,50600000,65000000,65000000,None,19300000,None,237100000,None,None,199200000,None,None,181900000,None,None,None,0.226,113700000,368200000,226800000,40700000,171400000,None,None,None,None,None,None,None,2.365,6.57,4.252,None,None,None,None,None,-20000000,None,0.151,None,267800000,2025-10-28,quarterly,5.17,USD,pre-market,6500000,749100000,0.0999,0.25,0.041,106.48,357900000,228800000,29600000,121300000,410.73,442.18,3.6072,1667000000,820100000,360500000,668900000,846900000,308400000,2104900000,998100000,28.49,None,482.66,296.56
2025-12-28,HUBB,15.97,5686200000.0,28.49,None,1.004,69.27,62100000,None,110600000,110600000,-96800000,-74500000,71100000,None,1300000,None,None,60200000,600000,61800000,None,1509900000,1509900000,159500000,None,None,310400000,None,None,50400000,40900000,5.28,0.0116,60000000,60000000,None,0.141,0.18,226800000,277200000,4.99,2022-12-31,23.31,351500000,1999300000.0,595000000,215700000,50600000,65000000,65000000,None,19300000,None,237100000,None,None,199200000,None,None,122900000,None,None,None,0.226,239500000,368200000,226800000,40700000,171400000,None,None,None,None,None,None,None,2.365,6.57,4.252,None,None,None,None,None,-32000000,None,0.151,None,267800000,2025-10-28,quarterly,5.17,USD,pre-market,6500000,749100000,0.0999,0.25,0.041,106.48,357900000,228800000,29600000,121300000,410.73,442.18,3.6072,1667000000,820100000,360500000,668900000,846900000,308400000,2104900000,998100000,28.49,None,482.66,296.56
2025-12-28,HUBB,15.97,5686200000.0,28.49,None,1.004,69.27,25300000,None,110600000,110600000,-62100000,-201200000,-43700000,None,-6800000,None,None,-27000000,600000,61800000,None,1509900000,1509900000,159500000,None,None,310400000,None,None,50400000,38200000,5.28,0.0116,56300000,56300000,None,0.141,0.18,226800000,277200000,4.99,2022-09-30,23.31,351500000,1999300000.0,595000000,215700000,50600000,65000000,65000000,None,19300000,None,237100000,None,None,199200000,None,None,150300000,None,None,None,0.226,214200000,368200000,226800000,40700000,171400000,None,None,None,None,None,None,None,2.365,6.57,4.252,None,None,None,None,None,0,None,0.151,None,267800000,2025-10-28,quarterly,5.17,USD,pre-market,6500000,749100000,0.0999,0.25,0.041,106.48,357900000,228800000,29600000,121300000,410.73,442.18,3.6072,1667000000,820100000,360500000,668900000,846900000,308400000,2104900000,998100000,28.49,None,482.66,296.56
2025-12-28,HUBB,15.97,5686200000.0,28.49,None,1.004,69.27,20500000,None,110600000,110600000,-67800000,-24100000,96700000,None,-15800000,None,None,-10500000,600000,61800000,None,1509900000,1509900000,159500000,None,None,310400000,None,None,50400000,34700000,5.28,0.0116,56400000,56400000,None,0.141,0.18,226800000,277200000,4.99,2022-06-30,23.31,351500000,1999300000.0,595000000,215700000,50600000,65000000,65000000,None,19300000,None,237100000,None,None,199200000,None,None,122000000,None,None,None,0.226,166000000,368200000,226800000,40700000,171400000,None,None,None,None,None,None,None,2.365,6.57,4.252,None,None,None,None,None,-6000000,None,0.151,None,267800000,2025-10-28,quarterly,5.17,USD,pre-market,6500000,749100000,0.0999,0.25,0.041,106.48,357900000,228800000,29600000,121300000,410.73,442.18,3.6072,1667000000,820100000,360500000,668900000,846900000,308400000,2104900000,998100000,28.49,None,482.66,296.56
2025-12-28,HUBB,15.97,5686200000.0,28.49,None,1.004,69.27,21400000,None,110600000,110600000,-210400000,316200000,93100000,None,-45200000,None,None,-96900000,600000,61800000,None,1509900000,1509900000,159500000,None,None,310400000,None,None,50400000,34700000,5.28,0.0116,56900000,56900000,None,0.141,0.18,226800000,277200000,4.99,2022-03-31,23.31,351500000,1999300000.0,595000000,215700000,50600000,65000000,65000000,None,19300000,None,237100000,None,None,199200000,None,None,102500000,None,None,None,0.226,-36500000,368200000,226800000,40700000,171400000,None,None,None,None,None,None,None,2.365,6.57,4.252,None,None,None,None,None,-144000000,None,0.151,None,267800000,2025-10-28,quarterly,5.17,USD,pre-market,6500000,749100000,0.0999,0.25,0.041,106.48,357900000,228800000,29600000,121300000,410.73,442.18,3.6072,1667000000,820100000,360500000,668900000,846900000,308400000,2104900000,998100000,28.49,None,482.66,296.56
2025-12-28,HUBB,15.97,5686200000.0,28.49,None,1.004,69.27,23700000,None,110600000,110600000,-180600000,-24300000,7700000,None,-41000000,None,None,40200000,600000,61800000,None,1509900000,1509900000,159500000,None,None,310400000,None,None,50400000,26500000,5.28,0.0116,57100000,57100000,None,0.141,0.18,226800000,277200000,4.99,2021-12-31,23.31,351500000,1999300000.0,595000000,215700000,50600000,65000000,65000000,None,19300000,None,237100000,None,None,199200000,None,None,83000000,None,None,None,0.226,237000000,368200000,226800000,40700000,171400000,None,None,None,None,None,None,None,2.365,6.57,4.252,None,None,None,None,None,11200000,None,0.151,None,267800000,2025-10-28,quarterly,5.17,USD,pre-market,6500000,749100000,0.0999,0.25,0.041,106.48,357900000,228800000,29600000,121300000,410.73,442.18,3.6072,1667000000,820100000,360500000,668900000,846900000,308400000,2104900000,998100000,28.49,None,482.66,296.56
2025-12-28,HUBB,15.97,5686200000.0,28.49,None,1.004,69.27,27400000,None,110600000,110600000,-74100000,-26700000,-3300000,None,-64700000,None,None,-39400000,600000,61800000,None,1509900000,1509900000,159500000,None,None,310400000,None,None,50400000,39100000,5.28,0.0116,53300000,53300000,None,0.141,0.18,226800000,277200000,4.99,2021-09-30,23.31,351500000,1999300000.0,595000000,215700000,50600000,65000000,65000000,None,19300000,None,237100000,None,None,199200000,None,None,108500000,None,None,None,0.226,97500000,368200000,226800000,40700000,171400000,None,None,None,None,None,None,None,2.365,6.57,4.252,None,None,None,None,None,200000,None,0.151,None,267800000,2025-10-28,quarterly,5.17,USD,pre-market,6500000,749100000,0.0999,0.25,0.041,106.48,357900000,228800000,29600000,121300000,410.73,442.18,3.6072,1667000000,820100000,360500000,668900000,846900000,308400000,2104900000,998100000,28.49,None,482.66,296.56
2025-12-28,HUBB,15.97,5686200000.0,28.49,None,1.004,69.27,19500000,None,110600000,110600000,-310700000,-11500000,-171800000,None,-21100000,None,None,-57400000,600000,61800000,None,1509900000,1509900000,159500000,None,None,310400000,None,None,50400000,40900000,5.28,0.0116,53300000,53300000,None,0.141,0.18,226800000,277200000,4.99,2021-06-30,23.31,351500000,1999300000.0,595000000,215700000,50600000,65000000,65000000,None,19300000,None,237100000,None,None,199200000,None,None,95800000,None,None,None,0.226,150400000,368200000,226800000,40700000,171400000,None,None,None,None,None,None,None,2.365,6.57,4.252,None,None,None,None,None,-1200000,None,0.151,None,267800000,2025-10-28,quarterly,5.17,USD,pre-market,6500000,749100000,0.0999,0.25,0.041,106.48,357900000,228800000,29600000,121300000,410.73,442.18,3.6072,1667000000,820100000,360500000,668900000,846900000,308400000,2104900000,998100000,28.49,None,482.66,296.56
2025-12-28,HUBB,15.97,5686200000.0,28.49,None,1.004,69.27,19600000,None,110600000,110600000,132400000,-15300000,176000000,None,-12100000,None,None,-68200000,600000,61800000,None,1509900000,1509900000,159500000,None,None,310400000,None,None,50400000,42600000,5.28,0.0116,53200000,53200000,None,0.141,0.18,226800000,277200000,4.99,2021-03-31,23.31,351500000,1999300000.0,595000000,215700000,50600000,65000000,65000000,None,19300000,None,237100000,None,None,199200000,None,None,77700000,None,None,None,0.226,58900000,368200000,226800000,40700000,171400000,None,None,None,None,None,None,None,2.365,6.57,4.252,None,None,None,None,None,-10000000,None,0.151,None,267800000,2025-10-28,quarterly,5.17,USD,pre-market,6500000,749100000,0.0999,0.25,0.041,106.48,357900000,228800000,29600000,121300000,410.73,442.18,3.6072,1667000000,820100000,360500000,668900000,846900000,308400000,2104900000,998100000,28.49,None,482.66,296.56
2025-12-28,HUBB,15.97,5686200000.0,28.49,None,1.004,69.27,36700000,None,110600000,110600000,71900000,-282400000,-18100000,None,5600000,None,None,97600000,600000,61800000,None,1509900000,1509900000,159500000,None,None,310400000,None,None,50400000,40600000,5.28,0.0116,53200000,53200000,None,0.141,0.18,226800000,277200000,4.99,2020-12-31,23.31,351500000,1999300000.0,595000000,215700000,50600000,65000000,65000000,None,19300000,None,237100000,None,None,199200000,None,None,80900000,None,None,None,0.226,192400000,368200000,226800000,40700000,171400000,None,None,None,None,None,None,None,2.365,6.57,4.252,None,None,None,None,None,41300000,None,0.151,None,267800000,2025-10-28,quarterly,5.17,USD,pre-market,6500000,749100000,0.0999,0.25,0.041,106.48,357900000,228800000,29600000,121300000,410.73,442.18,3.6072,1667000000,820100000,360500000,668900000,846900000,308400000,2104900000,998100000,28.49,None,482.66,296.56
2025-12-28,HUBB,15.97,5686200000.0,28.49,None,1.004,69.27,16700000,None,110600000,110600000,-350700000,-19500000,-218300000,None,20600000,None,None,-67100000,600000,61800000,None,1509900000,1509900000,159500000,None,None,310400000,None,None,50400000,39400000,5.28,0.0116,49300000,49300000,None,0.141,0.18,226800000,277200000,4.99,2020-09-30,23.31,351500000,1999300000.0,595000000,215700000,50600000,65000000,65000000,None,19300000,None,237100000,None,None,199200000,None,None,107100000,None,None,None,0.226,151900000,368200000,226800000,40700000,171400000,None,None,None,None,None,None,None,2.365,6.57,4.252,None,None,None,None,None,-41000000,None,0.151,None,267800000,2025-10-28,quarterly,5.17,USD,pre-market,6500000,749100000,0.0999,0.25,0.041,106.48,357900000,228800000,29600000,121300000,410.73,442.18,3.6072,1667000000,820100000,360500000,668900000,846900000,308400000,2104900000,998100000,28.49,None,482.66,296.56
2025-12-28,HUBB,15.97,5686200000.0,28.49,None,1.004,69.27,17200000,None,110600000,110600000,-1100000,-11300000,182900000,None,-8200000,None,None,61800000,600000,61800000,None,1509900000,1509900000,159500000,None,None,310400000,None,None,50400000,38700000,5.28,0.0116,49400000,49400000,None,0.141,0.18,226800000,277200000,4.99,2020-06-30,23.31,351500000,1999300000.0,595000000,215700000,50600000,65000000,65000000,None,19300000,None,237100000,None,None,199200000,None,None,88200000,None,None,None,0.226,195300000,368200000,226800000,40700000,171400000,None,None,None,None,None,None,None,2.365,6.57,4.252,None,None,None,None,None,0,None,0.151,None,267800000,2025-10-28,quarterly,5.17,USD,pre-market,6500000,749100000,0.0999,0.25,0.041,106.48,357900000,228800000,29600000,121300000,410.73,442.18,3.6072,1667000000,820100000,360500000,668900000,846900000,308400000,2104900000,998100000,28.49,None,482.66,296.56
2025-12-28,HUBB,15.97,5686200000.0,28.49,None,1.004,69.27,17800000,None,110600000,110600000,35700000,-15600000,128500000,None,32700000,None,None,-36800000,600000,61800000,None,1509900000,1509900000,159500000,None,None,310400000,None,None,50400000,38900000,5.28,0.0116,49500000,49500000,None,0.141,0.18,226800000,277200000,4.99,2020-03-31,23.31,351500000,1999300000.0,595000000,215700000,50600000,65000000,65000000,None,19300000,None,237100000,None,None,199200000,None,None,75000000,None,None,None,0.226,108400000,368200000,226800000,40700000,171400000,None,None,None,None,None,None,None,2.365,6.57,4.252,None,None,None,None,None,-41300000,None,0.151,None,267800000,2025-10-28,quarterly,5.17,USD,pre-market,6500000,749100000,0.0999,0.25,0.041,106.48,357900000,228800000,29600000,121300000,410.73,442.18,3.6072,1667000000,820100000,360500000,668900000,846900000,308400000,2104900000,998100000,28.49,None,482.66,296.56
2025-12-28,HUBB,15.97,5686200000.0,28.49,None,1.004,69.27,21300000,None,110600000,110600000,-233300000,-94400000,-121200000,None,35600000,None,None,112900000,600000,61800000,None,1509900000,1509900000,159500000,None,None,310400000,None,None,50400000,39900000,5.28,0.0116,49500000,49500000,None,0.141,0.18,226800000,277200000,4.99,2019-12-31,23.31,351500000,1999300000.0,595000000,215700000,50600000,65000000,65000000,None,19300000,None,237100000,None,None,199200000,None,None,101900000,None,None,None,0.226,206500000,368200000,226800000,40700000,171400000,None,None,None,None,None,None,None,2.365,6.57,4.252,None,None,None,None,None,35000000,None,0.151,None,267800000,2025-10-28,quarterly,5.17,USD,pre-market,6500000,749100000,0.0999,0.25,0.041,106.48,357900000,228800000,29600000,121300000,410.73,442.18,3.6072,1667000000,820100000,360500000,668900000,846900000,308400000,2104900000,998100000,28.49,None,482.66,296.56
2025-12-28,HUBB,15.97,5686200000.0,28.49,None,1.004,69.27,24900000,None,110600000,110600000,-89500000,7000000,93000000,None,-13300000,None,None,-7400000,600000,61800000,None,1509900000,1509900000,159500000,None,None,310400000,None,None,50400000,37400000,5.28,0.0116,45600000,45600000,None,0.141,0.18,226800000,277200000,4.99,2019-09-30,23.31,351500000,1999300000.0,595000000,215700000,50600000,65000000,65000000,None,19300000,None,237100000,None,None,199200000,None,None,130700000,None,None,None,0.226,175500000,368200000,226800000,40700000,171400000,None,None,None,None,None,None,None,2.365,6.57,4.252,None,None,None,None,None,-5000000,None,0.151,None,267800000,2025-10-28,quarterly,5.17,USD,pre-market,6500000,749100000,0.0999,0.25,0.041,106.48,357900000,228800000,29600000,121300000,410.73,442.18,3.6072,1667000000,820100000,360500000,668900000,846900000,308400000,2104900000,998100000,28.49,None,482.66,296.56
2025-12-28,HUBB,15.97,5686200000.0,28.49,None,1.004,69.27,24400000,None,110600000,110600000,-104500000,-21400000,5600000,None,600000,None,None,-69400000,600000,61800000,None,1509900000,1509900000,159500000,None,None,310400000,None,None,50400000,37100000,5.28,0.0116,45700000,45700000,None,0.141,0.18,226800000,277200000,4.99,2019-06-30,23.31,351500000,1999300000.0,595000000,215700000,50600000,65000000,65000000,None,19300000,None,237100000,None,None,199200000,None,None,96000000,None,None,None,0.226,131500000,368200000,226800000,40700000,171400000,None,None,None,None,None,None,None,2.365,6.57,4.252,None,None,None,None,None,-20000000,None,0.151,None,267800000,2025-10-28,quarterly,5.17,USD,pre-market,6500000,749100000,0.0999,0.25,0.041,106.48,357900000,228800000,29600000,121300000,410.73,442.18,3.6072,1667000000,820100000,360500000,668900000,846900000,308400000,2104900000,998100000,28.49,None,482.66,296.56
2025-12-28,HUBB,15.97,5686200000.0,28.49,None,1.004,69.27,23300000,None,110600000,110600000,-43700000,-20100000,14300000,None,-10700000,None,None,10100000,600000,61800000,None,1509900000,1509900000,159500000,None,None,310400000,None,None,50400000,36600000,5.28,0.0116,45800000,45800000,None,0.141,0.18,226800000,277200000,4.99,2019-03-31,23.31,351500000,1999300000.0,595000000,215700000,50600000,65000000,65000000,None,19300000,None,237100000,None,None,199200000,None,None,72300000,None,None,None,0.226,78100000,368200000,226800000,40700000,171400000,None,None,None,None,None,None,None,2.365,6.57,4.252,None,None,None,None,None,-10000000,None,0.151,None,267800000,2025-10-28,quarterly,5.17,USD,pre-market,6500000,749100000,0.0999,0.25,0.041,106.48,357900000,228800000,29600000,121300000,410.73,442.18,3.6072,1667000000,820100000,360500000,668900000,846900000,308400000,2104900000,998100000,28.49,None,482.66,296.56
2025-12-28,HUBB,15.97,5686200000.0,28.49,None,1.004,69.27,25500000,None,110600000,110600000,-198200000,-15900000,-39800000,-3600000,16400000,None,None,58500000,600000,61800000,None,1509900000,1509900000,159500000,None,None,310400000,None,None,50400000,35600000,5.28,0.0116,45800000,45800000,None,0.141,0.18,226800000,277200000,4.99,2018-12-31,23.31,351500000,1999300000.0,595000000,215700000,50600000,65000000,65000000,None,19300000,None,237100000,None,None,199200000,None,None,88000000,None,None,None,0.226,177900000,368200000,226800000,40700000,171400000,None,None,None,None,None,None,None,2.365,6.57,4.252,None,None,None,None,None,-20000000,None,0.151,None,267800000,2025-10-28,quarterly,5.17,USD,pre-market,6500000,749100000,0.0999,0.25,0.041,106.48,357900000,228800000,29600000,121300000,410.73,442.18,3.6072,1667000000,820100000,360500000,668900000,846900000,308400000,2104900000,998100000,28.49,None,482.66,296.56
2025-12-28,HUBB,15.97,5686200000.0,28.49,None,1.004,69.27,23200000,None,110600000,110600000,-121600000,-30400000,33700000,-1200000,13900000,None,None,-5600000,600000,61800000,None,1509900000,1509900000,159500000,None,None,310400000,None,None,50400000,36500000,5.28,0.0116,42100000,42100000,None,0.141,0.18,226800000,277200000,4.99,2018-09-30,23.31,351500000,1999300000.0,595000000,215700000,50600000,65000000,65000000,None,19300000,None,237100000,None,None,199200000,None,None,113600000,None,None,None,0.226,186900000,368200000,226800000,40700000,171400000,None,None,None,None,None,None,None,2.365,6.57,4.252,None,None,None,None,None,-10000000,None,0.151,None,267800000,2025-10-28,quarterly,5.17,USD,pre-market,6500000,749100000,0.0999,0.25,0.041,106.48,357900000,228800000,29600000,121300000,410.73,442.18,3.6072,1667000000,820100000,360500000,668900000,846900000,308400000,2104900000,998100000,28.49,None,482.66,296.56
2025-12-28,HUBB,15.97,5686200000.0,28.49,None,1.004,69.27,25500000,None,110600000,110600000,-148700000,-15300000,-21200000,-9900000,23000000,None,None,-81400000,600000,61800000,None,1509900000,1509900000,159500000,None,None,310400000,None,None,50400000,36300000,5.28,0.0116,42200000,42200000,None,0.141,0.18,226800000,277200000,4.99,2018-06-30,23.31,351500000,1999300000.0,595000000,215700000,50600000,65000000,65000000,None,19300000,None,237100000,None,None,199200000,None,None,100300000,None,None,None,0.226,152700000,368200000,226800000,40700000,171400000,None,None,None,None,None,None,None,2.365,6.57,4.252,None,None,None,None,None,-10000000,None,0.151,None,267800000,2025-10-28,quarterly,5.17,USD,pre-market,6500000,749100000,0.0999,0.25,0.041,106.48,357900000,228800000,29600000,121300000,410.73,442.18,3.6072,1667000000,820100000,360500000,668900000,846900000,308400000,2104900000,998100000,28.49,None,482.66,296.56
2025-12-28,HUBB,15.97,5686200000.0,28.49,None,1.004,69.27,22000000,None,110600000,110600000,975000000,-1139800000,-158700000,6500000,-19100000,None,None,-46900000,600000,61800000,None,1509900000,1509900000,159500000,None,None,310400000,None,None,50400000,39300000,5.28,0.0116,42200000,42200000,None,0.141,0.18,226800000,277200000,4.99,2018-03-31,23.31,351500000,1999300000.0,595000000,215700000,50600000,65000000,65000000,None,19300000,None,237100000,None,None,199200000,None,None,58300000,None,None,None,0.226,-400000,368200000,226800000,40700000,171400000,None,None,None,None,None,None,None,2.365,6.57,4.252,None,None,None,None,None,0,None,0.151,None,267800000,2025-10-28,quarterly,5.17,USD,pre-market,6500000,749100000,0.0999,0.25,0.041,106.48,357900000,228800000,29600000,121300000,410.73,442.18,3.6072,1667000000,820100000,360500000,668900000,846900000,308400000,2104900000,998100000,28.49,None,482.66,296.56
2025-12-28,HUBB,15.97,5686200000.0,28.49,None,1.004,69.27,26500000,None,110600000,110600000,-74400000,-84000000,-11400000,-3400000,-11100000,None,None,76900000,600000,61800000,None,1509900000,1509900000,159500000,None,None,310400000,None,None,50400000,23800000,5.28,0.0116,42100000,42100000,None,0.141,0.18,226800000,277200000,4.99,2017-12-31,23.31,351500000,1999300000.0,595000000,215700000,50600000,65000000,65000000,None,19300000,None,237100000,None,None,199200000,None,None,20400000,None,None,None,0.226,150400000,368200000,226800000,40700000,171400000,None,None,None,None,None,None,None,2.365,6.57,4.252,None,None,None,None,None,100000,None,0.151,None,267800000,2025-10-28,quarterly,5.17,USD,pre-market,6500000,749100000,0.0999,0.25,0.041,106.48,357900000,228800000,29600000,121300000,410.73,442.18,3.6072,1667000000,820100000,360500000,668900000,846900000,308400000,2104900000,998100000,28.49,None,482.66,296.56
2025-12-28,HUBB,15.97,5686200000.0,28.49,None,1.004,69.27,20200000,None,110600000,110600000,-65200000,-21700000,18700000,9100000,-36400000,None,None,-11300000,600000,61800000,None,1509900000,1509900000,159500000,None,None,310400000,None,None,50400000,25600000,5.28,0.0116,38300000,38300000,None,0.141,0.18,226800000,277200000,4.99,2017-09-30,23.31,351500000,1999300000.0,595000000,215700000,50600000,65000000,65000000,None,19300000,None,237100000,None,None,199200000,None,None,80800000,None,None,None,0.226,96500000,368200000,226800000,40700000,171400000,None,None,None,None,None,None,None,2.365,6.57,4.252,None,None,None,None,None,0,None,0.151,None,267800000,2025-10-28,quarterly,5.17,USD,pre-market,6500000,749100000,0.0999,0.25,0.041,106.48,357900000,228800000,29600000,121300000,410.73,442.18,3.6072,1667000000,820100000,360500000,668900000,846900000,308400000,2104900000,998100000,28.49,None,482.66,296.56
2025-12-28,HUBB,15.97,5686200000.0,28.49,None,1.004,69.27,19400000,None,110600000,110600000,19400000,-107000000,-13300000,5200000,-30600000,None,None,-48600000,600000,61800000,None,1509900000,1509900000,159500000,None,None,310400000,None,None,50400000,26200000,5.28,0.0116,38400000,38400000,None,0.141,0.18,226800000,277200000,4.99,2017-06-30,23.31,351500000,1999300000.0,595000000,215700000,50600000,65000000,65000000,None,19300000,None,237100000,None,None,199200000,None,None,79100000,None,None,None,0.226,69100000,368200000,226800000,40700000,171400000,None,None,None,None,None,None,None,2.365,6.57,4.252,None,None,None,None,None,-40000000,None,0.151,None,267800000,2025-10-28,quarterly,5.17,USD,pre-market,6500000,749100000,0.0999,0.25,0.041,106.48,357900000,228800000,29600000,121300000,410.73,442.18,3.6072,1667000000,820100000,360500000,668900000,846900000,308400000,2104900000,998100000,28.49,None,482.66,296.56
2025-12-28,HUBB,15.97,5686200000.0,28.49,None,1.004,69.27,13600000,None,110600000,110600000,-94100000,-32900000,-56600000,7400000,-12200000,None,None,-13100000,600000,61800000,None,1509900000,1509900000,159500000,None,None,310400000,None,None,50400000,24200000,5.28,0.0116,38800000,38800000,None,0.141,0.18,226800000,277200000,4.99,2017-03-31,23.31,351500000,1999300000.0,595000000,215700000,50600000,65000000,65000000,None,19300000,None,237100000,None,None,199200000,None,None,62800000,None,None,None,0.226,63000000,368200000,226800000,40700000,171400000,None,None,None,None,None,None,None,2.365,6.57,4.252,None,None,None,None,None,-52600000,None,0.151,None,267800000,2025-10-28,quarterly,5.17,USD,pre-market,6500000,749100000,0.0999,0.25,0.041,106.48,357900000,228800000,29600000,121300000,410.73,442.18,3.6072,1667000000,820100000,360500000,668900000,846900000,308400000,2104900000,998100000,28.49,None,482.66,296.56
2025-12-28,HUBB,15.97,5686200000.0,28.49,None,1.004,69.27,21400000,None,110600000,110600000,-40800000,-10900000,73100000,-12700000,9800000,None,None,31500000,600000,61800000,None,1509900000,1509900000,159500000,None,None,310400000,None,None,50400000,23700000,5.28,0.0116,38900000,38900000,None,0.141,0.18,226800000,277200000,4.99,2016-12-31,23.31,351500000,1999300000.0,595000000,215700000,50600000,65000000,65000000,None,19300000,None,237100000,None,None,199200000,None,None,64400000,None,None,None,0.226,137500000,368200000,226800000,40700000,171400000,None,None,None,None,None,None,None,2.365,6.57,4.252,None,None,None,None,None,246800000,None,0.151,None,267800000,2025-10-28,quarterly,5.17,USD,pre-market,6500000,749100000,0.0999,0.25,0.041,106.48,357900000,228800000,29600000,121300000,410.73,442.18,3.6072,1667000000,820100000,360500000,668900000,846900000,308400000,2104900000,998100000,28.49,None,482.66,296.56
2025-12-28,HUBB,15.97,5686200000.0,28.49,None,1.004,69.27,15900000,None,110600000,110600000,-92300000,-18600000,26000000,-1600000,4500000,None,None,-33800000,600000,61800000,None,1509900000,1509900000,159500000,None,None,310400000,None,None,50400000,22700000,5.28,0.0116,34800000,34800000,None,0.141,0.18,226800000,277200000,4.99,2016-09-30,23.31,351500000,1999300000.0,595000000,215700000,50600000,65000000,65000000,None,19300000,None,237100000,None,None,199200000,None,None,86700000,None,None,None,0.226,138500000,368200000,226800000,40700000,171400000,None,None,None,None,None,None,None,2.365,6.57,4.252,None,None,None,None,None,0,None,0.151,None,267800000,2025-10-28,quarterly,5.17,USD,pre-market,6500000,749100000,0.0999,0.25,0.041,106.48,357900000,228800000,29600000,121300000,410.73,442.18,3.6072,1667000000,820100000,360500000,668900000,846900000,308400000,2104900000,998100000,28.49,None,482.66,296.56
2025-12-28,HUBB,15.97,5686200000.0,28.49,None,1.004,69.27,14600000,None,110600000,110600000,-22600000,-12500000,17700000,-11500000,10200000,None,None,-12900000,600000,61800000,None,1509900000,1509900000,159500000,None,None,310400000,None,None,50400000,23200000,5.28,0.0116,34800000,34800000,None,0.141,0.18,226800000,277200000,4.99,2016-06-30,23.31,351500000,1999300000.0,595000000,215700000,50600000,65000000,65000000,None,19300000,None,237100000,None,None,199200000,None,None,81000000,None,None,None,0.226,64300000,368200000,226800000,40700000,171400000,None,None,None,None,None,None,None,2.365,6.57,4.252,None,None,None,None,None,-45000000,None,0.151,None,267800000,2025-10-28,quarterly,5.17,USD,pre-market,6500000,749100000,0.0999,0.25,0.041,106.48,357900000,228800000,29600000,121300000,410.73,442.18,3.6072,1667000000,820100000,360500000,668900000,846900000,308400000,2104900000,998100000,28.49,None,482.66,296.56
2025-12-28,HUBB,15.97,5686200000.0,28.49,None,1.004,69.27,15300000,None,110600000,110600000,104500000,-188000000,-22700000,-1500000,-6100000,None,None,-27100000,600000,61800000,None,1509900000,1509900000,159500000,None,None,310400000,None,None,50400000,22700000,5.28,0.0116,35500000,35500000,None,0.141,0.18,226800000,277200000,4.99,2016-03-31,23.31,351500000,1999300000.0,595000000,215700000,50600000,65000000,65000000,None,19300000,None,237100000,None,None,199200000,None,None,60900000,None,None,None,0.226,62300000,368200000,226800000,40700000,171400000,None,None,None,None,None,None,None,2.365,6.57,4.252,None,None,None,None,None,-201800000,None,0.151,None,267800000,2025-10-28,quarterly,5.17,USD,pre-market,6500000,749100000,0.0999,0.25,0.041,106.48,357900000,228800000,29600000,121300000,410.73,442.18,3.6072,1667000000,820100000,360500000,668900000,846900000,308400000,2104900000,998100000,28.49,None,482.66,296.56
2025-12-28,HUBB,15.97,5686200000.0,28.49,None,1.004,69.27,24800000,None,110600000,110600000,-196400000,-29600000,-90300000,-2300000,-10500000,None,None,62400000,600000,61800000,None,1509900000,1509900000,159500000,None,None,310400000,None,None,50400000,21600000,5.28,0.0116,36500000,36500000,None,0.141,0.18,226800000,277200000,4.99,2015-12-31,23.31,351500000,1999300000.0,595000000,215700000,50600000,65000000,65000000,None,19300000,None,237100000,None,None,199200000,None,None,61500000,None,None,None,0.226,138000000,368200000,226800000,40700000,171400000,None,None,None,None,None,None,None,2.365,6.57,4.252,None,None,None,None,None,-3100000,None,0.151,None,267800000,2025-10-28,quarterly,5.17,USD,pre-market,6500000,749100000,0.0999,0.25,0.041,106.48,357900000,228800000,29600000,121300000,410.73,442.18,3.6072,1667000000,820100000,360500000,668900000,846900000,308400000,2104900000,998100000,28.49,None,482.66,296.56
2025-12-28,HUBB,15.97,5686200000.0,28.49,None,1.004,69.27,17800000,None,110600000,110600000,-32700000,-58100000,-10500000,-14100000,-19000000,None,None,-23100000,600000,61800000,None,1509900000,1509900000,159500000,None,None,310400000,None,None,50400000,20700000,5.28,0.0116,32300000,32300000,None,0.141,0.18,226800000,277200000,4.99,2015-09-30,23.31,351500000,1999300000.0,595000000,215700000,50600000,65000000,65000000,None,19300000,None,237100000,None,None,199200000,None,None,73300000,None,None,None,0.226,94400000,368200000,226800000,40700000,171400000,None,None,None,None,None,None,None,2.365,6.57,4.252,None,None,None,None,None,400000,None,0.151,None,267800000,2025-10-28,quarterly,5.17,USD,pre-market,6500000,749100000,0.0999,0.25,0.041,106.48,357900000,228800000,29600000,121300000,410.73,442.18,3.6072,1667000000,820100000,360500000,668900000,846900000,308400000,2104900000,998100000,28.49,None,482.66,296.56
2025-12-28,HUBB,15.97,5686200000.0,28.49,None,1.004,69.27,18200000,None,110600000,110600000,-32800000,-16800000,31000000,7700000,-25200000,None,None,-8600000,600000,61800000,None,1509900000,1509900000,159500000,None,None,310400000,None,None,50400000,21200000,5.28,0.0116,32400000,32400000,None,0.141,0.18,226800000,277200000,4.99,2015-06-30,23.31,351500000,1999300000.0,595000000,215700000,50600000,65000000,65000000,None,19300000,None,237100000,None,None,199200000,None,None,80100000,None,None,None,0.226,72900000,368200000,226800000,40700000,171400000,None,None,None,None,None,None,None,2.365,6.57,4.252,None,None,None,None,None,0,None,0.151,None,267800000,2025-10-28,quarterly,5.17,USD,pre-market,6500000,749100000,0.0999,0.25,0.041,106.48,357900000,228800000,29600000,121300000,410.73,442.18,3.6072,1667000000,820100000,360500000,668900000,846900000,308400000,2104900000,998100000,28.49,None,482.66,296.56
2025-12-28,HUBB,15.97,5686200000.0,28.49,None,1.004,69.27,16300000,None,110600000,110600000,-109200000,-144700000,-240600000,-12500000,-26100000,None,None,-28800000,600000,61800000,None,1509900000,1509900000,159500000,None,None,310400000,None,None,50400000,21700000,5.28,0.0116,32500000,32500000,None,0.141,0.18,226800000,277200000,4.99,2015-03-31,23.31,351500000,1999300000.0,595000000,215700000,50600000,65000000,65000000,None,19300000,None,237100000,None,None,199200000,None,None,62400000,None,None,None,0.226,25800000,368200000,226800000,40700000,171400000,None,None,None,None,None,None,None,2.365,6.57,4.252,None,None,None,None,None,-76000000,None,0.151,None,267800000,2025-10-28,quarterly,5.17,USD,pre-market,6500000,749100000,0.0999,0.25,0.041,106.48,357900000,228800000,29600000,121300000,410.73,442.18,3.6072,1667000000,820100000,360500000,668900000,846900000,308400000,2104900000,998100000,28.49,None,482.66,296.56
2025-12-28,HUBB,15.97,5686200000.0,28.49,None,1.004,69.27,17700000,None,110600000,110600000,-99800000,-39700000,100000,-13600000,2900000,None,None,70600000,600000,61800000,None,1509900000,1509900000,159500000,None,None,310400000,None,None,50400000,20200000,5.28,0.0116,32600000,32600000,None,0.141,0.18,226800000,277200000,4.99,2014-12-31,23.31,351500000,1999300000.0,595000000,215700000,50600000,65000000,65000000,None,19300000,None,237100000,None,None,199200000,None,None,81300000,None,None,None,0.226,153200000,368200000,226800000,40700000,171400000,None,None,None,None,None,None,None,2.365,6.57,4.252,None,None,None,None,None,-70500000,None,0.151,None,267800000,2025-10-28,quarterly,5.17,USD,pre-market,6500000,749100000,0.0999,0.25,0.041,106.48,357900000,228800000,29600000,121300000,410.73,442.18,3.6072,1667000000,820100000,360500000,668900000,846900000,308400000,2104900000,998100000,28.49,None,482.66,296.56
2025-12-28,HUBB,15.97,5686200000.0,28.49,None,1.004,69.27,15500000,None,110600000,110600000,-39800000,-28600000,56400000,-12300000,-18600000,None,None,-41300000,600000,61800000,None,1509900000,1509900000,159500000,None,None,310400000,None,None,50400000,20100000,5.28,0.0116,29500000,29500000,None,0.141,0.18,226800000,277200000,4.99,2014-09-30,23.31,351500000,1999300000.0,595000000,215700000,50600000,65000000,65000000,None,19300000,None,237100000,None,None,199200000,None,None,90500000,None,None,None,0.226,137100000,368200000,226800000,40700000,171400000,None,None,None,None,None,None,None,2.365,6.57,4.252,None,None,None,None,None,-11700000,None,0.151,None,267800000,2025-10-28,quarterly,5.17,USD,pre-market,6500000,749100000,0.0999,0.25,0.041,106.48,357900000,228800000,29600000,121300000,410.73,442.18,3.6072,1667000000,820100000,360500000,668900000,846900000,308400000,2104900000,998100000,28.49,None,482.66,296.56
2025-12-28,HUBB,15.97,5686200000.0,28.49,None,1.004,69.27,14400000,None,110600000,110600000,-40400000,-71300000,-49900000,4000000,-6100000,None,None,-27200000,600000,61800000,None,1509900000,1509900000,159500000,None,None,310400000,None,None,50400000,20000000,5.28,0.0116,29500000,29500000,None,0.141,0.18,226800000,277200000,4.99,2014-06-30,23.31,351500000,1999300000.0,595000000,215700000,50600000,65000000,65000000,None,19300000,None,237100000,None,None,199200000,None,None,90800000,None,None,None,0.226,57800000,368200000,226800000,40700000,171400000,None,None,None,None,None,None,None,2.365,6.57,4.252,None,None,None,None,None,-11800000,None,0.151,None,267800000,2025-10-28,quarterly,5.17,USD,pre-market,6500000,749100000,0.0999,0.25,0.041,106.48,357900000,228800000,29600000,121300000,410.73,442.18,3.6072,1667000000,820100000,360500000,668900000,846900000,308400000,2104900000,998100000,28.49,None,482.66,296.56
2025-12-28,HUBB,15.97,5686200000.0,28.49,None,1.004,69.27,12700000,None,110600000,110600000,-35600000,-103000000,-93400000,1800000,-25100000,None,None,-19900000,600000,61800000,None,1509900000,1509900000,159500000,None,None,310400000,None,None,50400000,18900000,5.28,0.0116,29600000,29600000,None,0.141,0.18,226800000,277200000,4.99,2014-03-31,23.31,351500000,1999300000.0,595000000,215700000,50600000,65000000,65000000,None,19300000,None,237100000,None,None,199200000,None,None,65300000,None,None,None,0.226,43400000,368200000,226800000,40700000,171400000,None,None,None,None,None,None,None,2.365,6.57,4.252,None,None,None,None,None,-11500000,None,0.151,None,267800000,2025-10-28,quarterly,5.17,USD,pre-market,6500000,749100000,0.0999,0.25,0.041,106.48,357900000,228800000,29600000,121300000,410.73,442.18,3.6072,1667000000,820100000,360500000,668900000,846900000,308400000,2104900000,998100000,28.49,None,482.66,296.56
2025-12-28,HUBB,15.97,5686200000.0,28.49,None,1.004,69.27,18400000,None,110600000,110600000,-27000000,-17800000,110300000,-800000,19200000,None,None,56500000,600000,61800000,None,1509900000,1509900000,159500000,None,None,310400000,None,None,50400000,18100000,5.28,0.0116,29600000,29600000,None,0.141,0.18,226800000,277200000,4.99,2013-12-31,23.31,351500000,1999300000.0,595000000,215700000,50600000,65000000,65000000,None,19300000,None,237100000,None,None,199200000,None,None,82000000,None,None,None,0.226,155900000,368200000,226800000,40700000,171400000,None,None,None,None,None,None,None,2.365,6.57,4.252,None,None,None,None,None,31000000,None,0.151,None,267800000,2025-10-28,quarterly,5.17,USD,pre-market,6500000,749100000,0.0999,0.25,0.041,106.48,357900000,228800000,29600000,121300000,410.73,442.18,3.6072,1667000000,820100000,360500000,668900000,846900000,308400000,2104900000,998100000,28.49,None,482.66,296.56
2025-12-28,HUBB,15.97,5686200000.0,28.49,None,1.004,69.27,14400000,None,110600000,110600000,-50200000,-28500000,-58800000,700000,-14700000,None,None,-53900000,600000,61800000,None,1509900000,1509900000,159500000,None,None,310400000,None,None,50400000,18100000,5.28,0.0116,26600000,26600000,None,0.141,0.18,226800000,277200000,4.99,2013-09-30,23.31,351500000,1999300000.0,595000000,215700000,50600000,65000000,65000000,None,19300000,None,237100000,None,None,199200000,None,None,96500000,None,None,None,0.226,117400000,368200000,226800000,40700000,171400000,None,None,None,None,None,None,None,2.365,6.57,4.252,None,None,None,None,None,-24500000,None,0.151,None,267800000,2025-10-28,quarterly,5.17,USD,pre-market,6500000,749100000,0.0999,0.25,0.041,106.48,357900000,228800000,29600000,121300000,410.73,442.18,3.6072,1667000000,820100000,360500000,668900000,846900000,308400000,2104900000,998100000,28.49,None,482.66,296.56
2025-12-28,HUBB,15.97,5686200000.0,28.49,None,1.004,69.27,13000000,None,110600000,110600000,-32000000,-49000000,83000000,None,-23400000,None,None,None,600000,61800000,None,1509900000,1509900000,159500000,None,None,310400000,None,None,50400000,17200000,5.28,0.0116,26600000,26600000,None,0.141,0.18,226800000,277200000,4.99,2013-06-30,23.31,351500000,1999300000.0,595000000,215700000,50600000,65000000,65000000,None,19300000,None,237100000,None,None,199200000,None,None,82100000,None,None,None,0.226,65800000,368200000,226800000,40700000,171400000,None,None,None,None,None,None,None,2.365,6.57,4.252,None,None,None,None,None,-6500000,None,0.151,None,267800000,2025-10-28,quarterly,5.17,USD,pre-market,6500000,749100000,0.0999,0.25,0.041,106.48,357900000,228800000,29600000,121300000,410.73,442.18,3.6072,1667000000,820100000,360500000,668900000,846900000,308400000,2104900000,998100000,28.49,None,482.66,296.56
2025-12-28,HUBB,15.97,5686200000.0,28.49,None,1.004,69.27,13000000,None,110600000,110600000,-21700000,-55800000,-38800000,-4000000,-7000000,None,None,-33500000,600000,61800000,None,1509900000,1509900000,159500000,None,None,310400000,None,None,50400000,17200000,5.28,0.0116,26700000,26700000,None,0.141,0.18,226800000,277200000,4.99,2013-03-31,23.31,351500000,1999300000.0,595000000,215700000,50600000,65000000,65000000,None,19300000,None,237100000,None,None,199200000,None,None,65900000,None,None,None,0.226,42700000,368200000,226800000,40700000,171400000,None,None,None,None,None,None,None,2.365,6.57,4.252,None,None,None,None,None,800000,None,0.151,None,267800000,2025-10-28,quarterly,5.17,USD,pre-market,6500000,749100000,0.0999,0.25,0.041,106.48,357900000,228800000,29600000,121300000,410.73,442.18,3.6072,1667000000,820100000,360500000,668900000,846900000,308400000,2104900000,998100000,28.49,None,482.66,296.56
2025-12-28,HUBB,15.97,5686200000.0,28.49,None,1.004,69.27,17800000,None,110600000,110600000,-64200000,-54200000,12800000,5000000,17700000,None,None,35900000,600000,61800000,None,1509900000,1509900000,159500000,None,None,310400000,None,None,50400000,17600000,5.28,0.0116,51000000,51000000,None,0.141,0.18,226800000,277200000,4.99,2012-12-31,23.31,351500000,1999300000.0,595000000,215700000,50600000,65000000,65000000,None,19300000,None,237100000,None,None,199200000,None,None,72900000,None,None,None,0.226,157100000,368200000,226800000,40700000,171400000,None,None,None,None,None,None,None,2.365,6.57,4.252,None,None,None,None,None,-20000000,None,0.151,None,267800000,2025-10-28,quarterly,5.17,USD,pre-market,6500000,749100000,0.0999,0.25,0.041,106.48,357900000,228800000,29600000,121300000,410.73,442.18,3.6072,1667000000,820100000,360500000,668900000,846900000,308400000,2104900000,998100000,28.49,None,482.66,296.56
2025-12-28,HUBB,15.97,5686200000.0,28.49,None,1.004,69.27,10300000,None,110600000,110600000,-34400000,3700000,87600000,None,1100000,None,None,None,600000,61800000,None,1509900000,1509900000,159500000,None,None,310400000,None,None,50400000,16200000,5.28,0.0116,24400000,24400000,None,0.141,0.18,226800000,277200000,4.99,2012-09-30,23.31,351500000,1999300000.0,595000000,215700000,50600000,65000000,65000000,None,19300000,None,237100000,None,None,199200000,None,None,87600000,None,None,None,0.226,87400000,368200000,226800000,40700000,171400000,None,None,None,None,None,None,None,2.365,6.57,4.252,None,None,None,None,None,-13500000,None,0.151,None,267800000,2025-10-28,quarterly,5.17,USD,pre-market,6500000,749100000,0.0999,0.25,0.041,106.48,357900000,228800000,29600000,121300000,410.73,442.18,3.6072,1667000000,820100000,360500000,668900000,846900000,308400000,2104900000,998100000,28.49,None,482.66,296.56
2025-12-28,HUBB,15.97,5686200000.0,28.49,None,1.004,69.27,9600000,None,110600000,110600000,-22500000,-49300000,-17800000,-5500000,-15200000,None,None,-16500000,600000,61800000,None,1509900000,1509900000,159500000,None,None,310400000,None,None,50400000,16800000,5.28,0.0116,24500000,24500000,None,0.141,0.18,226800000,277200000,4.99,2012-06-30,23.31,351500000,1999300000.0,595000000,215700000,50600000,65000000,65000000,None,19300000,None,237100000,None,None,199200000,None,None,78000000,None,None,None,0.226,59500000,368200000,226800000,40700000,171400000,None,None,None,None,None,None,None,2.365,6.57,4.252,None,None,None,None,None,1500000,None,0.151,None,267800000,2025-10-28,quarterly,5.17,USD,pre-market,6500000,749100000,0.0999,0.25,0.041,106.48,357900000,228800000,29600000,121300000,410.73,442.18,3.6072,1667000000,820100000,360500000,668900000,846900000,308400000,2104900000,998100000,28.49,None,482.66,296.56
2025-12-28,HUBB,15.97,5686200000.0,28.49,None,1.004,69.27,11400000,None,110600000,110600000,-40600000,-16300000,-7200000,4600000,-15400000,None,None,-21200000,600000,61800000,None,1509900000,1509900000,159500000,None,None,310400000,None,None,50400000,16200000,5.28,0.0116,22400000,22400000,None,0.141,0.18,226800000,277200000,4.99,2012-03-31,23.31,351500000,1999300000.0,595000000,215700000,50600000,65000000,65000000,None,19300000,None,237100000,None,None,199200000,None,None,63600000,None,None,None,0.226,45100000,368200000,226800000,40700000,171400000,None,None,None,None,None,None,None,2.365,6.57,4.252,None,None,None,None,None,-42100000,None,0.151,None,267800000,2025-10-28,quarterly,5.17,USD,pre-market,6500000,749100000,0.0999,0.25,0.041,106.48,357900000,228800000,29600000,121300000,410.73,442.18,3.6072,1667000000,820100000,360500000,668900000,846900000,308400000,2104900000,998100000,28.49,None,482.66,296.56
2025-12-28,HUBB,15.97,5686200000.0,28.49,None,1.004,69.27,14100000,None,110600000,110600000,-14100000,-44900000,57800000,-1000000,17100000,None,None,64700000,600000,61800000,None,1509900000,1509900000,159500000,None,None,310400000,None,None,50400000,16500000,5.28,0.0116,22400000,22400000,None,0.141,0.18,226800000,277200000,4.99,2011-12-31,23.31,351500000,1999300000.0,595000000,215700000,50600000,65000000,65000000,None,19300000,None,237100000,None,None,199200000,None,None,70500000,None,None,None,0.226,117800000,368200000,226800000,40700000,171400000,None,None,None,None,None,None,None,2.365,6.57,4.252,None,None,None,None,None,137700000,None,0.151,None,267800000,2025-10-28,quarterly,5.17,USD,pre-market,6500000,749100000,0.0999,0.25,0.041,106.48,357900000,228800000,29600000,121300000,410.73,442.18,3.6072,1667000000,820100000,360500000,668900000,846900000,308400000,2104900000,998100000,28.49,None,482.66,296.56
2025-12-28,HUBB,15.97,5686200000.0,28.49,None,1.004,69.27,10200000,None,110600000,110600000,-77700000,-13600000,1400000,-8100000,-11200000,None,None,-53800000,600000,61800000,None,1509900000,1509900000,159500000,None,None,310400000,None,None,50400000,16900000,5.28,0.0116,22800000,22800000,None,0.141,0.18,226800000,277200000,4.99,2011-09-30,23.31,351500000,1999300000.0,595000000,215700000,50600000,65000000,65000000,None,19300000,None,237100000,None,None,199200000,None,None,83300000,None,None,None,0.226,100800000,368200000,226800000,40700000,171400000,None,None,None,None,None,None,None,2.365,6.57,4.252,None,None,None,None,None,-55500000,None,0.151,None,267800000,2025-10-28,quarterly,5.17,USD,pre-market,6500000,749100000,0.0999,0.25,0.041,106.48,357900000,228800000,29600000,121300000,410.73,442.18,3.6072,1667000000,820100000,360500000,668900000,846900000,308400000,2104900000,998100000,28.49,None,482.66,296.56
2025-12-28,HUBB,15.97,5686200000.0,28.49,None,1.004,69.27,9100000,None,110600000,110600000,-44400000,-9000000,13500000,4000000,-18400000,None,None,-5200000,600000,61800000,None,1509900000,1509900000,159500000,None,None,310400000,None,None,50400000,17200000,5.28,0.0116,23000000,23000000,None,0.141,0.18,226800000,277200000,4.99,2011-06-30,23.31,351500000,1999300000.0,595000000,215700000,50600000,65000000,65000000,None,19300000,None,237100000,None,None,199200000,None,None,65700000,None,None,None,0.226,62900000,368200000,226800000,40700000,171400000,None,None,None,None,None,None,None,2.365,6.57,4.252,None,None,None,None,None,-22300000,None,0.151,None,267800000,2025-10-28,quarterly,5.17,USD,pre-market,6500000,749100000,0.0999,0.25,0.041,106.48,357900000,228800000,29600000,121300000,410.73,442.18,3.6072,1667000000,820100000,360500000,668900000,846900000,308400000,2104900000,998100000,28.49,None,482.66,296.56
2025-12-28,HUBB,15.97,5686200000.0,28.49,None,1.004,69.27,22000000,None,110600000,110600000,-62100000,-19000000,-23800000,3800000,-3900000,None,None,-57300000,600000,61800000,None,1509900000,1509900000,159500000,None,None,310400000,None,None,50400000,17600000,5.28,0.0116,21900000,21900000,None,0.141,0.18,226800000,277200000,4.99,2011-03-31,23.31,351500000,1999300000.0,595000000,215700000,50600000,65000000,65000000,None,19300000,None,237100000,None,None,199200000,None,None,50300000,None,None,None,0.226,53500000,368200000,226800000,40700000,171400000,None,None,None,None,None,None,None,2.365,6.57,4.252,None,None,None,None,None,-59900000,None,0.151,None,267800000,2025-10-28,quarterly,5.17,USD,pre-market,6500000,749100000,0.0999,0.25,0.041,106.48,357900000,228800000,29600000,121300000,410.73,442.18,3.6072,1667000000,820100000,360500000,668900000,846900000,308400000,2104900000,998100000,28.49,None,482.66,296.56
2025-12-28,HUBB,15.97,5686200000.0,28.49,None,1.004,69.27,13500000,None,110600000,110600000,97600000,-11200000,None,None,-3300000,None,None,None,600000,61800000,None,1509900000,1509900000,159500000,None,None,310400000,None,None,50400000,17700000,5.28,0.0116,22700000,22700000,None,0.141,0.18,226800000,277200000,4.99,2010-12-31,23.31,351500000,1999300000.0,595000000,215700000,50600000,65000000,65000000,None,19300000,None,237100000,None,None,199200000,None,None,50200000,None,None,None,0.226,90200000,368200000,226800000,40700000,171400000,None,None,None,None,None,None,None,2.365,6.57,4.252,None,None,None,None,None,-20400000,None,0.151,None,267800000,2025-10-28,quarterly,5.17,USD,pre-market,6500000,749100000,0.0999,0.25,0.041,106.48,357900000,228800000,29600000,121300000,410.73,442.18,3.6072,1667000000,820100000,360500000,668900000,846900000,308400000,2104900000,998100000,28.49,None,482.66,296.56
2025-12-28,HUBB,15.97,5686200000.0,28.49,None,1.004,69.27,11500000,None,110600000,110600000,-21900000,-13100000,None,None,-14700000,None,None,None,600000,61800000,None,1509900000,1509900000,159500000,None,None,310400000,None,None,50400000,18000000,5.28,0.0116,21600000,21600000,None,0.141,0.18,226800000,277200000,4.99,2010-09-30,23.31,351500000,1999300000.0,595000000,215700000,50600000,65000000,65000000,None,19300000,None,237100000,None,None,199200000,None,None,71700000,None,None,None,0.226,82900000,368200000,226800000,40700000,171400000,None,None,None,None,None,None,None,2.365,6.57,4.252,None,None,None,None,None,0,None,0.151,None,267800000,2025-10-28,quarterly,5.17,USD,pre-market,6500000,749100000,0.0999,0.25,0.041,106.48,357900000,228800000,29600000,121300000,410.73,442.18,3.6072,1667000000,820100000,360500000,668900000,846900000,308400000,2104900000,998100000,28.49,None,482.66,296.56
2025-12-28,HUBB,15.97,5686200000.0,28.49,None,1.004,69.27,11200000,None,110600000,110600000,-24000000,-19900000,None,None,-6600000,None,None,None,600000,61800000,None,1509900000,1509900000,159500000,None,None,310400000,None,None,50400000,18500000,5.28,0.0116,21500000,21500000,None,0.141,0.18,226800000,277200000,4.99,2010-06-30,23.31,351500000,1999300000.0,595000000,215700000,50600000,65000000,65000000,None,19300000,None,237100000,None,None,199200000,None,None,57900000,None,None,None,0.226,69200000,368200000,226800000,40700000,171400000,None,None,None,None,None,None,None,2.365,6.57,4.252,None,None,None,None,None,0,None,0.151,None,267800000,2025-10-28,quarterly,5.17,USD,pre-market,6500000,749100000,0.0999,0.25,0.041,106.48,357900000,228800000,29600000,121300000,410.73,442.18,3.6072,1667000000,820100000,360500000,668900000,846900000,308400000,2104900000,998100000,28.49,None,482.66,296.56
2025-12-28,HUBB,15.97,5686200000.0,28.49,None,1.004,69.27,11100000,None,110600000,110600000,-6200000,-10500000,None,None,-8000000,None,None,None,600000,61800000,None,1509900000,1509900000,159500000,None,None,310400000,None,None,50400000,18300000,5.28,0.0116,20900000,20900000,None,0.141,0.18,226800000,277200000,4.99,2010-03-31,23.31,351500000,1999300000.0,595000000,215700000,50600000,65000000,65000000,None,19300000,None,237100000,None,None,199200000,None,None,38600000,None,None,None,0.226,23900000,368200000,226800000,40700000,171400000,None,None,None,None,None,None,None,2.365,6.57,4.252,None,None,None,None,None,None,None,0.151,None,267800000,2025-10-28,quarterly,5.17,USD,pre-market,6500000,749100000,0.0999,0.25,0.041,106.48,357900000,228800000,29600000,121300000,410.73,442.18,3.6072,1667000000,820100000,360500000,668900000,846900000,308400000,2104900000,998100000,28.49,None,482.66,296.56
2025-12-28,HUBB,15.97,5686200000.0,28.49,None,1.004,69.27,10100000,None,110600000,110600000,106300000,-361500000,None,None,8600000,None,None,None,600000,61800000,None,1509900000,1509900000,159500000,None,None,310400000,None,None,50400000,19500000,5.28,0.0116,19800000,19800000,None,0.141,0.18,226800000,277200000,4.99,2009-12-31,23.31,351500000,1999300000.0,595000000,215700000,50600000,65000000,65000000,None,19300000,None,237100000,None,None,199200000,None,None,50100000,None,None,None,0.226,100600000,368200000,226800000,40700000,171400000,None,None,None,None,None,None,None,2.365,6.57,4.252,None,None,None,None,None,None,None,0.151,None,267800000,2025-10-28,quarterly,5.17,USD,pre-market,6500000,749100000,0.0999,0.25,0.041,106.48,357900000,228800000,29600000,121300000,410.73,442.18,3.6072,1667000000,820100000,360500000,668900000,846900000,308400000,2104900000,998100000,28.49,None,482.66,296.56
2025-12-28,HUBB,15.97,5686200000.0,28.49,None,1.004,69.27,5600000,None,110600000,110600000,-17500000,1900000,None,None,33300000,None,None,None,600000,61800000,None,1509900000,1509900000,159500000,None,None,310400000,None,None,50400000,16700000,5.28,0.0116,19700000,19700000,None,0.141,0.18,226800000,277200000,4.99,2009-09-30,23.31,351500000,1999300000.0,595000000,215700000,50600000,65000000,65000000,None,19300000,None,237100000,None,None,199200000,None,None,57500000,None,None,None,0.226,143400000,368200000,226800000,40700000,171400000,None,None,None,None,None,None,None,2.365,6.57,4.252,None,None,None,None,None,None,None,0.151,None,267800000,2025-10-28,quarterly,5.17,USD,pre-market,6500000,749100000,0.0999,0.25,0.041,106.48,357900000,228800000,29600000,121300000,410.73,442.18,3.6072,1667000000,820100000,360500000,668900000,846900000,308400000,2104900000,998100000,28.49,None,482.66,296.56
2025-12-28,HUBB,15.97,5686200000.0,28.49,None,1.004,69.27,5700000,None,110600000,110600000,-19300000,-3300000,None,None,44700000,None,None,None,600000,61800000,None,1509900000,1509900000,159500000,None,None,310400000,None,None,50400000,17300000,5.28,0.0116,19700000,19700000,None,0.141,0.18,226800000,277200000,4.99,2009-06-30,23.31,351500000,1999300000.0,595000000,215700000,50600000,65000000,65000000,None,19300000,None,237100000,None,None,199200000,None,None,39600000,None,None,None,0.226,107100000,368200000,226800000,40700000,171400000,None,None,None,None,None,None,None,2.365,6.57,4.252,None,None,None,None,None,None,None,0.151,None,267800000,2025-10-28,quarterly,5.17,USD,pre-market,6500000,749100000,0.0999,0.25,0.041,106.48,357900000,228800000,29600000,121300000,410.73,442.18,3.6072,1667000000,820100000,360500000,668900000,846900000,308400000,2104900000,998100000,28.49,None,482.66,296.56
2025-12-28,HUBB,15.97,5686200000.0,28.49,None,1.004,69.27,8000000,None,110600000,110600000,-19700000,-10200000,None,None,12100000,None,None,None,600000,61800000,None,1509900000,1509900000,159500000,None,None,310400000,None,None,50400000,17100000,5.28,0.0116,19700000,19700000,None,0.141,0.18,226800000,277200000,4.99,2009-03-31,23.31,351500000,1999300000.0,595000000,215700000,50600000,65000000,65000000,None,19300000,None,237100000,None,None,199200000,None,None,34100000,None,None,None,0.226,46600000,368200000,226800000,40700000,171400000,None,None,None,None,None,None,None,2.365,6.57,4.252,None,None,None,None,None,None,None,0.151,None,267800000,2025-10-28,quarterly,5.17,USD,pre-market,6500000,749100000,0.0999,0.25,0.041,106.48,357900000,228800000,29600000,121300000,410.73,442.18,3.6072,1667000000,820100000,360500000,668900000,846900000,308400000,2104900000,998100000,28.49,None,482.66,296.56
2025-12-28,HUBB,15.97,5686200000.0,28.49,None,1.004,69.27,15400000,None,110600000,110600000,-19700000,-76500000,None,None,9000000,None,None,None,600000,61800000,None,1509900000,1509900000,159500000,None,None,310400000,None,None,50400000,16700000,5.28,0.0116,19600000,19600000,None,0.141,0.18,226800000,277200000,4.99,2008-12-31,23.31,351500000,1999300000.0,595000000,215700000,50600000,65000000,65000000,None,19300000,None,237100000,None,None,199200000,None,None,46300000,None,None,None,0.226,84300000,368200000,226800000,40700000,171400000,None,None,None,None,None,None,None,2.365,6.57,4.252,None,None,None,None,None,96600000,None,0.151,None,267800000,2025-10-28,quarterly,5.17,USD,pre-market,6500000,749100000,0.0999,0.25,0.041,106.48,357900000,228800000,29600000,121300000,410.73,442.18,3.6072,1667000000,820100000,360500000,668900000,846900000,308400000,2104900000,998100000,28.49,None,482.66,296.56
2025-12-28,HUBB,15.97,5686200000.0,28.49,None,1.004,69.27,10000000,None,110600000,110600000,-20200000,-109000000,None,None,None,None,None,None,600000,61800000,None,1509900000,1509900000,159500000,None,None,310400000,None,None,50400000,16000000,5.28,0.0116,19700000,19700000,None,0.141,0.18,226800000,277200000,4.99,2008-09-30,23.31,351500000,1999300000.0,595000000,215700000,50600000,65000000,65000000,None,19300000,None,237100000,None,None,199200000,None,None,66500000,None,None,None,0.226,109800000,368200000,226800000,40700000,171400000,None,None,None,None,None,None,None,2.365,6.57,4.252,None,None,None,None,None,-1000000,None,0.151,None,267800000,2025-10-28,quarterly,5.17,USD,pre-market,6500000,749100000,0.0999,0.25,0.041,106.48,357900000,228800000,29600000,121300000,410.73,442.18,3.6072,1667000000,820100000,360500000,668900000,846900000,308400000,2104900000,998100000,28.49,None,482.66,296.56
2025-12-28,HUBB,15.97,5686200000.0,28.49,None,1.004,69.27,12100000,None,110600000,110600000,37400000,-12000000,None,None,None,None,None,None,600000,61800000,None,1509900000,1509900000,159500000,None,None,310400000,None,None,50400000,15300000,5.28,0.0116,18500000,18500000,None,0.141,0.18,226800000,277200000,4.99,2008-06-30,23.31,351500000,1999300000.0,595000000,215700000,50600000,65000000,65000000,None,19300000,None,237100000,None,None,199200000,None,None,61500000,None,None,None,0.226,92700000,368200000,226800000,40700000,171400000,None,None,None,None,None,None,None,2.365,6.57,4.252,None,None,None,None,None,-3400000,None,0.151,None,267800000,2025-10-28,quarterly,5.17,USD,pre-market,6500000,749100000,0.0999,0.25,0.041,106.48,357900000,228800000,29600000,121300000,410.73,442.18,3.6072,1667000000,820100000,360500000,668900000,846900000,308400000,2104900000,998100000,28.49,None,482.66,296.56
2025-12-28,HUBB,15.97,5686200000.0,28.49,None,1.004,69.27,11900000,None,110600000,110600000,96200000,-108900000,None,None,-1300000,None,None,None,600000,61800000,None,1509900000,1509900000,159500000,None,None,310400000,None,None,50400000,15100000,5.28,0.0116,19100000,19100000,None,0.141,0.18,226800000,277200000,4.99,2008-03-31,23.31,351500000,1999300000.0,595000000,215700000,50600000,65000000,65000000,None,19300000,None,237100000,None,None,199200000,None,None,48400000,None,None,None,0.226,32400000,368200000,226800000,40700000,171400000,None,None,None,None,None,None,None,2.365,6.57,4.252,None,None,None,None,None,-92200000,None,0.151,None,267800000,2025-10-28,quarterly,5.17,USD,pre-market,6500000,749100000,0.0999,0.25,0.041,106.48,357900000,228800000,29600000,121300000,410.73,442.18,3.6072,1667000000,820100000,360500000,668900000,846900000,308400000,2104900000,998100000,28.49,None,482.66,296.56
2025-12-28,HUBB,15.97,5686200000.0,28.49,None,1.004,69.27,11300000,None,110600000,110600000,-62200000,-61600000,None,None,-200000,None,None,None,600000,61800000,None,1509900000,1509900000,159500000,None,None,310400000,None,None,50400000,15400000,5.28,0.0116,19100000,19100000,None,0.141,0.18,226800000,277200000,4.99,2007-12-31,23.31,351500000,1999300000.0,595000000,215700000,50600000,65000000,65000000,None,19300000,None,237100000,None,None,199200000,None,None,48000000,None,None,None,0.226,114000000,368200000,226800000,40700000,171400000,None,None,None,None,None,None,None,2.365,6.57,4.252,None,None,None,None,None,-19600000,None,0.151,None,267800000,2025-10-28,quarterly,5.17,USD,pre-market,6500000,749100000,0.0999,0.25,0.041,106.48,357900000,228800000,29600000,121300000,410.73,442.18,3.6072,1667000000,820100000,360500000,668900000,846900000,308400000,2104900000,998100000,28.49,None,482.66,296.56
2025-12-28,HUBB,15.97,5686200000.0,28.49,None,1.004,69.27,11600000,None,110600000,110600000,-44300000,-11900000,None,None,1000000,None,None,None,600000,61800000,None,1509900000,1509900000,159500000,None,None,310400000,None,None,50400000,14900000,5.28,0.0116,19700000,19700000,None,0.141,0.18,226800000,277200000,4.99,2007-09-30,23.31,351500000,1999300000.0,595000000,215700000,50600000,65000000,65000000,None,19300000,None,237100000,None,None,199200000,None,None,65300000,None,None,None,0.226,81800000,368200000,226800000,40700000,171400000,None,None,None,None,None,None,None,2.365,6.57,4.252,None,None,None,None,None,-84800000,None,0.151,None,267800000,2025-10-28,quarterly,5.17,USD,pre-market,6500000,749100000,0.0999,0.25,0.041,106.48,357900000,228800000,29600000,121300000,410.73,442.18,3.6072,1667000000,820100000,360500000,668900000,846900000,308400000,2104900000,998100000,28.49,None,482.66,296.56
2025-12-28,HUBB,15.97,5686200000.0,28.49,None,1.004,69.27,12300000,None,110600000,110600000,-102100000,-9400000,None,None,2500000,None,None,None,600000,61800000,None,1509900000,1509900000,159500000,None,None,310400000,None,None,50400000,15000000,5.28,0.0116,19700000,19700000,None,0.141,0.18,226800000,277200000,4.99,2007-06-30,23.31,351500000,1999300000.0,595000000,215700000,50600000,65000000,65000000,None,19300000,None,237100000,None,None,199200000,None,None,53300000,None,None,None,0.226,105800000,368200000,226800000,40700000,171400000,None,None,None,None,None,None,None,2.365,6.57,4.252,None,None,None,None,None,-57200000,None,0.151,None,267800000,2025-10-28,quarterly,5.17,USD,pre-market,6500000,749100000,0.0999,0.25,0.041,106.48,357900000,228800000,29600000,121300000,410.73,442.18,3.6072,1667000000,820100000,360500000,668900000,846900000,308400000,2104900000,998100000,28.49,None,482.66,296.56
2025-12-28,HUBB,15.97,5686200000.0,28.49,None,1.004,69.27,20700000,None,110600000,110600000,8200000,-22800000,None,None,20900000,None,None,None,600000,61800000,None,1509900000,1509900000,159500000,None,None,310400000,None,None,50400000,14900000,5.28,0.0116,19900000,19900000,None,0.141,0.18,226800000,277200000,4.99,2007-03-31,23.31,351500000,1999300000.0,595000000,215700000,50600000,65000000,65000000,None,19300000,None,237100000,None,None,199200000,None,None,41700000,None,None,None,0.226,33600000,368200000,226800000,40700000,171400000,None,None,None,None,None,None,None,2.365,6.57,4.252,None,None,None,None,None,-31500000,None,0.151,None,267800000,2025-10-28,quarterly,5.17,USD,pre-market,6500000,749100000,0.0999,0.25,0.041,106.48,357900000,228800000,29600000,121300000,410.73,442.18,3.6072,1667000000,820100000,360500000,668900000,846900000,308400000,2104900000,998100000,28.49,None,482.66,296.56
2025-12-28,HUBB,15.97,5686200000.0,28.49,None,1.004,69.27,19700000,None,110600000,110600000,-17300000,-49400000,None,None,7700000,None,None,None,600000,61800000,None,1509900000,1509900000,159500000,None,None,310400000,None,None,50400000,14200000,5.28,0.0116,19900000,19900000,None,0.141,0.18,226800000,277200000,4.99,2006-12-31,23.31,351500000,1999300000.0,595000000,215700000,50600000,65000000,65000000,None,19300000,None,237100000,None,None,199200000,None,None,29200000,None,None,None,0.226,57000000,368200000,226800000,40700000,171400000,None,None,None,None,None,None,None,2.365,6.57,4.252,None,None,None,None,None,-20700000,None,0.151,None,267800000,2025-10-28,quarterly,5.17,USD,pre-market,6500000,749100000,0.0999,0.25,0.041,106.48,357900000,228800000,29600000,121300000,410.73,442.18,3.6072,1667000000,820100000,360500000,668900000,846900000,308400000,2104900000,998100000,28.49,None,482.66,296.56
2025-12-28,HUBB,15.97,5686200000.0,28.49,None,1.004,69.27,28600000,None,110600000,110600000,-45900000,17700000,None,None,-35700000,None,None,None,600000,61800000,None,1509900000,1509900000,159500000,None,None,310400000,None,None,50400000,14300000,5.28,0.0116,20100000,20100000,None,0.141,0.18,226800000,277200000,4.99,2006-09-30,23.31,351500000,1999300000.0,595000000,215700000,50600000,65000000,65000000,None,19300000,None,237100000,None,None,199200000,None,None,47600000,None,None,None,0.226,29300000,368200000,226800000,40700000,171400000,None,None,None,None,None,None,None,2.365,6.57,4.252,None,None,None,None,None,-31900000,None,0.151,None,267800000,2025-10-28,quarterly,5.17,USD,pre-market,6500000,749100000,0.0999,0.25,0.041,106.48,357900000,228800000,29600000,121300000,410.73,442.18,3.6072,1667000000,820100000,360500000,668900000,846900000,308400000,2104900000,998100000,28.49,None,482.66,296.56
2025-12-28,HUBB,15.97,5686200000.0,28.49,None,1.004,69.27,21300000,None,110600000,110600000,-21400000,-26500000,None,None,-36100000,None,None,None,600000,61800000,None,1509900000,1509900000,159500000,None,None,310400000,None,None,50400000,14000000,5.28,0.0116,19900000,19900000,None,0.141,0.18,226800000,277200000,4.99,2006-06-30,23.31,351500000,1999300000.0,595000000,215700000,50600000,65000000,65000000,None,19300000,None,237100000,None,None,199200000,None,None,41600000,None,None,None,0.226,37100000,368200000,226800000,40700000,171400000,None,None,None,None,None,None,None,2.365,6.57,4.252,None,None,None,None,None,-9600000,None,0.151,None,267800000,2025-10-28,quarterly,5.17,USD,pre-market,6500000,749100000,0.0999,0.25,0.041,106.48,357900000,228800000,29600000,121300000,410.73,442.18,3.6072,1667000000,820100000,360500000,668900000,846900000,308400000,2104900000,998100000,28.49,None,482.66,296.56
2025-12-28,HUBB,15.97,5686200000.0,28.49,None,1.004,69.27,17200000,None,110600000,110600000,-55000000,-8500000,None,None,-22200000,None,None,None,600000,61800000,None,1509900000,1509900000,159500000,None,None,310400000,None,None,50400000,12900000,5.28,0.0116,20200000,20200000,None,0.141,0.18,226800000,277200000,4.99,2006-03-31,23.31,351500000,1999300000.0,595000000,215700000,50600000,65000000,65000000,None,19300000,None,237100000,None,None,199200000,None,None,39700000,None,None,None,0.226,16500000,368200000,226800000,40700000,171400000,None,None,None,None,None,None,None,2.365,6.57,4.252,None,None,None,None,None,-32900000,None,0.151,None,267800000,2025-10-28,quarterly,5.17,USD,pre-market,6500000,749100000,0.0999,0.25,0.041,106.48,357900000,228800000,29600000,121300000,410.73,442.18,3.6072,1667000000,820100000,360500000,668900000,846900000,308400000,2104900000,998100000,28.49,None,482.66,296.56
2025-12-28,HUBB,15.97,5686200000.0,28.49,None,1.004,69.27,26800000,None,110600000,110600000,-88900000,-35500000,None,None,-11700000,None,None,None,600000,61800000,None,1509900000,1509900000,159500000,None,None,310400000,None,None,50400000,13700000,5.28,0.0116,20100000,20100000,None,0.141,0.18,226800000,277200000,4.99,2005-12-31,23.31,351500000,1999300000.0,595000000,215700000,50600000,65000000,65000000,None,19300000,None,237100000,None,None,199200000,None,None,52100000,None,None,None,0.226,54000000,368200000,226800000,40700000,171400000,None,None,None,None,None,None,None,2.365,6.57,4.252,None,None,None,None,None,-3600000,None,0.151,None,267800000,2025-10-28,quarterly,5.17,USD,pre-market,6500000,749100000,0.0999,0.25,0.041,106.48,357900000,228800000,29600000,121300000,410.73,442.18,3.6072,1667000000,820100000,360500000,668900000,846900000,308400000,2104900000,998100000,28.49,None,482.66,296.56
2025-12-28,HUBB,15.97,5686200000.0,28.49,None,1.004,69.27,18000000,None,110600000,110600000,-21900000,-69700000,None,None,10200000,None,None,None,600000,61800000,None,1509900000,1509900000,159500000,None,None,310400000,None,None,50400000,12300000,5.28,0.0116,20000000,20000000,None,0.141,0.18,226800000,277200000,4.99,2005-09-30,23.31,351500000,1999300000.0,595000000,215700000,50600000,65000000,65000000,None,19300000,None,237100000,None,None,199200000,None,None,48500000,None,None,None,0.226,78800000,368200000,226800000,40700000,171400000,None,None,None,None,None,None,None,2.365,6.57,4.252,None,None,None,None,None,-13600000,None,0.151,None,267800000,2025-10-28,quarterly,5.17,USD,pre-market,6500000,749100000,0.0999,0.25,0.041,106.48,357900000,228800000,29600000,121300000,410.73,442.18,3.6072,1667000000,820100000,360500000,668900000,846900000,308400000,2104900000,998100000,28.49,None,482.66,296.56
2025-12-28,HUBB,15.97,5686200000.0,28.49,None,1.004,69.27,180400000,None,110600000,110600000,-923400000,-59100000,None,None,-22700000,None,None,None,600000,61800000,None,1509900000,1509900000,159500000,None,None,310400000,None,None,50400000,212100000,5.28,0.0116,267300000,267300000,None,0.141,0.18,226800000,277200000,4.99,2024-12-31,23.31,351500000,1999300000.0,595000000,215700000,50600000,65000000,65000000,None,19300000,None,237100000,None,None,199200000,None,None,783500000,None,None,None,0.226,991200000,368200000,226800000,40700000,171400000,None,None,None,None,None,None,None,2.365,6.57,4.252,None,None,None,None,None,-40000000,None,0.151,None,267800000,2025-10-28,annual,5.17,USD,pre-market,6500000,749100000,0.0999,0.25,0.041,106.48,357900000,228800000,29600000,121300000,410.73,442.18,3.6072,1667000000,820100000,360500000,668900000,846900000,308400000,2104900000,998100000,28.49,None,482.66,296.56
2025-12-28,HUBB,15.97,5686200000.0,28.49,None,1.004,69.27,165700000,None,110600000,110600000,388500000,-1380200000,None,None,-42100000,None,None,None,600000,61800000,None,1509900000,1509900000,159500000,None,None,310400000,None,None,50400000,149700000,5.28,0.0116,245500000,245500000,None,0.141,0.18,226800000,277200000,4.99,2023-12-31,23.31,351500000,1999300000.0,595000000,215700000,50600000,65000000,65000000,None,19300000,None,237100000,None,None,199200000,None,None,766000000,None,None,None,0.226,880800000,368200000,226800000,40700000,171400000,None,None,None,None,None,None,None,2.365,6.57,4.252,None,None,None,None,None,-30000000,None,0.151,None,267800000,2025-10-28,annual,5.17,USD,pre-market,6500000,749100000,0.0999,0.25,0.041,106.48,357900000,228800000,29600000,121300000,410.73,442.18,3.6072,1667000000,820100000,360500000,668900000,846900000,308400000,2104900000,998100000,28.49,None,482.66,296.56
2025-12-28,HUBB,15.97,5686200000.0,28.49,None,1.004,69.27,129300000,None,110600000,110600000,-437100000,18100000,217200000,None,-66500000,None,None,-74200000,600000,61800000,None,1509900000,1509900000,159500000,None,None,310400000,None,None,50400000,148500000,5.28,0.0116,229600000,229600000,None,0.141,0.18,226800000,277200000,4.99,2022-12-31,23.31,351500000,1999300000.0,595000000,215700000,50600000,65000000,65000000,None,19300000,None,237100000,None,None,199200000,None,None,511300000,None,None,None,0.226,583200000,368200000,226800000,40700000,171400000,None,None,None,None,None,None,None,2.365,6.57,4.252,None,None,None,None,None,-182000000,None,0.151,None,267800000,2025-10-28,annual,5.17,USD,pre-market,6500000,749100000,0.0999,0.25,0.041,106.48,357900000,228800000,29600000,121300000,410.73,442.18,3.6072,1667000000,820100000,360500000,668900000,846900000,308400000,2104900000,998100000,28.49,None,482.66,296.56
2025-12-28,HUBB,15.97,5686200000.0,28.49,None,1.004,69.27,90200000,None,110600000,110600000,-433000000,-77800000,8600000,None,-138900000,None,None,-124800000,600000,61800000,None,1509900000,1509900000,159500000,None,None,310400000,None,None,50400000,149100000,5.28,0.0116,216900000,216900000,None,0.141,0.18,226800000,277200000,4.99,2021-12-31,23.31,351500000,1999300000.0,595000000,215700000,50600000,65000000,65000000,None,19300000,None,237100000,None,None,199200000,None,None,365000000,None,None,None,0.226,543800000,368200000,226800000,40700000,171400000,None,None,None,None,None,None,None,2.365,6.57,4.252,None,None,None,None,None,-11200000,None,0.151,None,267800000,2025-10-28,annual,5.17,USD,pre-market,6500000,749100000,0.0999,0.25,0.041,106.48,357900000,228800000,29600000,121300000,410.73,442.18,3.6072,1667000000,820100000,360500000,668900000,846900000,308400000,2104900000,998100000,28.49,None,482.66,296.56
2025-12-28,HUBB,15.97,5686200000.0,28.49,None,1.004,69.27,88400000,None,110600000,110600000,-244200000,-328800000,75000000,None,50700000,None,None,55500000,600000,61800000,None,1509900000,1509900000,159500000,None,None,310400000,None,None,50400000,157600000,5.28,0.0116,201400000,201400000,None,0.141,0.18,226800000,277200000,4.99,2020-12-31,23.31,351500000,1999300000.0,595000000,215700000,50600000,65000000,65000000,None,19300000,None,237100000,None,None,199200000,None,None,351200000,None,None,None,0.226,648000000,368200000,226800000,40700000,171400000,None,None,None,None,None,None,None,2.365,6.57,4.252,None,None,None,None,None,-41300000,None,0.151,None,267800000,2025-10-28,annual,5.17,USD,pre-market,6500000,749100000,0.0999,0.25,0.041,106.48,357900000,228800000,29600000,121300000,410.73,442.18,3.6072,1667000000,820100000,360500000,668900000,846900000,308400000,2104900000,998100000,28.49,None,482.66,296.56
2025-12-28,HUBB,15.97,5686200000.0,28.49,None,1.004,69.27,93900000,None,110600000,110600000,-471000000,-128900000,-8300000,None,12200000,None,None,46200000,600000,61800000,None,1509900000,1509900000,159500000,None,None,310400000,None,None,50400000,151000000,5.28,0.0116,186600000,186600000,None,0.141,0.18,226800000,277200000,4.99,2019-12-31,23.31,351500000,1999300000.0,595000000,215700000,50600000,65000000,65000000,None,19300000,None,237100000,None,None,199200000,None,None,400900000,None,None,None,0.226,591600000,368200000,226800000,40700000,171400000,None,None,None,None,None,None,None,2.365,6.57,4.252,None,None,None,None,None,-35000000,None,0.151,None,267800000,2025-10-28,annual,5.17,USD,pre-market,6500000,749100000,0.0999,0.25,0.041,106.48,357900000,228800000,29600000,121300000,410.73,442.18,3.6072,1667000000,820100000,360500000,668900000,846900000,308400000,2104900000,998100000,28.49,None,482.66,296.56
2025-12-28,HUBB,15.97,5686200000.0,28.49,None,1.004,69.27,96200000,None,110600000,110600000,506500000,-1201400000,-186000000,-8200000,34200000,None,None,-75400000,600000,61800000,None,1509900000,1509900000,159500000,None,None,310400000,None,None,50400000,148400000,5.28,0.0116,172300000,172300000,None,0.141,0.18,226800000,277200000,4.99,2018-12-31,23.31,351500000,1999300000.0,595000000,215700000,50600000,65000000,65000000,None,19300000,None,237100000,None,None,199200000,None,None,360200000,None,None,None,0.226,517100000,368200000,226800000,40700000,171400000,None,None,None,None,None,None,None,2.365,6.57,4.252,None,None,None,None,None,-40000000,None,0.151,None,267800000,2025-10-28,annual,5.17,USD,pre-market,6500000,749100000,0.0999,0.25,0.041,106.48,357900000,228800000,29600000,121300000,410.73,442.18,3.6072,1667000000,820100000,360500000,668900000,846900000,308400000,2104900000,998100000,28.49,None,482.66,296.56
2025-12-28,HUBB,15.97,5686200000.0,28.49,None,1.004,69.27,79700000,None,110600000,110600000,-214300000,-245600000,-62600000,18300000,-90300000,None,None,3900000,600000,61800000,None,1509900000,1509900000,159500000,None,None,310400000,None,None,50400000,99800000,5.28,0.0116,157600000,157600000,None,0.141,0.18,226800000,277200000,4.99,2017-12-31,23.31,351500000,1999300000.0,595000000,215700000,50600000,65000000,65000000,None,19300000,None,237100000,None,None,199200000,None,None,243100000,None,None,None,0.226,379000000,368200000,226800000,40700000,171400000,None,None,None,None,None,None,None,2.365,6.57,4.252,None,None,None,None,None,-92500000,None,0.151,None,267800000,2025-10-28,annual,5.17,USD,pre-market,6500000,749100000,0.0999,0.25,0.041,106.48,357900000,228800000,29600000,121300000,410.73,442.18,3.6072,1667000000,820100000,360500000,668900000,846900000,308400000,2104900000,998100000,28.49,None,482.66,296.56
2025-12-28,HUBB,15.97,5686200000.0,28.49,None,1.004,69.27,67200000,None,110600000,110600000,-46800000,-230000000,94100000,-27300000,18400000,None,None,-42300000,600000,61800000,None,1509900000,1509900000,159500000,None,None,310400000,None,None,50400000,92300000,5.28,0.0116,144000000,144000000,None,0.141,0.18,226800000,277200000,4.99,2016-12-31,23.31,351500000,1999300000.0,595000000,215700000,50600000,65000000,65000000,None,19300000,None,237100000,None,None,199200000,None,None,293000000,None,None,None,0.226,398200000,368200000,226800000,40700000,171400000,None,None,None,None,None,None,None,2.365,6.57,4.252,None,None,None,None,None,-246800000,None,0.151,None,267800000,2025-10-28,annual,5.17,USD,pre-market,6500000,749100000,0.0999,0.25,0.041,106.48,357900000,228800000,29600000,121300000,410.73,442.18,3.6072,1667000000,820100000,360500000,668900000,846900000,308400000,2104900000,998100000,28.49,None,482.66,296.56
2025-12-28,HUBB,15.97,5686200000.0,28.49,None,1.004,69.27,77100000,None,110600000,110600000,-371100000,-249200000,-310400000,-21200000,-80800000,None,None,1900000,600000,61800000,None,1509900000,1509900000,159500000,None,None,310400000,None,None,50400000,85200000,5.28,0.0116,133700000,133700000,None,0.141,0.18,226800000,277200000,4.99,2015-12-31,23.31,351500000,1999300000.0,595000000,215700000,50600000,65000000,65000000,None,19300000,None,237100000,None,None,199200000,None,None,277300000,None,None,None,0.226,331100000,368200000,226800000,40700000,171400000,None,None,None,None,None,None,None,2.365,6.57,4.252,None,None,None,None,None,-79100000,None,0.151,None,267800000,2025-10-28,annual,5.17,USD,pre-market,6500000,749100000,0.0999,0.25,0.041,106.48,357900000,228800000,29600000,121300000,410.73,442.18,3.6072,1667000000,820100000,360500000,668900000,846900000,308400000,2104900000,998100000,28.49,None,482.66,296.56
2025-12-28,HUBB,15.97,5686200000.0,28.49,None,1.004,69.27,60300000,None,110600000,110600000,-215600000,-242600000,-86800000,-20100000,-46900000,None,None,-17800000,600000,61800000,None,1509900000,1509900000,159500000,None,None,310400000,None,None,50400000,79200000,5.28,0.0116,121200000,121200000,None,0.141,0.18,226800000,277200000,4.99,2014-12-31,23.31,351500000,1999300000.0,595000000,215700000,50600000,65000000,65000000,None,19300000,None,237100000,None,None,199200000,None,None,325300000,None,None,None,0.226,391500000,368200000,226800000,40700000,171400000,None,None,None,None,None,None,None,2.365,6.57,4.252,None,None,None,None,None,-105500000,None,0.151,None,267800000,2025-10-28,annual,5.17,USD,pre-market,6500000,749100000,0.0999,0.25,0.041,106.48,357900000,228800000,29600000,121300000,410.73,442.18,3.6072,1667000000,820100000,360500000,668900000,846900000,308400000,2104900000,998100000,28.49,None,482.66,296.56
2025-12-28,HUBB,15.97,5686200000.0,28.49,None,1.004,69.27,58800000,None,110600000,110600000,-130900000,-151100000,95700000,-4100000,-25900000,None,None,-30900000,600000,61800000,None,1509900000,1509900000,159500000,None,None,310400000,None,None,50400000,70600000,5.28,0.0116,109500000,109500000,None,0.141,0.18,226800000,277200000,4.99,2013-12-31,23.31,351500000,1999300000.0,595000000,215700000,50600000,65000000,65000000,None,19300000,None,237100000,None,None,199200000,None,None,326500000,None,None,None,0.226,381800000,368200000,226800000,40700000,171400000,None,None,None,None,None,None,None,2.365,6.57,4.252,None,None,None,None,None,-31000000,None,0.151,None,267800000,2025-10-28,annual,5.17,USD,pre-market,6500000,749100000,0.0999,0.25,0.041,106.48,357900000,228800000,29600000,121300000,410.73,442.18,3.6072,1667000000,820100000,360500000,668900000,846900000,308400000,2104900000,998100000,28.49,None,482.66,296.56
2025-12-28,HUBB,15.97,5686200000.0,28.49,None,1.004,69.27,49100000,None,110600000,110600000,-161700000,-116100000,75400000,4100000,-11800000,None,None,-1800000,600000,61800000,None,1509900000,1509900000,159500000,None,None,310400000,None,None,50400000,66800000,5.28,0.0116,122300000,122300000,None,0.141,0.18,226800000,277200000,4.99,2012-12-31,23.31,351500000,1999300000.0,595000000,215700000,50600000,65000000,65000000,None,19300000,None,237100000,None,None,199200000,None,None,299700000,None,None,None,0.226,349100000,368200000,226800000,40700000,171400000,None,None,None,None,None,None,None,2.365,6.57,4.252,None,None,None,None,None,-75600000,None,0.151,None,267800000,2025-10-28,annual,5.17,USD,pre-market,6500000,749100000,0.0999,0.25,0.041,106.48,357900000,228800000,29600000,121300000,410.73,442.18,3.6072,1667000000,820100000,360500000,668900000,846900000,308400000,2104900000,998100000,28.49,None,482.66,296.56
2025-12-28,HUBB,15.97,5686200000.0,28.49,None,1.004,69.27,55400000,None,110600000,110600000,-198300000,-86500000,48900000,-1300000,-16400000,None,None,-51600000,600000,61800000,None,1509900000,1509900000,159500000,None,None,310400000,None,None,50400000,68200000,5.28,0.0116,90100000,90100000,None,0.141,0.18,226800000,277200000,4.99,2011-12-31,23.31,351500000,1999300000.0,595000000,215700000,50600000,65000000,65000000,None,19300000,None,237100000,None,None,199200000,None,None,270200000,None,None,None,0.226,335000000,368200000,226800000,40700000,171400000,None,None,None,None,None,None,None,2.365,6.57,4.252,None,None,None,None,None,-137700000,None,0.151,None,267800000,2025-10-28,annual,5.17,USD,pre-market,6500000,749100000,0.0999,0.25,0.041,106.48,357900000,228800000,29600000,121300000,410.73,442.18,3.6072,1667000000,820100000,360500000,668900000,846900000,308400000,2104900000,998100000,28.49,None,482.66,296.56
2025-12-28,HUBB,15.97,5686200000.0,28.49,None,1.004,69.27,47300000,None,110600000,110600000,45500000,-54700000,262200000,5200000,-32600000,None,None,-26100000,600000,61800000,None,1509900000,1509900000,159500000,None,None,310400000,None,None,50400000,72500000,5.28,0.0116,85600000,85600000,None,0.141,0.18,226800000,277200000,4.99,2010-12-31,23.31,351500000,1999300000.0,595000000,215700000,50600000,65000000,65000000,None,19300000,None,237100000,None,None,199200000,None,None,217200000,None,None,None,0.226,266200000,368200000,226800000,40700000,171400000,None,None,None,None,None,None,None,2.365,6.57,4.252,None,None,None,None,None,-23300000,None,0.151,None,267800000,2025-10-28,annual,5.17,USD,pre-market,6500000,749100000,0.0999,0.25,0.041,106.48,357900000,228800000,29600000,121300000,410.73,442.18,3.6072,1667000000,820100000,360500000,668900000,846900000,308400000,2104900000,998100000,28.49,None,482.66,296.56
2025-12-28,HUBB,15.97,5686200000.0,28.49,None,1.004,69.27,29400000,None,110600000,110600000,49800000,-373100000,None,None,98700000,None,None,None,600000,61800000,None,1509900000,1509900000,159500000,None,None,310400000,None,None,50400000,70600000,5.28,0.0116,78900000,78900000,None,0.141,0.18,226800000,277200000,4.99,2009-12-31,23.31,351500000,1999300000.0,595000000,215700000,50600000,65000000,65000000,None,19300000,None,237100000,None,None,199200000,None,None,180100000,None,None,None,0.226,397700000,368200000,226800000,40700000,171400000,None,None,None,None,None,None,None,2.365,6.57,4.252,None,None,None,None,None,42400000,None,0.151,None,267800000,2025-10-28,annual,5.17,USD,pre-market,6500000,749100000,0.0999,0.25,0.041,106.48,357900000,228800000,29600000,121300000,410.73,442.18,3.6072,1667000000,820100000,360500000,668900000,846900000,308400000,2104900000,998100000,28.49,None,482.66,296.56
2025-12-28,HUBB,15.97,5686200000.0,28.49,None,1.004,69.27,49400000,None,110600000,110600000,93700000,-306400000,None,None,6900000,None,None,None,600000,61800000,None,1509900000,1509900000,159500000,None,None,310400000,None,None,50400000,63100000,5.28,0.0116,76900000,76900000,None,0.141,0.18,226800000,277200000,4.99,2008-12-31,23.31,351500000,1999300000.0,595000000,215700000,50600000,65000000,65000000,None,19300000,None,237100000,None,None,199200000,None,None,222700000,None,None,None,0.226,319200000,368200000,226800000,40700000,171400000,None,None,None,None,None,None,None,2.365,6.57,4.252,None,None,None,None,None,-96600000,None,0.151,None,267800000,2025-10-28,annual,5.17,USD,pre-market,6500000,749100000,0.0999,0.25,0.041,106.48,357900000,228800000,29600000,121300000,410.73,442.18,3.6072,1667000000,820100000,360500000,668900000,846900000,308400000,2104900000,998100000,28.49,None,482.66,296.56
2025-12-28,HUBB,15.97,5686200000.0,28.49,None,1.004,69.27,55900000,None,110600000,110600000,-200400000,-105700000,None,None,24200000,None,None,None,600000,61800000,None,1509900000,1509900000,159500000,None,None,310400000,None,None,50400000,60200000,5.28,0.0116,78400000,78400000,None,0.141,0.18,226800000,277200000,4.99,2007-12-31,23.31,351500000,1999300000.0,595000000,215700000,50600000,65000000,65000000,None,19300000,None,237100000,None,None,199200000,None,None,208300000,None,None,None,0.226,335200000,368200000,226800000,40700000,171400000,None,None,None,None,None,None,None,2.365,6.57,4.252,None,None,None,None,None,-193100000,None,0.151,None,267800000,2025-10-28,annual,5.17,USD,pre-market,6500000,749100000,0.0999,0.25,0.041,106.48,357900000,228800000,29600000,121300000,410.73,442.18,3.6072,1667000000,820100000,360500000,668900000,846900000,308400000,2104900000,998100000,28.49,None,482.66,296.56
2025-12-28,HUBB,15.97,5686200000.0,28.49,None,1.004,69.27,86800000,None,110600000,110600000,-139600000,-66700000,None,None,-86300000,None,None,None,600000,61800000,None,1509900000,1509900000,159500000,None,None,310400000,None,None,50400000,55400000,5.28,0.0116,80100000,80100000,None,0.141,0.18,226800000,277200000,4.99,2006-12-31,23.31,351500000,1999300000.0,595000000,215700000,50600000,65000000,65000000,None,19300000,None,237100000,None,None,199200000,None,None,158100000,None,None,None,0.226,139900000,368200000,226800000,40700000,171400000,None,None,None,None,None,None,None,2.365,6.57,4.252,None,None,None,None,None,-95100000,None,0.151,None,267800000,2025-10-28,annual,5.17,USD,pre-market,6500000,749100000,0.0999,0.25,0.041,106.48,357900000,228800000,29600000,121300000,410.73,442.18,3.6072,1667000000,820100000,360500000,668900000,846900000,308400000,2104900000,998100000,28.49,None,482.66,296.56
2025-12-28,HUBB,15.97,5686200000.0,28.49,None,1.004,69.27,73400000,None,110600000,110600000,-182100000,-30400000,None,None,-13200000,None,None,None,600000,61800000,None,1509900000,1509900000,159500000,None,None,310400000,None,None,50400000,50400000,5.28,0.0116,80600000,80600000,None,0.141,0.18,226800000,277200000,4.99,2005-12-31,23.31,351500000,1999300000.0,595000000,215700000,50600000,65000000,65000000,None,19300000,None,237100000,None,None,199200000,None,None,165100000,None,None,None,0.226,184100000,368200000,226800000,40700000,171400000,None,None,None,None,None,None,None,2.365,6.57,4.252,None,None,None,None,None,-62700000,None,0.151,None,267800000,2025-10-28,annual,5.17,USD,pre-market,6500000,749100000,0.0999,0.25,0.041,106.48,357900000,228800000,29600000,121300000,410.73,442.18,3.6072,1667000000,820100000,360500000,668900000,846900000,308400000,2104900000,998100000,28.49,None,482.66,296.56
