date,symbol,eps,revenue_ttm,pe_ratio,accumulateddepreciationamortizationppe,beta,book_value,capitalexpenditures,capitalleaseobligations,cashandcashequivalentsatcarryingvalue,cashandshortterminvestments,cashflowfromfinancing,cashflowfrominvestment,changeincashandcashequivalents,changeinexchangerate,changeininventory,changeinoperatingassets,changeinoperatingliabilities,changeinreceivables,commonstock,commonstocksharesoutstanding,comprehensiveincomenetoftax,costofgoodsandservicessold,costofrevenue,currentaccountspayable,currentdebt,currentlongtermdebt,currentnetreceivables,deferredrevenue,depreciation,depreciationandamortization,depreciationdepletionandamortization,dividend_per_share,dividend_yield,dividendpayout,dividendpayoutcommonstock,dividendpayoutpreferredstock,earnings_growth_yoy,earnings_surprise,ebit,ebitda,estimated_eps,fiscaldateending,forward_pe,goodwill,gross_profit_ttm,grossprofit,incomebeforetax,incometaxexpense,intangibleassets,intangibleassetsexcludinggoodwill,interestanddebtexpense,interestexpense,interestincome,inventory,investmentincomenet,investments,longtermdebt,longtermdebtnoncurrent,longterminvestments,netincome,netincomefromcontinuingoperations,netinterestincome,noninterestincome,operating_margin_ttm,operatingcashflow,operatingexpenses,operatingincome,othercurrentassets,othercurrentliabilities,othernoncurrentassets,othernoncurrentliabilities,othernonoperatingincome,paymentsforoperatingactivities,paymentsforrepurchaseofcommonstock,paymentsforrepurchaseofequity,paymentsforrepurchaseofpreferredstock,peg_ratio,price_to_book,price_to_sales_ttm,proceedsfromissuanceofcommonstock,proceedsfromissuanceoflongtermdebtandcapitalsecuritiesnet,proceedsfromissuanceofpreferredstock,proceedsfromoperatingactivities,proceedsfromrepaymentsofshorttermdebt,proceedsfromrepurchaseofequity,proceedsfromsaleoftreasurystock,profit_margin,profitloss,propertyplantequipment,report_date,report_type,reported_eps,reportedcurrency,reporttime,researchanddevelopment,retainedearnings,return_on_assets_ttm,return_on_equity_ttm,revenue_growth_yoy,revenue_per_share_ttm,sellinggeneralandadministrative,shortlongtermdebttotal,shorttermdebt,shortterminvestments,sma_200,sma_50,surprise_pct,totalassets,totalcurrentassets,totalcurrentliabilities,totalliabilities,totalnoncurrentassets,totalnoncurrentliabilities,totalrevenue,totalshareholderequity,trailing_pe,treasurystock,week_52_high,week_52_low
1996-03-31,HUM,,,,,,,,,,,,,,,,,,,,,,,,,,,,,,,,,,,,,,0.0,,,0.32,,,,,,,,,,,,,,,,,,,,,,,,,,,,,,,,,,,,,,,,,,,,,,,,,1996-05-01,,0.32,,pre-market,,,,,,,,,,,,,0.0,,,,,,,,,,,,
1996-06-30,HUM,,,,,,,,,,,,,,,,,,,,,,,,,,,,,,,,,,,,,,0.03,,,0.19,,,,,,,,,,,,,,,,,,,,,,,,,,,,,,,,,,,,,,,,,,,,,,,,,1996-08-14,,0.22,,pre-market,,,,,,,,,,,,,15.7895,,,,,,,,,,,,
1996-09-30,HUM,,,,,,,,,,,,,,,,,,,,,,,,,,,,,,,,,,,,,,0.0,,,0.22,,,,,,,,,,,,,,,,,,,,,,,,,,,,,,,,,,,,,,,,,,,,,,,,,1996-11-06,,0.22,,pre-market,,,,,,,,,,,,,0.0,,,,,,,,,,,,
1996-12-31,HUM,,,,,,,,,,,,,,,,,,,,,,,,,,,,,,,,,,,,,,-0.02,,,0.21,,,,,,,,,,,,,,,,,,,,,,,,,,,,,,,,,,,,,,,,,,,,,,,,,1997-02-11,,0.19,,pre-market,,,,,,,,,,,,,-9.5238,,,,,,,,,,,,
1997-03-31,HUM,,,,,,,,,,,,,,,,,,,,,,,,,,,,,,,,,,,,,,0.01,,,0.23,,,,,,,,,,,,,,,,,,,,,,,,,,,,,,,,,,,,,,,,,,,,,,,,,1997-04-29,,0.24,,pre-market,,,,,,,,,,,,,4.3478,,,,,,,,,,,,
1997-06-30,HUM,,,,,,,,,,,,,,,,,,,,,,,,,,,,,,,,,,,,,,-0.01,,,0.26,,,,,,,,,,,,,,,,,,,,,,,,,,,,,,,,,,,,,,,,,,,,,,,,,1997-07-31,,0.25,,pre-market,,,,,,,,,,,,,-3.8462,,,,,,,,,,,,
1997-09-30,HUM,,,,,,,,,,,,,,,,,,,,,,,,,,,,,,,,,,,,,,-0.01,,,0.28,,,,,,,,,,,,,,,,,,,,,,,,,,,,,,,,,,,,,,,,,,,,,,,,,1997-10-28,,0.27,,pre-market,,,,,,,,,,,,,-3.5714,,,,,,,,,,,,
1997-12-31,HUM,,,,,,,,,,,,,,,,,,,,,,,,,,,,,,,,,,,,,,-0.01,,,0.3,,,,,,,,,,,,,,,,,,,,,,,,,,,,,,,,,,,,,,,,,,,,,,,,,1998-02-10,,0.29,,pre-market,,,,,,,,,,,,,-3.3333,,,,,,,,,,,,
1998-03-31,HUM,,,,,,,,,,,,,,,,,,,,,,,,,,,,,,,,,,,,,,0.0,,,0.3,,,,,,,,,,,,,,,,,,,,,,,,,,,,,,,,,,,,,,,,,,,,,,,,,1998-04-29,,0.3,,pre-market,,,,,,,,,,,,,0.0,,,,,,,,,,,,
1998-06-30,HUM,,,,,,,,,,,,,,,,,,,,,,,,,,,,,,,,,,,,,,0.0,,,0.31,,,,,,,,,,,,,,,,,,,,,,,,,,,,,,,,,,,,,,,,,,,,,,,,,1998-08-04,,0.31,,pre-market,,,,,,,,,,,,,0.0,,,,,,,,,,,,
1998-09-30,HUM,,,,,,,,,,,,,,,,,,,,,,,,,,,,,,,,,,,,,,0.0,,,0.32,,,,,,,,,,,,,,,,,,,,,,,,,,,,,,,,,,,,,,,,,,,,,,,,,1998-10-29,,0.32,,pre-market,,,,,,,,,,,,,0.0,,,,,,,,,,,,
1998-12-31,HUM,,,,,,,,,,,,,,,,,,,,,,,,,,,,,,,,,,,,,,0.0,,,0.34,,,,,,,,,,,,,,,,,,,,,,,,,,,,,,,,,,,,,,,,,,,,,,,,,1999-02-09,,0.34,,pre-market,,,,,,,,,,,,,0.0,,,,,,,,,,,,
1999-03-31,HUM,,,,,,,,,,,,,,,,,,,,,,,,,,,,,,,,,,,,,,-0.02,,,0.22,,,,,,,,,,,,,,,,,,,,,,,,,,,,,,,,,,,,,,,,,,,,,,,,,1999-05-05,,0.2,,pre-market,,,,,,,,,,,,,-9.0909,,,,,,,,,,,,
1999-06-30,HUM,,,,,,,,,,,,,,,,,,,,,,,,,,,,,,,,,,,,,,0.0,,,0.17,,,,,,,,,,,,,,,,,,,,,,,,,,,,,,,,,,,,,,,,,,,,,,,,,1999-07-29,,0.17,,pre-market,,,,,,,,,,,,,0.0,,,,,,,,,,,,
1999-09-30,HUM,,,,,,,,,,,,,,,,,,,,,,,,,,,,,,,,,,,,,,0.01,,,0.12,,,,,,,,,,,,,,,,,,,,,,,,,,,,,,,,,,,,,,,,,,,,,,,,,1999-11-04,,0.13,,pre-market,,,,,,,,,,,,,8.3333,,,,,,,,,,,,
1999-12-31,HUM,,,,,,,,,,,,,,,,,,,,,,,,,,,,,,,,,,,,,,0.02,,,0.13,,,,,,,,,,,,,,,,,,,,,,,,,,,,,,,,,,,,,,,,,,,,,,,,,2000-02-09,,0.15,,pre-market,,,,,,,,,,,,,15.3846,,,,,,,,,,,,
2000-03-31,HUM,,,,,,,,,,,,,,,,,,,,,,,,,,,,,,,,,,,,,,-0.02,,,0.15,,,,,,,,,,,,,,,,,,,,,,,,,,,,,,,,,,,,,,,,,,,,,,,,,2000-05-03,,0.13,,pre-market,,,,,,,,,,,,,-13.3333,,,,,,,,,,,,
2000-06-30,HUM,,,,,,,,,,,,,,,,,,,,,,,,,,,,,,,,,,,,,,0.0,,,0.11,,,,,,,,,,,,,,,,,,,,,,,,,,,,,,,,,,,,,,,,,,,,,,,,,2000-08-03,,0.11,,pre-market,,,,,,,,,,,,,0.0,,,,,,,,,,,,
2000-09-30,HUM,,,,,,,,,,,,,,,,,,,,,,,,,,,,,,,,,,,,,,0.0,,,0.14,,,,,,,,,,,,,,,,,,,,,,,,,,,,,,,,,,,,,,,,,,,,,,,,,2000-10-31,,0.14,,pre-market,,,,,,,,,,,,,0.0,,,,,,,,,,,,
2000-12-31,HUM,,,,,,,,,,,,,,,,,,,,,,,,,,,,,,,,,,,,,,0.01,,,0.15,,,,,,,,,,,,,,,,,,,,,,,,,,,,,,,,,,,,,,,,,,,,,,,,,2001-02-07,,0.16,,pre-market,,,,,,,,,,,,,6.6667,,,,,,,,,,,,
2001-03-31,HUM,,,,,,,,,,,,,,,,,,,,,,,,,,,,,,,,,,,,,,0.01,,,0.15,,,,,,,,,,,,,,,,,,,,,,,,,,,,,,,,,,,,,,,,,,,,,,,,,2001-05-02,,0.16,,pre-market,,,,,,,,,,,,,6.6667,,,,,,,,,,,,
2001-06-30,HUM,,,,,,,,,,,,,,,,,,,,,,,,,,,,,,,,,,,,,,0.0,,,0.15,,,,,,,,,,,,,,,,,,,,,,,,,,,,,,,,,,,,,,,,,,,,,,,,,2001-07-30,,0.15,,pre-market,,,,,,,,,,,,,0.0,,,,,,,,,,,,
2001-09-30,HUM,,,,,,,,,,,,,,,,,,,,,,,,,,,,,,,,,,,,,,0.0,,,0.18,,,,,,,,,,,,,,,,,,,,,,,,,,,,,,,,,,,,,,,,,,,,,,,,,2001-10-29,,0.18,,pre-market,,,,,,,,,,,,,0.0,,,,,,,,,,,,
2001-12-31,HUM,,,,,,,,,,,,,,,,,,,,,,,,,,,,,,,,,,,,,,0.01,,,0.2,,,,,,,,,,,,,,,,,,,,,,,,,,,,,,,,,,,,,,,,,,,,,,,,,2002-02-04,,0.21,,pre-market,,,,,,,,,,,,,5.0,,,,,,,,,,,,
2002-03-31,HUM,,,,,,,,,,,,,,,,,,,,,,,,,,,,,,,,,,,,,,0.0,,,0.28,,,,,,,,,,,,,,,,,,,,,,,,,,,,,,,,,,,,,,,,,,,,,,,,,2002-04-29,,0.28,,pre-market,,,,,,,,,,,,,0.0,,,,,,,,,,,,
2002-06-30,HUM,,,,,,,,,,,,,,,,,,,,,,,,,,,,,,,,,,,,,,0.0,,,0.27,,,,,,,,,,,,,,,,,,,,,,,,,,,,,,,,,,,,,,,,,,,,,,,,,2002-07-29,,0.27,,pre-market,,,,,,,,,,,,,0.0,,,,,,,,,,,,
2002-09-30,HUM,,,,,,,,,,,,,,,,,,,,,,,,,,,,,,,,,,,,,,0.0,,,0.31,,,,,,,,,,,,,,,,,,,,,,,,,,,,,,,,,,,,,,,,,,,,,,,,,2002-10-28,,0.31,,pre-market,,,,,,,,,,,,,0.0,,,,,,,,,,,,
2002-12-31,HUM,,,,,,,,,,,,,,,,,,,,,,,,,,,,,,,,,,,,,,0.01,,,0.33,,,,,,,,,,,,,,,,,,,,,,,,,,,,,,,,,,,,,,,,,,,,,,,,,2003-02-03,,0.34,,pre-market,,,,,,,,,,,,,3.0303,,,,,,,,,,,,
2003-03-31,HUM,,,,,,,,,,,,,,,,,,,,,,,,,,,,,,,,,,,,,,0.0,,,0.31,,,,,,,,,,,,,,,,,,,,,,,,,,,,,,,,,,,,,,,,,,,,,,,,,2003-04-28,,0.31,,pre-market,,,,,,,,,,,,,0.0,,,,,,,,,,,,
2003-06-30,HUM,,,,,,,,,,,,,,,,,,,,,,,,,,,,,,,,,,,,,,0.08,,,0.29,,,,,,,,,,,,,,,,,,,,,,,,,,,,,,,,,,,,,,,,,,,,,,,,,2003-07-28,,0.37,,pre-market,,,,,,,,,,,,,27.5862,,,,,,,,,,,,
2003-09-30,HUM,,,,,,,,,,,,,,,,,,,,,,,,,,,,,,,,,,,,,,0.0,,,0.38,,,,,,,,,,,,,,,,,,,,,,,,,,,,,,,,,,,,,,,,,,,,,,,,,2003-10-27,,0.38,,pre-market,,,,,,,,,,,,,0.0,,,,,,,,,,,,
2003-12-31,HUM,,,,,,,,,,,,,,,,,,,,,,,,,,,,,,,,,,,,,,0.01,,,0.4,,,,,,,,,,,,,,,,,,,,,,,,,,,,,,,,,,,,,,,,,,,,,,,,,2004-02-02,,0.41,,pre-market,,,,,,,,,,,,,2.5,,,,,,,,,,,,
2004-03-31,HUM,,,,,,,,,,,,,,,,,,,,,,,,,,,,,,,,,,,,,,0.0,,,0.41,,,,,,,,,,,,,,,,,,,,,,,,,,,,,,,,,,,,,,,,,,,,,,,,,2004-04-26,,0.41,,pre-market,,,,,,,,,,,,,0.0,,,,,,,,,,,,
2004-06-30,HUM,,,,,,,,,,,,,,,,,,,,,,,,,,,,,,,,,,,,,,0.07,,,0.39,,,,,,,,,,,,,,,,,,,,,,,,,,,,,,,,,,,,,,,,,,,,,,,,,2004-07-26,,0.46,,pre-market,,,,,,,,,,,,,17.9487,,,,,,,,,,,,
2004-09-30,HUM,,,,,,,,,,,,,,,,,,,,,,,,,,,,,,,,,,,,,,0.08,,,0.44,,,,,,,,,,,,,,,,,,,,,,,,,,,,,,,,,,,,,,,,,,,,,,,,,2004-11-01,,0.52,,pre-market,,,,,,,,,,,,,18.1818,,,,,,,,,,,,
2004-12-31,HUM,,,,,,,,,,,,,,,,,,,,,,,,,,,,,,,,,,,,,,-0.01,,,0.27,,,,,,,,,,,,,,,,,,,,,,,,,,,,,,,,,,,,,,,,,,,,,,,,,2005-02-07,,0.26,,pre-market,,,,,,,,,,,,,-3.7037,,,,,,,,,,,,
2005-03-31,HUM,,,,,,,,,,,,,,,,,,,,,,,,,,,,,,,,,,,,,,0.03,,,0.5,,,,,,,,,,,,,,,,,,,,,,,,,,,,,,,,,,,,,,,,,,,,,,,,,2005-05-02,,0.53,,pre-market,,,,,,,,,,,,,6.0,,,,,,,,,,,,
2005-06-30,HUM,,,,,,,,,,,,,,,,,,,,,,,,,,,,,,,,,,,,,,0.0,,,0.51,,,,,,,,,,,,,,,,,,,,,,,,,,,,,,,,,,,,,,,,,,,,,,,,,2005-08-01,,0.51,,pre-market,,,,,,,,,,,,,0.0,,,,,,,,,,,,
2005-09-30,HUM,,,,,,,,,,,,,,,,,,,,,,,,,,,,,,,,,,,,,,0.09,,,0.51,,,,,,,,,,,,,,,,,,,,,,,,,,,,,,,,,,,,,,,,,,,,,,,,,2005-10-31,,0.6,,pre-market,,,,,,,,,,,,,17.6471,,,,,,,,,,,,
2005-12-31,HUM,,,,,,,,,,,,,,,,,,,,,,,,,,,,,,,,,,,,,,0.01,,,0.45,,,,,,,,,,,,,,,,,,,,,,,,,,,,,,,,,,,,,,,,,,,,,,,,,2006-02-06,,0.46,,pre-market,,,,,,,,,,,,,2.2222,,,,,,,,,,,,
2006-03-31,HUM,,,,,,,,,,,,,,,,,,,,,,,,,,,,,,,,,,,,,,-0.06,,,0.45,,,,,,,,,,,,,,,,,,,,,,,,,,,,,,,,,,,,,,,,,,,,,,,,,2006-05-01,,0.39,,pre-market,,,,,,,,,,,,,-13.3333,,,,,,,,,,,,
2006-06-30,HUM,,,,,,,,,,,,,,,,,,,,,,,,,,,,,,,,,,,,,,0.18,,,0.35,,,,,,,,,,,,,,,,,,,,,,,,,,,,,,,,,,,,,,,,,,,,,,,,,2006-07-31,,0.53,,pre-market,,,,,,,,,,,,,51.4286,,,,,,,,,,,,
2006-09-30,HUM,,,,,,,,,,,,,,,,,,,,,,,,,,,,,,,,,,,,,,-0.02,,,0.97,,,,,,,,,,,,,,,,,,,,,,,,,,,,,,,,,,,,,,,,,,,,,,,,,2006-10-30,,0.95,,pre-market,,,,,,,,,,,,,-2.0619,,,,,,,,,,,,
2006-12-31,HUM,,,,,,,,,,,,,,,,,,,,,,,,,,,,,,,,,,,,,,0.04,,,0.88,,,,,,,,,,,,,,,,,,,,,,,,,,,,,,,,,,,,,,,,,,,,,,,,,2007-02-05,,0.92,,pre-market,,,,,,,,,,,,,4.5455,,,,,,,,,,,,
2007-03-31,HUM,,,,,,,,,,,,,,,,,,,,,,,,,,,,,,,,,,,,,,0.02,,,0.4,,,,,,,,,,,,,,,,,,,,,,,,,,,,,,,,,,,,,,,,,,,,,,,,,2007-04-30,,0.42,,pre-market,,,,,,,,,,,,,5.0,,,,,,,,,,,,
2007-06-30,HUM,,,,,,,,,,,,,,,,,,,,,,,,,,,,,,,,,,,,,,0.11,,,1.17,,,,,,,,,,,,,,,,,,,,,,,,,,,,,,,,,,,,,,,,,,,,,,,,,2007-07-18,,1.28,,pre-market,,,,,,,,,,,,,9.4017,,,,,,,,,,,,
2007-09-30,HUM,,,,,,,,,,,,,,,,,,,,,,,,,,,,,,,,,,,,,,0.05,,,1.48,,,,,,,,,,,,,,,,,,,,,,,,,,,,,,,,,,,,,,,,,,,,,,,,,2007-10-29,,1.53,,pre-market,,,,,,,,,,,,,3.3784,,,,,,,,,,,,
2007-12-31,HUM,,,,,,,,,,,,,,,,,,,,,,,,,,,,,,,,,,,,,,0.11,,,1.32,,,,,,,,,,,,,,,,,,,,,,,,,,,,,,,,,,,,,,,,,,,,,,,,,2008-02-04,,1.43,,pre-market,,,,,,,,,,,,,8.3333,,,,,,,,,,,,
2008-03-31,HUM,,,,,,,,,,,,,,,,,,,,,,,,,,,,,,,,,,,,,,0.02,,,0.45,,,,,,,,,,,,,,,,,,,,,,,,,,,,,,,,,,,,,,,,,,,,,,,,,2008-04-28,,0.47,,pre-market,,,,,,,,,,,,,4.4444,,,,,,,,,,,,
2008-06-30,HUM,,,,,,,,,,,,,,,,,,,,,,,,,,,,,,,,,,,,,,0.06,,,1.18,,,,,,,,,,,,,,,,,,,,,,,,,,,,,,,,,,,,,,,,,,,,,,,,,2008-08-04,,1.24,,pre-market,,,,,,,,,,,,,5.0847,,,,,,,,,,,,
2008-09-30,HUM,,,,,,,,,,,,,,,,,,,,,,,,,,,,,,,,,,,,,,0.02,,,1.47,,,,,,,,,,,,,,,,,,,,,,,,,,,,,,,,,,,,,,,,,,,,,,,,,2008-10-27,,1.49,,pre-market,,,,,,,,,,,,,1.3605,,,,,,,,,,,,
2008-12-31,HUM,,,,,,,,,,,,,,,,,,,,,,,,,,,,,,,,,,,,,,0.01,,,1.06,,,,,,,,,,,,,,,,,,,,,,,,,,,,,,,,,,,,,,,,,,,,,,,,,2009-02-02,,1.07,,pre-market,,,,,,,,,,,,,0.9434,,,,,,,,,,,,
2009-03-31,HUM,,,,,,,,,,,,,,,,,,,,,,,,,,,,,,,,,,,,,,0.08,,,1.14,,,,,,,,,,,,,,,,,,,,,,,,,,,,,,,,,,,,,,,,,,,,,,,,,2009-04-27,,1.22,,pre-market,,,,,,,,,,,,,7.0175,,,,,,,,,,,,
2009-06-30,HUM,,,,,,,,,,,,,,,,,,,,,,,,,,,,,,,,,,,,,,0.02,,,1.65,,,,,,,,,,,,,,,,,,,,,,,,,,,,,,,,,,,,,,,,,,,,,,,,,2009-08-03,,1.67,,pre-market,,,,,,,,,,,,,1.2121,,,,,,,,,,,,
2009-09-30,HUM,,,,,,,,,,,,,,,,,,,,,,,,,,,,,,,,,,,,,,0.01,,,1.77,,,,,,,,,,,,,,,,,,,,,,,,,,,,,,,,,,,,,,,,,,,,,,,,,2009-11-02,,1.78,,pre-market,,,,,,,,,,,,,0.565,,,,,,,,,,,,
2009-12-31,HUM,,,,,,,,,,,,,,,,,,,,,,,,,,,,,,,,,,,,,,-0.01,,,1.49,,,,,,,,,,,,,,,,,,,,,,,,,,,,,,,,,,,,,,,,,,,,,,,,,2010-02-01,,1.48,,pre-market,,,,,,,,,,,,,-0.6711,,,,,,,,,,,,
2010-03-31,HUM,,,,,,,,,,,,,,,,,,,,,,,,,,,,,,,,,,,,,,0.05,,,1.15,,,,,,,,,,,,,,,,,,,,,,,,,,,,,,,,,,,,,,,,,,,,,,,,,2010-04-26,,1.2,,pre-market,,,,,,,,,,,,,4.3478,,,,,,,,,,,,
2010-06-30,HUM,,,,,,,,,,,,,,,,,,,,,,,,,,,,,,,,,,,,,,0.42,,,1.69,,,,,,,,,,,,,,,,,,,,,,,,,,,,,,,,,,,,,,,,,,,,,,,,,2010-08-02,,2.11,,pre-market,,,,,,,,,,,,,24.8521,,,,,,,,,,,,
2010-09-30,HUM,,,,,,,,,,,,,,,,,,,,,,,,,,,,,,,,,,,,,,0.64,,,1.68,,,,,,,,,,,,,,,,,,,,,,,,,,,,,,,,,,,,,,,,,,,,,,,,,2010-11-01,,2.32,,pre-market,,,,,,,,,,,,,38.0952,,,,,,,,,,,,
2010-12-31,HUM,,,,,,,,,,,,,,,,,,,,,,,,,,,,,,,,,,,,,,0.83,,,0.82,,,,,,,,,,,,,,,,,,,,,,,,,,,,,,,,,,,,,,,,,,,,,,,,,2011-02-07,,1.65,,pre-market,,,,,,,,,,,,,101.2195,,,,,,,,,,,,
2011-03-31,HUM,,,,,,,,,,,,,,,,,,,,,,,,,,,,,,,,,,,,,,0.11,,,1.75,,,,,,,,,,,,,,,,,,,,,,,,,,,,,,,,,,,,,,,,,,,,,,,,,2011-05-02,,1.86,,pre-market,,,,,,,,,,,,,6.2857,,,,,,,,,,,,
2011-06-30,HUM,,,,,,,,,,,,,,,,,,,,,,,,,,,,,,,,,,,,,,0.63,,,2.08,,,,,,,,,,,,,,,,,,,,,,,,,,,,,,,,,,,,,,,,,,,,,,,,,2011-08-01,,2.71,,pre-market,,,,,,,,,,,,,30.2885,,,,,,,,,,,,
2011-09-30,HUM,,,,,,,,,,,,,,,,,,,,,,,,,,,,,,,,,,,,,,0.64,,,2.03,,,,,,,,,,,,,,,,,,,,,,,,,,,,,,,,,,,,,,,,,,,,,,,,,2011-10-31,,2.67,,pre-market,,,,,,,,,,,,,31.5271,,,,,,,,,,,,
2011-12-31,HUM,,,,,,,,,,,,,,,,,,,,,,,,,,,,,,,,,,,,,,0.0,,,1.2,,,,,,,,,,,,,,,,,,,,,,,,,,,,,,,,,,,,,,,,,,,,,,,,,2012-02-06,,1.2,,pre-market,,,,,,,,,,,,,0.0,,,,,,,,,,,,
2012-03-31,HUM,,,,,,,,,,,,,,,,,,,,,,,,,,,,,,,,,,,,,,-0.05,,,1.54,,,,,,,,,,,,,,,,,,,,,,,,,,,,,,,,,,,,,,,,,,,,,,,,,2012-04-30,,1.49,,pre-market,,,,,,,,,,,,,-3.2468,,,,,,,,,,,,
2012-06-30,HUM,,,,,,,,,,,,,,,,,,,,,,,,,,,,,,,,,,,,,,0.14,,,2.2,,,,,,,,,,,,,,,,,,,,,,,,,,,,,,,,,,,,,,,,,,,,,,,,,2012-07-30,,2.34,,post-market,,,,,,,,,,,,,6.3636,,,,,,,,,,,,
2012-09-30,HUM,,,,,,,,,,,,,,,,,,,,,,,,,,,,,,,,,,,,,,0.57,,,2.05,,,,,,,,,,,,,,,,,,,,,,,,,,,,,,,,,,,,,,,,,,,,,,,,,2012-11-05,,2.62,,pre-market,,,,,,,,,,,,,27.8049,,,,,,,,,,,,
2012-12-31,HUM,,,,,,,,,,,,,,,,,,,,,,,,,,,,,,,,,,,,,,0.12,,,1.07,,,,,,,,,,,,,,,,,,,,,,,,,,,,,,,,,,,,,,,,,,,,,,,,,2013-02-04,,1.19,,pre-market,,,,,,,,,,,,,11.215,,,,,,,,,,,,
2013-03-31,HUM,,,,,,,,,,,,,,,,,,,,,,,,,,,,,,,,,,,,,,1.16,,,1.79,,,,,,,,,,,,,,,,,,,,,,,,,,,,,,,,,,,,,,,,,,,,,,,,,2013-05-01,,2.95,,pre-market,,,,,,,,,,,,,64.8045,,,,,,,,,,,,
2013-06-30,HUM,,,,,,,,,,,,,,,,,,,,,,,,,,,,,,,,,,,,,,0.16,,,2.47,,,,,,,,,,,,,,,,,,,,,,,,,,,,,,,,,,,,,,,,,,,,,,,,,2013-07-31,,2.63,,pre-market,,,,,,,,,,,,,6.4777,,,,,,,,,,,,
2013-09-30,HUM,,,,,,,,,,,,,,,,,,,,,,,,,,,,,,,,,,,,,,0.13,,,2.18,,,,,,,,,,,,,,,,,,,,,,,,,,,,,,,,,,,,,,,,,,,,,,,,,2013-11-06,,2.31,,pre-market,,,,,,,,,,,,,5.9633,,,,,,,,,,,,
2013-12-31,HUM,,,,,,,,,,,,,,,,,,,,,,,,,,,,,,,,,,,,,,-0.13,,,0.93,,,,,,,,,,,,,,,,,,,,,,,,,,,,,,,,,,,,,,,,,,,,,,,,,2014-02-05,,0.8,,pre-market,,,,,,,,,,,,,-13.9785,,,,,,,,,,,,
2014-03-31,HUM,,,,,,,,,,,,,,,,,,,,,,,,,,,,,,,,,,,,,,0.41,,,1.94,,,,,,,,,,,,,,,,,,,,,,,,,,,,,,,,,,,,,,,,,,,,,,,,,2014-05-07,,2.35,,pre-market,,,,,,,,,,,,,21.134,,,,,,,,,,,,
2014-06-30,HUM,,,,,,,,,,,,,,,,,,,,,,,,,,,,,,,,,,,,,,0.0,,,2.19,,,,,,,,,,,,,,,,,,,,,,,,,,,,,,,,,,,,,,,,,,,,,,,,,2014-07-30,,2.19,,pre-market,,,,,,,,,,,,,0.0,,,,,,,,,,,,
2014-09-30,HUM,,,,,,,,,,,,,,,,,,,,,,,,,,,,,,,,,,,,,,-0.15,,,2.0,,,,,,,,,,,,,,,,,,,,,,,,,,,,,,,,,,,,,,,,,,,,,,,,,2014-11-07,,1.85,,pre-market,,,,,,,,,,,,,-7.5,,,,,,,,,,,,
2014-12-31,HUM,,,,,,,,,,,,,,,,,,,,,,,,,,,,,,,,,,,,,,-0.06,,,1.15,,,,,,,,,,,,,,,,,,,,,,,,,,,,,,,,,,,,,,,,,,,,,,,,,2015-02-04,,1.09,,pre-market,,,,,,,,,,,,,-5.2174,,,,,,,,,,,,
2015-03-31,HUM,,,,,,,,,,,,,,,,,,,,,,,,,,,,,,,,,,,,,,-0.09,,,2.56,,,,,,,,,,,,,,,,,,,,,,,,,,,,,,,,,,,,,,,,,,,,,,,,,2015-04-29,,2.47,,pre-market,,,,,,,,,,,,,-3.5156,,,,,,,,,,,,
2015-06-30,HUM,,,,,,,,,,,,,,,,,,,,,,,,,,,,,,,,,,,,,,0.04,,,1.63,,,,,,,,,,,,,,,,,,,,,,,,,,,,,,,,,,,,,,,,,,,,,,,,,2015-07-29,,1.67,,pre-market,,,,,,,,,,,,,2.454,,,,,,,,,,,,
2015-09-30,HUM,,,,,,,,,,,,,,,,,,,,,,,,,,,,,,,,,,,,,,0.03,,,2.13,,,,,,,,,,,,,,,,,,,,,,,,,,,,,,,,,,,,,,,,,,,,,,,,,2015-11-06,,2.16,,pre-market,,,,,,,,,,,,,1.4085,,,,,,,,,,,,
2015-12-31,HUM,,,,,,,,,,,,,,,,,,,,,,,,,,,,,,,,,,,,,,-0.01,,,1.46,,,,,,,,,,,,,,,,,,,,,,,,,,,,,,,,,,,,,,,,,,,,,,,,,2016-02-10,,1.45,,pre-market,,,,,,,,,,,,,-0.6849,,,,,,,,,,,,
2016-03-31,HUM,,,,,,,,,,,,,,,,,,,,,,,,,,,,,,,,,,,,,,0.05,,,1.81,,,,,,,,,,,,,,,,,,,,,,,,,,,,,,,,,,,,,,,,,,,,,,,,,2016-05-04,,1.86,,pre-market,,,,,,,,,,,,,2.7624,,,,,,,,,,,,
2016-06-30,HUM,,,,,,,,,,,,,,,,,,,,,,,,,,,,,,,,,,,,,,0.02,,,2.28,,,,,,,,,,,,,,,,,,,,,,,,,,,,,,,,,,,,,,,,,,,,,,,,,2016-08-03,,2.3,,pre-market,,,,,,,,,,,,,0.8772,,,,,,,,,,,,
2016-09-30,HUM,,,,,,,,,,,,,,,,,,,,,,,,,,,,,,,,,,,,,,0.03,,,3.15,,,,,,,,,,,,,,,,,,,,,,,,,,,,,,,,,,,,,,,,,,,,,,,,,2016-11-04,,3.18,,pre-market,,,,,,,,,,,,,0.9524,,,,,,,,,,,,
2016-12-31,HUM,,,,,,,,,,,,,,,,,,,,,,,,,,,,,,,,,,,,,,0.03,,,2.06,,,,,,,,,,,,,,,,,,,,,,,,,,,,,,,,,,,,,,,,,,,,,,,,,2017-02-08,,2.09,,pre-market,,,,,,,,,,,,,1.4563,,,,,,,,,,,,
2017-03-31,HUM,,,,,,,,,,,,,,,,,,,,,,,,,,,,,,,,,,,,,,0.12,,,2.63,,,,,,,,,,,,,,,,,,,,,,,,,,,,,,,,,,,,,,,,,,,,,,,,,2017-05-03,,2.75,,pre-market,,,,,,,,,,,,,4.5627,,,,,,,,,,,,
2017-06-30,HUM,,,,,,,,,,,,,,,,,,,,,,,,,,,,,,,,,,,,,,0.43,,,3.06,,,,,,,,,,,,,,,,,,,,,,,,,,,,,,,,,,,,,,,,,,,,,,,,,2017-08-02,,3.49,,pre-market,,,,,,,,,,,,,14.0523,,,,,,,,,,,,
2017-09-30,HUM,,,,,,,,,,,,,,,,,,,,,,,,,,,,,,,,,,,,,,0.12,,,3.27,,,,,,,,,,,,,,,,,,,,,,,,,,,,,,,,,,,,,,,,,,,,,,,,,2017-11-08,,3.39,,pre-market,,,,,,,,,,,,,3.6697,,,,,,,,,,,,
2017-12-31,HUM,,,,,,,,,,,,,,,,,,,,,,,,,,,,,,,,,,,,,,0.06,,,2.0,,,,,,,,,,,,,,,,,,,,,,,,,,,,,,,,,,,,,,,,,,,,,,,,,2018-02-07,,2.06,,pre-market,,,,,,,,,,,,,3.0,,,,,,,,,,,,
2018-03-31,HUM,,,,,,,,,,,,,,,,,,,,,,,,,,,,,,,,,,,,,,0.16,,,3.2,,,,,,,,,,,,,,,,,,,,,,,,,,,,,,,,,,,,,,,,,,,,,,,,,2018-05-02,,3.36,,pre-market,,,,,,,,,,,,,5.0,,,,,,,,,,,,
2018-06-30,HUM,,,,,,,,,,,,,,,,,,,,,,,,,,,,,,,,,,,,,,0.18,,,3.78,,,,,,,,,,,,,,,,,,,,,,,,,,,,,,,,,,,,,,,,,,,,,,,,,2018-08-01,,3.96,,pre-market,,,,,,,,,,,,,4.7619,,,,,,,,,,,,
2018-09-30,HUM,,,,,,,,,,,,,,,,,,,,,,,,,,,,,,,,,,,,,,0.34,,,4.24,,,,,,,,,,,,,,,,,,,,,,,,,,,,,,,,,,,,,,,,,,,,,,,,,2018-11-07,,4.58,,pre-market,,,,,,,,,,,,,8.0189,,,,,,,,,,,,
2018-12-31,HUM,,,,,,,,,,,,,,,,,,,,,,,,,,,,,,,,,,,,,,0.12,,,2.53,,,,,,,,,,,,,,,,,,,,,,,,,,,,,,,,,,,,,,,,,,,,,,,,,2019-02-06,,2.65,,pre-market,,,,,,,,,,,,,4.7431,,,,,,,,,,,,
2019-03-31,HUM,,,,,,,,,,,,,,,,,,,,,,,,,,,,,,,,,,,,,,0.18,,,4.3,,,,,,,,,,,,,,,,,,,,,,,,,,,,,,,,,,,,,,,,,,,,,,,,,2019-05-01,,4.48,,pre-market,,,,,,,,,,,,,4.186,,,,,,,,,,,,
2019-06-30,HUM,,,,,,,,,,,,,,,,,,,,,,,,,,,,,,,,,,,,,,0.78,,,5.27,,,,,,,,,,,,,,,,,,,,,,,,,,,,,,,,,,,,,,,,,,,,,,,,,2019-07-31,,6.05,,pre-market,,,,,,,,,,,,,14.8008,,,,,,,,,,,,
2019-09-30,HUM,,,,,,,,,,,,,,,,,,,,,,,,,,,,,,,,,,,,,,0.46,,,4.57,,,,,,,,,,,,,,,,,,,,,,,,,,,,,,,,,,,,,,,,,,,,,,,,,2019-11-06,,5.03,,pre-market,,,,,,,,,,,,,10.0656,,,,,,,,,,,,
2019-12-31,HUM,,,,,,,,,,,,,,,,,,,,,,,,,,,,,,,,,,,,,,0.09,,,2.19,,,,,,,,,,,,,,,,,,,,,,,,,,,,,,,,,,,,,,,,,,,,,,,,,2020-02-05,,2.28,,pre-market,,,,,,,,,,,,,4.1096,,,,,,,,,,,,
2020-03-31,HUM,,,,,,,,,,,,,,,,,,,,,,,,,,,,,,,,,,,,,,0.71,,,4.69,,,,,,,,,,,,,,,,,,,,,,,,,,,,,,,,,,,,,,,,,,,,,,,,,2020-04-29,,5.4,,pre-market,,,,,,,,,,,,,15.1386,,,,,,,,,,,,
2020-06-30,HUM,,,,,,,,,,,,,,,,,,,,,,,,,,,,,,,,,,,,,,2.44,,,10.12,,,,,,,,,,,,,,,,,,,,,,,,,,,,,,,,,,,,,,,,,,,,,,,,,2020-08-05,,12.56,,pre-market,,,,,,,,,,,,,24.1107,,,,,,,,,,,,
2020-09-30,HUM,,,,,,,,,,,,,,,,,,,,,,,,,,,,,,,,,,,,,,0.28,,,2.8,,,,,,,,,,,,,,,,,,,,,,,,,,,,,,,,,,,,,,,,,,,,,,,,,2020-11-03,,3.08,,pre-market,,,,,,,,,,,,,10.0,,,,,,,,,,,,
2020-12-31,HUM,,,,,,,,,,,,,,,,,,,,,,,,,,,,,,,,,,,,,,0.02,,,-2.32,,,,,,,,,,,,,,,,,,,,,,,,,,,,,,,,,,,,,,,,,,,,,,,,,2021-02-03,,-2.3,,pre-market,,,,,,,,,,,,,0.8621,,,,,,,,,,,,
2021-03-31,HUM,,,,,,,,,,,,,,,,,,,,,,,,,,,,,,,,,,,,,,0.57,,,7.1,,,,,,,,,,,,,,,,,,,,,,,,,,,,,,,,,,,,,,,,,,,,,,,,,2021-04-28,,7.67,,pre-market,,,,,,,,,,,,,8.0282,,,,,,,,,,,,
2021-06-30,HUM,,,,,,,,,,,,,,,,,,,,,,,,,,,,,,,,,,,,,,0.05,,,6.84,,,,,,,,,,,,,,,,,,,,,,,,,,,,,,,,,,,,,,,,,,,,,,,,,2021-07-28,,6.89,,pre-market,,,,,,,,,,,,,0.731,,,,,,,,,,,,
2021-09-30,HUM,,,,,,,,,,,,,,,,,,,,,,,,,,,,,,,,,,,,,,0.16,,,4.67,,,,,,,,,,,,,,,,,,,,,,,,,,,,,,,,,,,,,,,,,,,,,,,,,2021-11-03,,4.83,,pre-market,,,,,,,,,,,,,3.4261,,,,,,,,,,,,
2021-12-31,HUM,,,,,,,,,,,,,,,,,,,,,,,,,,,,,,,,,,,,,,0.08,,,1.16,,,,,,,,,,,,,,,,,,,,,,,,,,,,,,,,,,,,,,,,,,,,,,,,,2022-02-02,,1.24,,pre-market,,,,,,,,,,,,,6.8966,,,,,,,,,,,,
2022-03-31,HUM,,,,,,,,,,,,,,,,,,,,,,,,,,,,,,,,,,,,,,1.24,,,6.8,,,,,,,,,,,,,,,,,,,,,,,,,,,,,,,,,,,,,,,,,,,,,,,,,2022-04-27,,8.04,,pre-market,,,,,,,,,,,,,18.2353,,,,,,,,,,,,
2022-06-30,HUM,,,,,,,,,,,,,,,,,,,,,,,,,,,,,,,,,,,,,,1.0,,,7.67,,,,,,,,,,,,,,,,,,,,,,,,,,,,,,,,,,,,,,,,,,,,,,,,,2022-07-27,,8.67,,pre-market,,,,,,,,,,,,,13.0378,,,,,,,,,,,,
2022-09-30,HUM,,,,,,,,,,,,,,,,,,,,,,,,,,,,,,,,,,,,,,0.6,,,6.28,,,,,,,,,,,,,,,,,,,,,,,,,,,,,,,,,,,,,,,,,,,,,,,,,2022-11-02,,6.88,,pre-market,,,,,,,,,,,,,9.5541,,,,,,,,,,,,
2022-12-31,HUM,,,,,,,,,,,,,,,,,,,,,,,,,,,,,,,,,,,,,,0.16,,,1.46,,,,,,,,,,,,,,,,,,,,,,,,,,,,,,,,,,,,,,,,,,,,,,,,,2023-02-01,,1.62,,pre-market,,,,,,,,,,,,,10.9589,,,,,,,,,,,,
2023-03-31,HUM,,,,,,,,,,,,,,,,,,,,,,,,,,,,,,,,,,,,,,0.18,,,9.2,,,,,,,,,,,,,,,,,,,,,,,,,,,,,,,,,,,,,,,,,,,,,,,,,2023-04-26,,9.38,,pre-market,,,,,,,,,,,,,1.9565,,,,,,,,,,,,
2023-06-30,HUM,,,,,,,,,,,,,,,,,,,,,,,,,,,,,,,,,,,,,,0.11,,,8.83,,,,,,,,,,,,,,,,,,,,,,,,,,,,,,,,,,,,,,,,,,,,,,,,,2023-08-02,,8.94,,pre-market,,,,,,,,,,,,,1.2458,,,,,,,,,,,,
2023-09-30,HUM,,,,,,,,,,,,,,,,,,,,,,,,,,,,,,,,,,,,,,0.61,,,7.17,,,,,,,,,,,,,,,,,,,,,,,,,,,,,,,,,,,,,,,,,,,,,,,,,2023-11-01,,7.78,,pre-market,,,,,,,,,,,,,8.5077,,,,,,,,,,,,
2023-12-31,HUM,,,,,,,,,,,,,,,,,,,,,,,,,,,,,,,,,,,,,,-1.03,,,0.92,,,,,,,,,,,,,,,,,,,,,,,,,,,,,,,,,,,,,,,,,,,,,,,,,2024-01-25,,-0.11,,pre-market,,,,,,,,,,,,,-111.9565,,,,,,,,,,,,
2024-03-31,HUM,,,,,,,,,,,,,,,,,,,,,,,,,,,,,,,,,,,,,,1.23,,,6.0,,,,,,,,,,,,,,,,,,,,,,,,,,,,,,,,,,,,,,,,,,,,,,,,,2024-04-24,,7.23,,pre-market,,,,,,,,,,,,,20.5,,,,,,,,,,,,
2024-06-30,HUM,,,,,,,,,,,,,,,,,,,,,,,,,,,,,,,,,,,,,,1.1,,,5.86,,,,,,,,,,,,,,,,,,,,,,,,,,,,,,,,,,,,,,,,,,,,,,,,,2024-07-31,,6.96,,pre-market,,,,,,,,,,,,,18.7713,,,,,,,,,,,,
2024-09-30,HUM,,,,,,,,,,,,,,,,,,,,,,,,,,,,,,,,,,,,,,0.77,,,3.39,,,,,,,,,,,,,,,,,,,,,,,,,,,,,,,,,,,,,,,,,,,,,,,,,2024-10-30,,4.16,,pre-market,,,,,,,,,,,,,22.7139,,,,,,,,,,,,
2024-12-31,HUM,,,,,,,,,,,,,,,,,,,,,,,,,,,,,,,,,,,,,,-0.04,,,-2.12,,,,,,,,,,,,,,,,,,,,,,,,,,,,,,,,,,,,,,,,,,,,,,,,,2025-02-11,,-2.16,,pre-market,,,,,,,,,,,,,-1.8868,,,,,,,,,,,,
2025-03-31,HUM,,,,,,,,,,,,,,,,,,,,,,,,,,,,,,,,,,,,,,1.51,,,10.07,,,,,,,,,,,,,,,,,,,,,,,,,,,,,,,,,,,,,,,,,,,,,,,,,2025-04-30,,11.58,,pre-market,,,,,,,,,,,,,14.995,,,,,,,,,,,,
2025-06-30,HUM,,,,,,,,,,,,,,,,,,,,,,,,,,,,,,,,,,,,,,0.4,,,5.87,,,,,,,,,,,,,,,,,,,,,,,,,,,,,,,,,,,,,,,,,,,,,,,,,2025-07-29,,6.27,,post-market,,,,,,,,,,,,,6.8143,,,,,,,,,,,,
2025-09-30,HUM,,,,,,,,,,,,,,,,,,,,,,,,,,,,,,,,,,,,,,0.41,,,2.83,,,,,,,,,,,,,,,,,,,,,,,,,,,,,,,,,,,,,,,,,,,,,,,,,2025-11-05,,3.24,,pre-market,,,,,,,,,,,,,14.4876,,,,,,,,,,,,
2025-12-28,HUM,10.69,126362001000.0,24.21,,0.466,154.0,,,,,,,,,,,,,,,,,,,,,,,,,,3.54,0.0137,,,,-0.593,0.41,,,2.83,,19.23,,18890000000.0,,,,,,,,,,,,,,,,,,,0.0204,,,,,,,,,,,,,1.035,1.683,0.246,,,,,,,,0.0102,,,2025-11-05,,3.24,,pre-market,,,0.0458,0.0716,0.111,1048.79,,,,,258.69,259.34,14.4876,,,,,,,,,24.21,,313.18,205.45
2025-12-28,HUM,10.69,126362001000.0,24.21,,0.466,154.0,,,,,,,,,,,,,,,None,None,None,,,,,,None,204000000,,3.54,0.0137,,,,-0.593,0.41,276000000,480000000,2.83,2025-09-30,19.23,,18890000000.0,32649000000,108000000,-86000000,,,None,168000000,168000000,,None,,,,,195000000,194000000,-168000000,None,0.0204,,32515000000,134000000,,,,,None,,,,,1.035,1.683,0.246,,,,,,,,0.0102,,,2025-11-05,quarterly,3.24,USD,pre-market,None,,0.0458,0.0716,0.111,1048.79,None,,,,258.69,259.34,14.4876,,,,,,,32649000000,,24.21,,313.18,205.45
2025-12-28,HUM,10.69,126362001000.0,24.21,,0.466,154.0,,,,,,,,,,,,,,,None,None,None,,,,,,None,211000000,,3.54,0.0137,,,,-0.593,0.41,898000000,1109000000,2.83,2025-06-30,19.23,,18890000000.0,32388000000,722000000,179000000,,,None,157000000,157000000,,None,,,,,545000000,543000000,-157000000,None,0.0204,,31647000000,741000000,,,,,None,,,,,1.035,1.683,0.246,,,,,,,,0.0102,,,2025-11-05,quarterly,3.24,USD,pre-market,None,,0.0458,0.0716,0.111,1048.79,None,,,,258.69,259.34,14.4876,,,,,,,32388000000,,24.21,,313.18,205.45
2025-12-28,HUM,10.69,126362001000.0,24.21,,0.466,154.0,,,,,,,,,,,,,,,None,None,None,,,,,,None,215000000,,3.54,0.0137,,,,-0.593,0.41,1851000000,2066000000,2.83,2025-03-31,19.23,,18890000000.0,32112000000,1691000000,406000000,,,None,160000000,160000000,,None,,,,,1244000000,1242000000,-160000000,None,0.0204,,30421000000,1691000000,,,,,None,,,,,1.035,1.683,0.246,,,,,,,,0.0102,,,2025-11-05,quarterly,3.24,USD,pre-market,None,,0.0458,0.0716,0.111,1048.79,None,,,,258.69,259.34,14.4876,,,,,,,32112000000,,24.21,,313.18,205.45
2025-12-28,HUM,10.69,126362001000.0,24.21,,0.466,154.0,,,,,,,,,,,,,,,None,None,None,,,,,,None,240000000,,3.54,0.0137,,,,-0.593,0.41,-698000000,-458000000,2.83,2024-12-31,19.23,,18890000000.0,29213000000,-899000000,-216000000,,,None,164000000,164000000,,None,,,,,-693000000,-683000000,-164000000,None,0.0204,,30075000000,-862000000,,,,,None,,,,,1.035,1.683,0.246,,,,,,,,0.0102,,,2025-11-05,quarterly,3.24,USD,pre-market,None,,0.0458,0.0716,0.111,1048.79,None,,,,258.69,259.34,14.4876,,,,,,,29213000000,,24.21,,313.18,205.45
2025-12-28,HUM,10.69,126362001000.0,24.21,,0.466,154.0,,,,,,,,,,,,,,,None,3339000000,3339000000,,,,,,None,243000000,,3.54,0.0137,,,,-0.593,0.41,820000000,1063000000,2.83,2024-09-30,19.23,,18890000000.0,29397000000,635000000,155000000,,,None,169000000,169000000,,None,,,,,480000000,480000000,-169000000,None,0.0204,,28746000000,651000000,,,,,None,,,,,1.035,1.683,0.246,,,,,,,,0.0102,,,2025-11-05,quarterly,3.24,USD,pre-market,None,,0.0458,0.0716,0.111,1048.79,None,,,,258.69,259.34,14.4876,,,,,,,29397000000,,24.21,,313.18,205.45
2025-12-28,HUM,10.69,126362001000.0,24.21,,0.466,154.0,,,,,,,,,,,,,,,None,3148000000,3148000000,,,,,,None,243000000,,3.54,0.0137,,,,-0.593,0.41,1086000000,1329000000,2.83,2024-06-30,19.23,,18890000000.0,29540000000,901000000,223000000,,,None,168000000,None,,None,,,,,679000000,678000000,-168000000,None,0.0204,,28622000000,918000000,,,,,None,,,,,1.035,1.683,0.246,,,,,,,,0.0102,,,2025-11-05,quarterly,3.24,USD,pre-market,None,,0.0458,0.0716,0.111,1048.79,None,,,,258.69,259.34,14.4876,,,,,,,29540000000,,24.21,,313.18,205.45
2025-12-28,HUM,10.69,126362001000.0,24.21,,0.466,154.0,,,,,,,,,,,,,,,None,3042000000,3042000000,,,,,,None,242000000,,3.54,0.0137,,,,-0.593,0.41,1173000000,1415000000,2.83,2024-03-31,19.23,,18890000000.0,29611000000,990000000,251000000,,,None,159000000,None,,None,,,,,741000000,739000000,-159000000,None,0.0204,,28597000000,1014000000,,,,,None,,,,,1.035,1.683,0.246,,,,,,,,0.0102,,,2025-11-05,quarterly,3.24,USD,pre-market,None,,0.0458,0.0716,0.111,1048.79,None,,,,258.69,259.34,14.4876,,,,,,,29611000000,,24.21,,313.18,205.45
2025-12-28,HUM,10.69,126362001000.0,24.21,,0.466,154.0,,,,,,,,,,,,,,,None,3827000000,3827000000,,,,,,None,238000000,,3.54,0.0137,,,,-0.593,0.41,-445000000,-207000000,2.83,2023-12-31,19.23,,18890000000.0,26462000000,-615000000,-75000000,,,None,146000000,None,,None,,,,,-541000000,-540000000,-146000000,None,0.0204,,27053000000,-591000000,,,,,None,,,,,1.035,1.683,0.246,,,,,,,,0.0102,,,2025-11-05,quarterly,3.24,USD,pre-market,None,,0.0458,0.0716,0.111,1048.79,None,,,,258.69,259.34,14.4876,,,,,,,26462000000,,24.21,,313.18,205.45
2025-12-28,HUM,10.69,126362001000.0,24.21,,0.466,154.0,,,,,,,,,,,,,,,None,3271000000,3271000000,,,,,,None,235000000,,3.54,0.0137,,,,-0.593,0.41,1212000000,1447000000,2.83,2023-09-30,19.23,,18890000000.0,26423000000,1086000000,256000000,,,None,114000000,114000000,,None,,,,,832000000,830000000,-114000000,None,0.0204,,25325000000,1098000000,,,,,None,,,,,1.035,1.683,0.246,,,,,,,,0.0102,,,2025-11-05,quarterly,3.24,USD,pre-market,None,,0.0458,0.0716,0.111,1048.79,None,,,,258.69,259.34,14.4876,,,,,,,26423000000,,24.21,,313.18,205.45
2025-12-28,HUM,10.69,126362001000.0,24.21,,0.466,154.0,,,,,,,,,,,,,,,None,3111000000,3111000000,,,,,,None,226000000,,3.54,0.0137,,,,-0.593,0.41,1382000000,1608000000,2.83,2023-06-30,19.23,,18890000000.0,26747000000,1252000000,296000000,,,None,120000000,120000000,,None,,,,,959000000,966000000,-120000000,None,0.0204,,25485000000,1262000000,,,,,-64000000,,,,,1.035,1.683,0.246,,,,,,,,0.0102,,,2025-11-05,quarterly,3.24,USD,pre-market,None,,0.0458,0.0716,0.111,1048.79,None,,,,258.69,259.34,14.4876,,,,,,,26747000000,,24.21,,313.18,205.45
2025-12-28,HUM,10.69,126362001000.0,24.21,,0.466,154.0,,,,,,,,,,,,,,,None,2979000000,2979000000,,,,,,None,218000000,,3.54,0.0137,,,,-0.593,0.41,1727000000,1945000000,2.83,2023-03-31,19.23,,18890000000.0,26742000000,1597000000,359000000,,,None,113000000,113000000,,None,,,,,1239000000,1255000000,-113000000,None,0.0204,,25128000000,1614000000,,,,,-9000000,,,,,1.035,1.683,0.246,,,,,,,,0.0102,,,2025-11-05,quarterly,3.24,USD,pre-market,None,,0.0458,0.0716,0.111,1048.79,None,,,,258.69,259.34,14.4876,,,,,,,26742000000,,24.21,,313.18,205.45
2025-12-28,HUM,10.69,126362001000.0,24.21,,0.466,154.0,,,,,,,,,,,,,,,None,18582000000,18582000000,,,,,,None,182000000,,3.54,0.0137,,,,-0.593,0.41,35000000,252000000,2.83,2022-12-31,19.23,,18890000000.0,3857000000,-71000000,-58000000,,,None,108000000,108000000,,None,,,,,-15000000,-18000000,-108000000,None,0.0204,,22315000000,124000000,,,,,-92000000,,,,,1.035,1.683,0.246,,,,,,,,0.0102,,,2025-11-05,quarterly,3.24,USD,pre-market,None,,0.0458,0.0716,0.111,1048.79,3551000000,,,,258.69,259.34,14.4876,,,,,,,22439000000,,24.21,,313.18,205.45
2025-12-28,HUM,10.69,126362001000.0,24.21,,0.466,154.0,,,,,,,,,,,,,,,None,18384000000,18384000000,,,,,,None,182000000,,3.54,0.0137,,,,-0.593,0.41,1404000000,1618000000,2.83,2022-09-30,19.23,,18890000000.0,4415000000,1297000000,107000000,,,None,102000000,102000000,,None,,,,,1193000000,1190000000,-102000000,None,0.0204,,21627000000,1172000000,,,,,230000000,,,,,1.035,1.683,0.246,,,,,,,,0.0102,,,2025-11-05,quarterly,3.24,USD,pre-market,None,,0.0458,0.0716,0.111,1048.79,3061000000,,,,258.69,259.34,14.4876,,,,,,,22799000000,,24.21,,313.18,205.45
2025-12-28,HUM,10.69,126362001000.0,24.21,,0.466,154.0,,,,,,,,,,,,,,,None,19099000000,19099000000,,,,,,None,175000000,,3.54,0.0137,,,,-0.593,0.41,1224000000,1433000000,2.83,2022-06-30,19.23,,18890000000.0,4563000000,1122000000,427000000,,,None,101000000,101000000,,None,,,,,697000000,695000000,-101000000,None,0.0204,,22447000000,1215000000,,,,,10000000,,,,,1.035,1.683,0.246,,,,,,,,0.0102,,,2025-11-05,quarterly,3.24,USD,pre-market,None,,0.0458,0.0716,0.111,1048.79,3173000000,,,,258.69,259.34,14.4876,,,,,,,23662000000,,24.21,,313.18,205.45
2025-12-28,HUM,10.69,126362001000.0,24.21,,0.466,154.0,,,,,,,,,,,,,,,None,19625000000,19625000000,,,,,,None,170000000,,3.54,0.0137,,,,-0.593,0.41,1306000000,1511000000,2.83,2022-03-31,19.23,,18890000000.0,4345000000,1220000000,286000000,,,None,90000000,90000000,,None,,,,,930000000,934000000,-90000000,None,0.0204,,22681000000,1289000000,,,,,17000000,,,,,1.035,1.683,0.246,,,,,,,,0.0102,,,2025-11-05,quarterly,3.24,USD,pre-market,None,,0.0458,0.0716,0.111,1048.79,2886000000,,,,258.69,259.34,14.4876,,,,,,,23970000000,,24.21,,313.18,205.45
2025-12-28,HUM,10.69,126362001000.0,24.21,,0.466,154.0,,,,,,,,,,,,,,,None,17438000000,17438000000,,,,,,None,134000000,,3.54,0.0137,,,,-0.593,0.41,26000000,220000000,2.83,2021-12-31,19.23,,18890000000.0,3616000000,-60000000,-51000000,,,None,91000000,91000000,,None,,,,,-14000000,-13000000,-91000000,None,0.0204,,20993000000,61000000,,,,,-34000000,,,,,1.035,1.683,0.246,,,,,,,,0.0102,,,2025-11-05,quarterly,3.24,USD,pre-market,None,,0.0458,0.0716,0.111,1048.79,3055000000,,,,258.69,259.34,14.4876,,,,,,,21054000000,,24.21,,313.18,205.45
2025-12-28,HUM,10.69,126362001000.0,24.21,,0.466,154.0,,,,,,,,,,,,,,,None,17316000000,17316000000,,,,,,None,150000000,,3.54,0.0137,,,,-0.593,0.41,1739000000,1920000000,2.83,2021-09-30,19.23,,18890000000.0,3381000000,1636000000,120000000,,,None,88000000,88000000,,None,,,,,1531000000,1516000000,-88000000,None,0.0204,,20069000000,628000000,,,,,1111000000,,,,,1.035,1.683,0.246,,,,,,,,0.0102,,,2025-11-05,quarterly,3.24,USD,pre-market,None,,0.0458,0.0716,0.111,1048.79,2603000000,,,,258.69,259.34,14.4876,,,,,,,20697000000,,24.21,,313.18,205.45
2025-12-28,HUM,10.69,126362001000.0,24.21,,0.466,154.0,,,,,,,,,,,,,,,None,17149000000,17149000000,,,,,,None,170000000,,3.54,0.0137,,,,-0.593,0.41,850000000,1020000000,2.83,2021-06-30,19.23,,18890000000.0,3496000000,738000000,183000000,,,None,79000000,79000000,,None,,,,,588000000,588000000,-79000000,None,0.0204,,19409000000,1236000000,,,,,-386000000,,,,,1.035,1.683,0.246,,,,,,,,0.0102,,,2025-11-05,quarterly,3.24,USD,pre-market,None,,0.0458,0.0716,0.111,1048.79,2116000000,,,,258.69,259.34,14.4876,,,,,,,20645000000,,24.21,,313.18,205.45
2025-12-28,HUM,10.69,126362001000.0,24.21,,0.466,154.0,,,,,,,,,,,,,,,None,17296000000,17296000000,,,,,,None,142000000,,3.54,0.0137,,,,-0.593,0.41,1129000000,1297000000,2.83,2021-03-31,19.23,,18890000000.0,3372000000,1040000000,233000000,,,None,68000000,68000000,,None,,,,,828000000,828000000,-68000000,None,0.0204,,19445000000,1223000000,,,,,-94000000,,,,,1.035,1.683,0.246,,,,,,,,0.0102,,,2025-11-05,quarterly,3.24,USD,pre-market,None,,0.0458,0.0716,0.111,1048.79,2007000000,,,,258.69,259.34,14.4876,,,,,,,20668000000,,24.21,,313.18,205.45
2025-12-28,HUM,10.69,126362001000.0,24.21,,0.466,154.0,,,,,,,,,,,,,,,None,10052000000,10052000000,,,,,,None,160000000,,3.54,0.0137,,,,-0.593,0.41,-386000000,-226000000,2.83,2020-12-31,19.23,,18890000000.0,19062000000,-452000000,-178000000,,,None,72000000,72000000,,None,,,,,-274000000,-280000000,-72000000,None,0.0204,,19520000000,-458000000,,,,,-34000000,,,,,1.035,1.683,0.246,,,,,,,,0.0102,,,2025-11-05,quarterly,3.24,USD,pre-market,None,,0.0458,0.0716,0.111,1048.79,2117000000,,,,258.69,259.34,14.4876,,,,,,,19062000000,,24.21,,313.18,205.45
2025-12-28,HUM,10.69,126362001000.0,24.21,,0.466,154.0,,,,,,,,,,,,,,,None,2513000000,2513000000,,,,,,None,161000000,,3.54,0.0137,,,,-0.593,0.41,1865000000,2026000000,2.83,2020-09-30,19.23,,18890000000.0,20075000000,1755000000,450000000,,,None,75000000,75000000,,None,,,,,1340000000,1305000000,-75000000,None,0.0204,,18252000000,1823000000,,,,,42000000,,,,,1.035,1.683,0.246,,,,,,,,0.0102,,,2025-11-05,quarterly,3.24,USD,pre-market,None,,0.0458,0.0716,0.111,1048.79,2513000000,,,,258.69,259.34,14.4876,,,,,,,20075000000,,24.21,,313.18,205.45
2025-12-28,HUM,10.69,126362001000.0,24.21,,0.466,154.0,,,,,,,,,,,,,,,None,2354000000,2354000000,,,,,,None,150000000,,3.54,0.0137,,,,-0.593,0.41,2662000000,2812000000,2.83,2020-06-30,19.23,,18890000000.0,19083000000,2611000000,783000000,,,None,76000000,76000000,,None,,,,,1828000000,1803000000,-76000000,None,0.0204,,16497000000,2586000000,,,,,252000000,,,,,1.035,1.683,0.246,,,,,,,,0.0102,,,2025-11-05,quarterly,3.24,USD,pre-market,None,,0.0458,0.0716,0.111,1048.79,2354000000,,,,258.69,259.34,14.4876,,,,,,,19083000000,,24.21,,313.18,205.45
2025-12-28,HUM,10.69,126362001000.0,24.21,,0.466,154.0,,,,,,,,,,,,,,,None,2117000000,2117000000,,,,,,None,145000000,,3.54,0.0137,,,,-0.593,0.41,777000000,922000000,2.83,2020-03-31,19.23,,18890000000.0,18935000000,717000000,244000000,,,None,60000000,60000000,,None,,,,,473000000,465000000,-60000000,None,0.0204,,18218000000,717000000,,,,,-289000000,,,,,1.035,1.683,0.246,,,,,,,,0.0102,,,2025-11-05,quarterly,3.24,USD,pre-market,None,,0.0458,0.0716,0.111,1048.79,2117000000,,,,258.69,259.34,14.4876,,,,,,,18935000000,,24.21,,313.18,205.45
2025-12-28,HUM,10.69,126362001000.0,24.21,,0.466,154.0,,,,,,,,,,,,,,,None,7381000000,7381000000,,,,,,None,140000000,,3.54,0.0137,,,,-0.593,0.41,651000000,791000000,2.83,2019-12-31,19.23,,18890000000.0,16295000000,593000000,79000000,,,None,58000000,58000000,,None,,,,,512000000,514000000,-58000000,None,0.0204,,15702000000,593000000,,,,,287000000,,,,,1.035,1.683,0.246,,,,,,,,0.0102,,,2025-11-05,quarterly,3.24,USD,pre-market,None,,0.0458,0.0716,0.111,1048.79,2129000000,,,,258.69,259.34,14.4876,,,,,,,16295000000,,24.21,,313.18,205.45
2025-12-28,HUM,10.69,126362001000.0,24.21,,0.466,154.0,,,,,,,,,,,,,,,None,1889000000,1889000000,,,,,,None,159000000,,3.54,0.0137,,,,-0.593,0.41,950000000,1109000000,2.83,2019-09-30,19.23,,18890000000.0,16241000000,888000000,200000000,,,None,62000000,62000000,,None,,,,,689000000,688000000,-62000000,None,0.0204,,15353000000,888000000,,,,,83000000,,,,,1.035,1.683,0.246,,,,,,,,0.0102,,,2025-11-05,quarterly,3.24,USD,pre-market,None,,0.0458,0.0716,0.111,1048.79,1889000000,,,,258.69,259.34,14.4876,,,,,,,16241000000,,24.21,,313.18,205.45
2025-12-28,HUM,10.69,126362001000.0,24.21,,0.466,154.0,,,,,,,,,,,,,,,None,1703000000,1703000000,,,,,,None,140000000,,3.54,0.0137,,,,-0.593,0.41,1289000000,1429000000,2.83,2019-06-30,19.23,,18890000000.0,16245000000,1229000000,301000000,,,None,60000000,60000000,,None,,,,,940000000,928000000,-60000000,None,0.0204,,15016000000,1229000000,,,,,186000000,,,,,1.035,1.683,0.246,,,,,,,,0.0102,,,2025-11-05,quarterly,3.24,USD,pre-market,None,,0.0458,0.0716,0.111,1048.79,1703000000,,,,258.69,259.34,14.4876,,,,,,,16245000000,,24.21,,313.18,205.45
2025-12-28,HUM,10.69,126362001000.0,24.21,,0.466,154.0,,,,,,,,,,,,,,,None,1660000000,1660000000,,,,,,None,136000000,,3.54,0.0137,,,,-0.593,0.41,808000000,944000000,2.83,2019-03-31,19.23,,18890000000.0,16107000000,746000000,183000000,,,None,62000000,62000000,,None,,,,,566000000,563000000,-62000000,None,0.0204,,15361000000,746000000,,,,,-36000000,,,,,1.035,1.683,0.246,,,,,,,,0.0102,,,2025-11-05,quarterly,3.24,USD,pre-market,None,,0.0458,0.0716,0.111,1048.79,1660000000,,,,258.69,259.34,14.4876,,,,,,,16107000000,,24.21,,313.18,205.45
2025-12-28,HUM,10.69,126362001000.0,24.21,,0.466,154.0,,,,,,,,,,,,,,,None,7525000000,7525000000,,,,,,None,134000000,,3.54,0.0137,,,,-0.593,0.41,495000000,629000000,2.83,2018-12-31,19.23,,18890000000.0,14168000000,436000000,83000000,,,None,59000000,None,,None,,,,,355000000,1135000000,None,None,0.0204,,13732000000,436000000,,,,,-31000000,,,,,1.035,1.683,0.246,,,,,,,,0.0102,,,2025-11-05,quarterly,3.24,USD,pre-market,0,,0.0458,0.0716,0.111,1048.79,2115000000,,,,258.69,259.34,14.4876,,,,,,,14168000000,,24.21,,313.18,205.45
2025-12-28,HUM,10.69,126362001000.0,24.21,,0.466,154.0,,,,,,,,,,,,,,,None,1900000000,1900000000,,,,,,None,131000000,,3.54,0.0137,,,,-0.593,0.41,954000000,1085000000,2.83,2018-09-30,19.23,,18890000000.0,14206000000,901000000,266000000,,,None,53000000,None,,None,,,,,644000000,635000000,None,None,0.0204,,13305000000,901000000,,,,,2000000,,,,,1.035,1.683,0.246,,,,,,,,0.0102,,,2025-11-05,quarterly,3.24,USD,pre-market,0,,0.0458,0.0716,0.111,1048.79,1900000000,,,,258.69,259.34,14.4876,,,,,,,14206000000,,24.21,,313.18,205.45
2025-12-28,HUM,10.69,126362001000.0,24.21,,0.466,154.0,,,,,,,,,,,,,,,None,1761000000,1761000000,,,,,,None,130000000,,3.54,0.0137,,,,-0.593,0.41,72000000,202000000,2.83,2018-06-30,19.23,,18890000000.0,14259000000,19000000,-174000000,,,None,53000000,None,,None,,,,,193000000,193000000,None,None,0.0204,,14240000000,19000000,,,,,-790000000,,,,,1.035,1.683,0.246,,,,,,,,0.0102,,,2025-11-05,quarterly,3.24,USD,pre-market,0,,0.0458,0.0716,0.111,1048.79,1761000000,,,,258.69,259.34,14.4876,,,,,,,14259000000,,24.21,,313.18,205.45
2025-12-28,HUM,10.69,126362001000.0,24.21,,0.466,154.0,,,,,,,,,,,,,,,None,1749000000,1749000000,,,,,,None,139000000,,3.54,0.0137,,,,-0.593,0.41,760000000,899000000,2.83,2018-03-31,19.23,,18890000000.0,14279000000,707000000,216000000,,,None,53000000,None,,None,,,,,491000000,491000000,None,None,0.0204,,13572000000,707000000,,,,,None,,,,,1.035,1.683,0.246,,,,,,,,0.0102,,,2025-11-05,quarterly,3.24,USD,pre-market,0,,0.0458,0.0716,0.111,1048.79,1749000000,,,,258.69,259.34,14.4876,,,,,,,14279000000,,24.21,,313.18,205.45
2025-12-28,HUM,10.69,126362001000.0,24.21,,0.466,154.0,,,,,,,,,,,,,,,None,6567000000,6567000000,,,,,,None,128000000,,3.54,0.0137,,,,-0.593,0.41,566000000,694000000,2.83,2017-12-31,19.23,,18890000000.0,13189000000,490000000,306000000,,,None,76000000,None,,None,,,,,184000000,3328000000,None,None,0.0204,,12699000000,490000000,,,,,None,,,,,1.035,1.683,0.246,,,,,,,,0.0102,,,2025-11-05,quarterly,3.24,USD,pre-market,0,,0.0458,0.0716,0.111,1048.79,1873000000,,,,258.69,259.34,14.4876,,,,,,,13189000000,,24.21,,313.18,205.45
2025-12-28,HUM,10.69,126362001000.0,24.21,,0.466,154.0,,,,,,,,,,,,,,,None,1688000000,1688000000,,,,,,None,120000000,,3.54,0.0137,,,,-0.593,0.41,858000000,978000000,2.83,2017-09-30,19.23,,18890000000.0,13282000000,799000000,300000000,,,None,59000000,None,,None,,,,,499000000,499000000,None,None,0.0204,,12483000000,799000000,,,,,None,,,,,1.035,1.683,0.246,,,,,,,,0.0102,,,2025-11-05,quarterly,3.24,USD,pre-market,0,,0.0458,0.0716,0.111,1048.79,1688000000,,,,258.69,259.34,14.4876,,,,,,,13282000000,,24.21,,313.18,205.45
2025-12-28,HUM,10.69,126362001000.0,24.21,,0.466,154.0,,,,,,,,,,,,,,,None,1453000000,1453000000,,,,,,None,119000000,,3.54,0.0137,,,,-0.593,0.41,1100000000,1219000000,2.83,2017-06-30,19.23,,18890000000.0,13534000000,1042000000,392000000,,,None,58000000,None,,None,,,,,650000000,650000000,None,None,0.0204,,12492000000,1042000000,,,,,None,,,,,1.035,1.683,0.246,,,,,,,,0.0102,,,2025-11-05,quarterly,3.24,USD,pre-market,0,,0.0458,0.0716,0.111,1048.79,1453000000,,,,258.69,259.34,14.4876,,,,,,,13534000000,,24.21,,313.18,205.45
2025-12-28,HUM,10.69,126362001000.0,24.21,,0.466,154.0,,,,,,,,,,,,,,,None,1553000000,1553000000,,,,,,None,118000000,,3.54,0.0137,,,,-0.593,0.41,1738000000,1856000000,2.83,2017-03-31,19.23,,18890000000.0,13762000000,1689000000,574000000,,,None,49000000,None,,None,,,,,1115000000,1115000000,None,None,0.0204,,12073000000,1689000000,,,,,None,,,,,1.035,1.683,0.246,,,,,,,,0.0102,,,2025-11-05,quarterly,3.24,USD,pre-market,0,,0.0458,0.0716,0.111,1048.79,1553000000,,,,258.69,259.34,14.4876,,,,,,,13762000000,,24.21,,313.18,205.45
2025-12-28,HUM,10.69,126362001000.0,24.21,,0.466,154.0,,,,,,,,,,,,,,,None,7277000000,7277000000,,,,,,None,117000000,,3.54,0.0137,,,,-0.593,0.41,-438000000,-321000000,2.83,2016-12-31,19.23,,18890000000.0,12878000000,-486000000,-85000000,,,None,48000000,None,,None,,,,,-401000000,-381000000,None,None,0.0204,,13364000000,-486000000,,,,,None,,,,,1.035,1.683,0.246,,,,,,,,0.0102,,,2025-11-05,quarterly,3.24,USD,pre-market,0,,0.0458,0.0716,0.111,1048.79,2024000000,,,,258.69,259.34,14.4876,,,,,,,12878000000,,24.21,,313.18,205.45
2025-12-28,HUM,10.69,126362001000.0,24.21,,0.466,154.0,,,,,,,,,,,,,,,None,1759000000,1759000000,,,,,,None,117000000,,3.54,0.0137,,,,-0.593,0.41,949000000,1066000000,2.83,2016-09-30,19.23,,18890000000.0,13694000000,902000000,452000000,,,None,47000000,None,,None,,,,,450000000,450000000,None,None,0.0204,,12792000000,902000000,,,,,None,,,,,1.035,1.683,0.246,,,,,,,,0.0102,,,2025-11-05,quarterly,3.24,USD,pre-market,0,,0.0458,0.0716,0.111,1048.79,1759000000,,,,258.69,259.34,14.4876,,,,,,,13694000000,,24.21,,313.18,205.45
2025-12-28,HUM,10.69,126362001000.0,24.21,,0.466,154.0,,,,,,,,,,,,,,,None,1726000000,1726000000,,,,,,None,116000000,,3.54,0.0137,,,,-0.593,0.41,683000000,799000000,2.83,2016-06-30,19.23,,18890000000.0,14007000000,636000000,325000000,,,None,47000000,None,,None,,,,,311000000,311000000,None,None,0.0204,,13371000000,636000000,,,,,None,,,,,1.035,1.683,0.246,,,,,,,,0.0102,,,2025-11-05,quarterly,3.24,USD,pre-market,0,,0.0458,0.0716,0.111,1048.79,1726000000,,,,258.69,259.34,14.4876,,,,,,,14007000000,,24.21,,313.18,205.45
2025-12-28,HUM,10.69,126362001000.0,24.21,,0.466,154.0,,,,,,,,,,,,,,,None,1768000000,1768000000,,,,,,None,115000000,,3.54,0.0137,,,,-0.593,0.41,547000000,662000000,2.83,2016-03-31,19.23,,18890000000.0,13800000000,500000000,246000000,,,None,47000000,None,,None,,,,,254000000,234000000,None,None,0.0204,,13300000000,500000000,,,,,None,,,,,1.035,1.683,0.246,,,,,,,,0.0102,,,2025-11-05,quarterly,3.24,USD,pre-market,0,,0.0458,0.0716,0.111,1048.79,1768000000,,,,258.69,259.34,14.4876,,,,,,,13800000000,,24.21,,313.18,205.45
2025-12-28,HUM,10.69,126362001000.0,24.21,,0.466,154.0,,,,,,,,,,,,,,,None,7318000000,7318000000,,,,,,None,112000000,,3.54,0.0137,,,,-0.593,0.41,292000000,404000000,2.83,2015-12-31,19.23,,18890000000.0,13361000000,246000000,145000000,,,None,46000000,None,,None,,,,,101000000,101000000,None,None,0.0204,,13115000000,246000000,,,,,3000000,,,,,1.035,1.683,0.246,,,,,,,,0.0102,,,2025-11-05,quarterly,3.24,USD,pre-market,0,,0.0458,0.0716,0.111,1048.79,1868000000,,,,258.69,259.34,14.4876,,,,,,,13361000000,,24.21,,313.18,205.45
2025-12-28,HUM,10.69,126362001000.0,24.21,,0.466,154.0,,,,,,,,,,,,,,,None,1688000000,1688000000,,,,,,None,107000000,,3.54,0.0137,,,,-0.593,0.41,695000000,802000000,2.83,2015-09-30,19.23,,18890000000.0,13363000000,648000000,334000000,,,None,47000000,None,,None,,,,,314000000,314000000,None,None,0.0204,,12715000000,648000000,,,,,None,,,,,1.035,1.683,0.246,,,,,,,,0.0102,,,2025-11-05,quarterly,3.24,USD,pre-market,0,,0.0458,0.0716,0.111,1048.79,1688000000,,,,258.69,259.34,14.4876,,,,,,,13363000000,,24.21,,313.18,205.45
2025-12-28,HUM,10.69,126362001000.0,24.21,,0.466,154.0,,,,,,,,,,,,,,,None,1817000000,1817000000,,,,,,None,114000000,,3.54,0.0137,,,,-0.593,0.41,840000000,954000000,2.83,2015-06-30,19.23,,18890000000.0,13732000000,793000000,362000000,,,None,47000000,None,,None,,,,,431000000,431000000,None,None,0.0204,,12939000000,793000000,,,,,267000000,,,,,1.035,1.683,0.246,,,,,,,,0.0102,,,2025-11-05,quarterly,3.24,USD,pre-market,0,,0.0458,0.0716,0.111,1048.79,1817000000,,,,258.69,259.34,14.4876,,,,,,,13732000000,,24.21,,313.18,205.45
2025-12-28,HUM,10.69,126362001000.0,24.21,,0.466,154.0,,,,,,,,,,,,,,,None,1945000000,1945000000,,,,,,None,114000000,,3.54,0.0137,,,,-0.593,0.41,790000000,904000000,2.83,2015-03-31,19.23,,18890000000.0,13833000000,744000000,314000000,,,None,46000000,None,,None,,,,,430000000,430000000,None,None,0.0204,,13089000000,744000000,,,,,None,,,,,1.035,1.683,0.246,,,,,,,,0.0102,,,2025-11-05,quarterly,3.24,USD,pre-market,0,,0.0458,0.0716,0.111,1048.79,1945000000,,,,258.69,259.34,14.4876,,,,,,,13833000000,,24.21,,313.18,205.45
2025-12-28,HUM,10.69,126362001000.0,24.21,,0.466,154.0,,,,,,,,,,,,,,,None,7639000000,7639000000,,,,,,None,124000000,,3.54,0.0137,,,,-0.593,0.41,371000000,495000000,2.83,2014-12-31,19.23,,18890000000.0,12328000000,287000000,142000000,,,None,84000000,None,,None,,,,,145000000,145000000,None,None,0.0204,,12041000000,287000000,,,,,None,,,,,1.035,1.683,0.246,,,,,,,,0.0102,,,2025-11-05,quarterly,3.24,USD,pre-market,0,,0.0458,0.0716,0.111,1048.79,2121000000,,,,258.69,259.34,14.4876,,,,,,,12328000000,,24.21,,313.18,205.45
2025-12-28,HUM,10.69,126362001000.0,24.21,,0.466,154.0,,,,,,,,,,,,,,,None,1898000000,1898000000,,,,,,None,112000000,,3.54,0.0137,,,,-0.593,0.41,589000000,701000000,2.83,2014-09-30,19.23,,18890000000.0,12238000000,551000000,261000000,,,None,38000000,None,,None,,,,,290000000,290000000,None,None,0.0204,,11687000000,551000000,,,,,None,,,,,1.035,1.683,0.246,,,,,,,,0.0102,,,2025-11-05,quarterly,3.24,USD,pre-market,0,,0.0458,0.0716,0.111,1048.79,1898000000,,,,258.69,259.34,14.4876,,,,,,,12238000000,,24.21,,313.18,205.45
2025-12-28,HUM,10.69,126362001000.0,24.21,,0.466,154.0,,,,,,,,,,,,,,,None,1835000000,1835000000,,,,,,None,106000000,,3.54,0.0137,,,,-0.593,0.41,681000000,787000000,2.83,2014-06-30,19.23,,18890000000.0,12222000000,646000000,302000000,,,None,35000000,None,,None,,,,,344000000,344000000,None,None,0.0204,,11576000000,646000000,,,,,None,,,,,1.035,1.683,0.246,,,,,,,,0.0102,,,2025-11-05,quarterly,3.24,USD,pre-market,0,,0.0458,0.0716,0.111,1048.79,1835000000,,,,258.69,259.34,14.4876,,,,,,,12222000000,,24.21,,313.18,205.45
2025-12-28,HUM,10.69,126362001000.0,24.21,,0.466,154.0,,,,,,,,,,,,,,,None,1785000000,1785000000,,,,,,None,107000000,,3.54,0.0137,,,,-0.593,0.41,721000000,828000000,2.83,2014-03-31,19.23,,18890000000.0,11712000000,686000000,318000000,,,None,35000000,None,,None,,,,,368000000,368000000,None,None,0.0204,,11026000000,686000000,,,,,None,,,,,1.035,1.683,0.246,,,,,,,,0.0102,,,2025-11-05,quarterly,3.24,USD,pre-market,0,,0.0458,0.0716,0.111,1048.79,1785000000,,,,258.69,259.34,14.4876,,,,,,,11712000000,,24.21,,313.18,205.45
2025-12-28,HUM,10.69,126362001000.0,24.21,,0.466,154.0,,,,,,,,,,,,,,,None,6355000000,6355000000,,,,,,None,114000000,,3.54,0.0137,,,,-0.593,0.41,-14000000,100000000,2.83,2013-12-31,19.23,,18890000000.0,10187000000,-49000000,-19000000,,,None,35000000,None,,None,,,,,-30000000,-30000000,None,None,0.0204,,10236000000,-49000000,,,,,None,,,,,1.035,1.683,0.246,,,,,,,,0.0102,,,2025-11-05,quarterly,3.24,USD,pre-market,0,,0.0458,0.0716,0.111,1048.79,1908000000,,,,258.69,259.34,14.4876,,,,,,,10187000000,,24.21,,313.18,205.45
2025-12-28,HUM,10.69,126362001000.0,24.21,,0.466,154.0,,,,,,,,,,,,,,,None,1540000000,1540000000,,,,,,None,106000000,,3.54,0.0137,,,,-0.593,0.41,621000000,727000000,2.83,2013-09-30,19.23,,18890000000.0,10319000000,586000000,218000000,,,None,35000000,None,,None,,,,,368000000,368000000,None,None,0.0204,,9733000000,586000000,,,,,None,,,,,1.035,1.683,0.246,,,,,,,,0.0102,,,2025-11-05,quarterly,3.24,USD,pre-market,0,,0.0458,0.0716,0.111,1048.79,1540000000,,,,258.69,259.34,14.4876,,,,,,,10319000000,,24.21,,313.18,205.45
2025-12-28,HUM,10.69,126362001000.0,24.21,,0.466,154.0,,,,,,,,,,,,,,,None,1461000000,1461000000,,,,,,None,104000000,,3.54,0.0137,,,,-0.593,0.41,689000000,793000000,2.83,2013-06-30,19.23,,18890000000.0,10321000000,654000000,234000000,,,None,35000000,None,,None,,,,,420000000,420000000,None,None,0.0204,,9667000000,654000000,,,,,None,,,,,1.035,1.683,0.246,,,,,,,,0.0102,,,2025-11-05,quarterly,3.24,USD,pre-market,0,,0.0458,0.0716,0.111,1048.79,1461000000,,,,258.69,259.34,14.4876,,,,,,,10321000000,,24.21,,313.18,205.45
2025-12-28,HUM,10.69,126362001000.0,24.21,,0.466,154.0,,,,,,,,,,,,,,,None,1446000000,1446000000,,,,,,None,102000000,,3.54,0.0137,,,,-0.593,0.41,765000000,867000000,2.83,2013-03-31,19.23,,18890000000.0,10486000000,730000000,257000000,,,None,35000000,None,,None,,,,,473000000,473000000,None,None,0.0204,,9756000000,730000000,,,,,None,,,,,1.035,1.683,0.246,,,,,,,,0.0102,,,2025-11-05,quarterly,3.24,USD,pre-market,0,,0.0458,0.0716,0.111,1048.79,1446000000,,,,258.69,259.34,14.4876,,,,,,,10486000000,,24.21,,313.18,205.45
2025-12-28,HUM,10.69,126362001000.0,24.21,,0.466,154.0,,,,,,,,,,,,,,,None,7493000000,7493000000,,,,,,None,100000000,,3.54,0.0137,,,,-0.593,0.41,309000000,409000000,2.83,2012-12-31,19.23,,18890000000.0,9557000000,282000000,90000000,,,None,27000000,None,,None,,,,,192000000,192000000,None,None,0.0204,,9275000000,282000000,,,,,None,,,,,1.035,1.683,0.246,,,,,,,,0.0102,,,2025-11-05,quarterly,3.24,USD,pre-market,0,,0.0458,0.0716,0.111,1048.79,1655000000,,,,258.69,259.34,14.4876,,,,,,,9557000000,,24.21,,313.18,205.45
2025-12-28,HUM,10.69,126362001000.0,24.21,,0.466,154.0,,,,,,,,,,,,,,,None,1408000000,1408000000,,,,,,None,78000000,,3.54,0.0137,,,,-0.593,0.41,701000000,779000000,2.83,2012-09-30,19.23,,18890000000.0,9651000000,675000000,249000000,,,None,26000000,None,,None,,,,,426000000,426000000,None,None,0.0204,,8976000000,675000000,,,,,None,,,,,1.035,1.683,0.246,,,,,,,,0.0102,,,2025-11-05,quarterly,3.24,USD,pre-market,0,,0.0458,0.0716,0.111,1048.79,1408000000,,,,258.69,259.34,14.4876,,,,,,,9651000000,,24.21,,313.18,205.45
2025-12-28,HUM,10.69,126362001000.0,24.21,,0.466,154.0,,,,,,,,,,,,,,,None,1384000000,1384000000,,,,,,None,82000000,,3.54,0.0137,,,,-0.593,0.41,590000000,672000000,2.83,2012-06-30,19.23,,18890000000.0,9699000000,564000000,208000000,,,None,26000000,None,,None,,,,,356000000,356000000,None,None,0.0204,,9135000000,564000000,,,,,None,,,,,1.035,1.683,0.246,,,,,,,,0.0102,,,2025-11-05,quarterly,3.24,USD,pre-market,0,,0.0458,0.0716,0.111,1048.79,1384000000,,,,258.69,259.34,14.4876,,,,,,,9699000000,,24.21,,313.18,205.45
2025-12-28,HUM,10.69,126362001000.0,24.21,,0.466,154.0,,,,,,,,,,,,,,,None,1383000000,1383000000,,,,,,None,78000000,,3.54,0.0137,,,,-0.593,0.41,416000000,494000000,2.83,2012-03-31,19.23,,18890000000.0,10219000000,390000000,142000000,,,None,26000000,None,,None,,,,,248000000,248000000,None,None,0.0204,,9829000000,390000000,,,,,None,,,,,1.035,1.683,0.246,,,,,,,,0.0102,,,2025-11-05,quarterly,3.24,USD,pre-market,0,,0.0458,0.0716,0.111,1048.79,1383000000,,,,258.69,259.34,14.4876,,,,,,,10219000000,,24.21,,313.18,205.45
2025-12-28,HUM,10.69,126362001000.0,24.21,,0.466,154.0,,,,,,,,,,,,,,,None,5395000000,5395000000,,,,,,None,77836000,,3.54,0.0137,,,,-0.593,0.41,340026000,417862000,2.83,2011-12-31,19.23,,18890000000.0,9056508000,312982000,114205000,,,None,27044000,None,,None,,,,,198777000,1830777000,None,None,0.0204,,8743526000,312982000,,,,,366000000,,,,,1.035,1.683,0.246,,,,,,,,0.0102,,,2025-11-05,quarterly,3.24,USD,pre-market,0,,0.0458,0.0716,0.111,1048.79,1585095000,,,,258.69,259.34,14.4876,,,,,,,9056508000,,24.21,,313.18,205.45
2025-12-28,HUM,10.69,126362001000.0,24.21,,0.466,154.0,,,,,,,,,,,,,,,None,1361657000,1361657000,,,,,,None,74000000,,3.54,0.0137,,,,-0.593,0.41,726000000,800000000,2.83,2011-09-30,19.23,,18890000000.0,9301000000,699000000,254000000,,,None,27000000,None,,None,,,,,445000000,444760000,None,None,0.0204,,8602000000,699000000,,,,,None,,,,,1.035,1.683,0.246,,,,,,,,0.0102,,,2025-11-05,quarterly,3.24,USD,pre-market,0,,0.0458,0.0716,0.111,1048.79,1361657000,,,,258.69,259.34,14.4876,,,,,,,9301000000,,24.21,,313.18,205.45
2025-12-28,HUM,10.69,126362001000.0,24.21,,0.466,154.0,,,,,,,,,,,,,,,None,1192405000,1192405000,,,,,,None,75000000,,3.54,0.0137,,,,-0.593,0.41,754000000,829000000,2.83,2011-06-30,19.23,,18890000000.0,9284000000,726000000,266000000,,,None,28000000,None,,None,,,,,460000000,460287000,None,None,0.0204,,8558000000,726000000,,,,,None,,,,,1.035,1.683,0.246,,,,,,,,0.0102,,,2025-11-05,quarterly,3.24,USD,pre-market,0,,0.0458,0.0716,0.111,1048.79,1192405000,,,,258.69,259.34,14.4876,,,,,,,9284000000,,24.21,,313.18,205.45
2025-12-28,HUM,10.69,126362001000.0,24.21,,0.466,154.0,,,,,,,,,,,,,,,None,1255843000,1255843000,,,,,,None,76000000,,3.54,0.0137,,,,-0.593,0.41,524000000,600000000,2.83,2011-03-31,19.23,,18890000000.0,9191000000,497000000,182000000,,,None,27000000,None,,None,,,,,315000000,315176000,None,None,0.0204,,8694000000,497000000,,,,,None,,,,,1.035,1.683,0.246,,,,,,,,0.0102,,,2025-11-05,quarterly,3.24,USD,pre-market,0,,0.0458,0.0716,0.111,1048.79,1255843000,,,,258.69,259.34,14.4876,,,,,,,9191000000,,24.21,,313.18,205.45
2025-12-28,HUM,10.69,126362001000.0,24.21,,0.466,154.0,,,,,,,,,,,,,,,None,6785904000,6785904000,,,,,,None,66307000,,3.54,0.0137,,,,-0.593,0.41,200873000,267180000,2.83,2010-12-31,19.23,,18890000000.0,8350245000,174492000,67167000,,,None,26381000,None,,None,,,,,107325000,107325000,None,None,0.0204,,8175753000,174492000,,,,,None,,,,,1.035,1.683,0.246,,,,,,,,0.0102,,,2025-11-05,quarterly,3.24,USD,pre-market,0,,0.0458,0.0716,0.111,1048.79,1299781000,,,,258.69,259.34,14.4876,,,,,,,8350245000,,24.21,,313.18,205.45
2025-12-28,HUM,10.69,126362001000.0,24.21,,0.466,154.0,,,,,,,,,,,,,,,None,6635424000,6635424000,,,,,,None,64557000,,3.54,0.0137,,,,-0.593,0.41,648433000,712990000,2.83,2010-09-30,19.23,,18890000000.0,8350812000,622290000,229069000,,,None,26143000,None,,None,,,,,393221000,393221000,None,None,0.0204,,7728522000,622290000,,,,,None,,,,,1.035,1.683,0.246,,,,,,,,0.0102,,,2025-11-05,quarterly,3.24,USD,pre-market,0,,0.0458,0.0716,0.111,1048.79,1074188000,,,,258.69,259.34,14.4876,,,,,,,8350812000,,24.21,,313.18,205.45
2025-12-28,HUM,10.69,126362001000.0,24.21,,0.466,154.0,,,,,,,,,,,,,,,None,6864187000,6864187000,,,,,,None,69290000,,3.54,0.0137,,,,-0.593,0.41,562076000,631366000,2.83,2010-06-30,19.23,,18890000000.0,8589243000,535854000,195778000,,,None,26222000,None,,None,,,,,340076000,340076000,None,None,0.0204,,8053389000,535854000,,,,,None,,,,,1.035,1.683,0.246,,,,,,,,0.0102,,,2025-11-05,quarterly,3.24,USD,pre-market,0,,0.0458,0.0716,0.111,1048.79,1161790000,,,,258.69,259.34,14.4876,,,,,,,8589243000,,24.21,,313.18,205.45
2025-12-28,HUM,10.69,126362001000.0,24.21,,0.466,154.0,,,,,,,,,,,,,,,None,6813485000,6813485000,,,,,,None,62756000,,3.54,0.0137,,,,-0.593,0.41,443240000,505996000,2.83,2010-03-31,19.23,,18890000000.0,8380338000,416926000,158158000,,,None,26314000,None,,None,,,,,258768000,258768000,None,None,0.0204,,7963412000,416926000,,,,,None,,,,,1.035,1.683,0.246,,,,,,,,0.0102,,,2025-11-05,quarterly,3.24,USD,pre-market,0,,0.0458,0.0716,0.111,1048.79,1127043000,,,,258.69,259.34,14.4876,,,,,,,8380338000,,24.21,,313.18,205.45
2025-12-28,HUM,10.69,126362001000.0,24.21,,0.466,154.0,,,,,,,,,,,,,,,None,6026796000,6026796000,,,,,,None,69694000,,3.54,0.0137,,,,-0.593,0.41,424938000,494632000,2.83,2009-12-31,19.23,,18890000000.0,7633045000,398700000,148041000,,,None,26238000,None,,None,,,,,250659000,0,None,None,0.0204,,7234345000,398700000,,,,,None,,,,,1.035,1.683,0.246,,,,,,,,0.0102,,,2025-11-05,quarterly,3.24,USD,pre-market,0,,0.0458,0.0716,0.111,1048.79,1111617000,,,,258.69,259.34,14.4876,,,,,,,7633045000,,24.21,,313.18,205.45
2025-12-28,HUM,10.69,126362001000.0,24.21,,0.466,154.0,,,,,,,,,,,,,,,None,6111351000,6111351000,,,,,,None,62088000,,3.54,0.0137,,,,-0.593,0.41,495607000,557695000,2.83,2009-09-30,19.23,,18890000000.0,7716819000,469348000,167829000,,,None,26259000,None,,None,,,,,301519000,301519000,None,None,0.0204,,7247471000,469348000,,,,,None,,,,,1.035,1.683,0.246,,,,,,,,0.0102,,,2025-11-05,quarterly,3.24,USD,pre-market,0,,0.0458,0.0716,0.111,1048.79,1047773000,,,,258.69,259.34,14.4876,,,,,,,7716819000,,24.21,,313.18,205.45
2025-12-28,HUM,10.69,126362001000.0,24.21,,0.466,154.0,,,,,,,,,,,,,,,None,6367545000,6367545000,,,,,,None,60478000,,3.54,0.0137,,,,-0.593,0.41,466524000,527002000,2.83,2009-06-30,19.23,,18890000000.0,7898889000,439950000,158170000,,,None,26574000,None,,None,,,,,281780000,281780000,None,None,0.0204,,7458939000,439950000,,,,,None,,,,,1.035,1.683,0.246,,,,,,,,0.0102,,,2025-11-05,quarterly,3.24,USD,pre-market,0,,0.0458,0.0716,0.111,1048.79,1004342000,,,,258.69,259.34,14.4876,,,,,,,7898889000,,24.21,,313.18,205.45
2025-12-28,HUM,10.69,126362001000.0,24.21,,0.466,154.0,,,,,,,,,,,,,,,None,6269310000,6269310000,,,,,,None,58014000,,3.54,0.0137,,,,-0.593,0.41,320534000,378548000,2.83,2009-03-31,19.23,,18890000000.0,7711661000,293762000,88045000,,,None,26772000,None,,None,,,,,205717000,0,None,None,0.0204,,7417899000,293762000,,,,,None,,,,,1.035,1.683,0.246,,,,,,,,0.0102,,,2025-11-05,quarterly,3.24,USD,pre-market,0,,0.0458,0.0716,0.111,1048.79,1063803000,,,,258.69,259.34,14.4876,,,,,,,7711661000,,24.21,,313.18,205.45
2025-12-28,HUM,10.69,126362001000.0,24.21,,0.466,154.0,,,,,,,,,,,,,,,None,6041104000,6041104000,,,,,,None,59808000,,3.54,0.0137,,,,-0.593,0.41,287781000,347589000,2.83,2008-12-31,19.23,,18890000000.0,7487636000,261046000,86966000,,,None,26735000,None,,None,,,,,174080000,0,None,None,0.0204,,7226590000,261046000,,,,,None,,,,,1.035,1.683,0.246,,,,,,,,0.0102,,,2025-11-05,quarterly,3.24,USD,pre-market,0,,0.0458,0.0716,0.111,1048.79,1098943000,,,,258.69,259.34,14.4876,,,,,,,7487636000,,24.21,,313.18,205.45
2025-12-28,HUM,10.69,126362001000.0,24.21,,0.466,154.0,,,,,,,,,,,,,,,None,5810613000,5810613000,,,,,,None,56126000,,3.54,0.0137,,,,-0.593,0.41,302208000,358334000,2.83,2008-09-30,19.23,,18890000000.0,7148170000,282860000,99852000,,,None,19348000,None,,None,,,,,183008000,0,None,None,0.0204,,6865310000,282860000,,,,,None,,,,,1.035,1.683,0.246,,,,,,,,0.0102,,,2025-11-05,quarterly,3.24,USD,pre-market,0,,0.0458,0.0716,0.111,1048.79,979223000,,,,258.69,259.34,14.4876,,,,,,,7148170000,,24.21,,313.18,205.45
2025-12-28,HUM,10.69,126362001000.0,24.21,,0.466,154.0,,,,,,,,,,,,,,,None,6038482000,6038482000,,,,,,None,53458000,,3.54,0.0137,,,,-0.593,0.41,342881000,396339000,2.83,2008-06-30,19.23,,18890000000.0,7350862000,325014000,115118000,,,None,17867000,None,,None,,,,,209896000,0,None,None,0.0204,,7025848000,325014000,,,,,None,,,,,1.035,1.683,0.246,,,,,,,,0.0102,,,2025-11-05,quarterly,3.24,USD,pre-market,0,,0.0458,0.0716,0.111,1048.79,916041000,,,,258.69,259.34,14.4876,,,,,,,7350862000,,24.21,,313.18,205.45
2025-12-28,HUM,10.69,126362001000.0,24.21,,0.466,154.0,,,,,,,,,,,,,,,None,5818034000,5818034000,,,,,,None,50958000,,3.54,0.0137,,,,-0.593,0.41,140267000,191225000,2.83,2008-03-31,19.23,,18890000000.0,6959704000,123928000,43758000,,,None,16339000,None,,None,,,,,80170000,0,None,None,0.0204,,6835776000,123928000,,,,,None,,,,,1.035,1.683,0.246,,,,,,,,0.0102,,,2025-11-05,quarterly,3.24,USD,pre-market,0,,0.0458,0.0716,0.111,1048.79,950445000,,,,258.69,259.34,14.4876,,,,,,,6959704000,,24.21,,313.18,205.45
2025-12-28,HUM,10.69,126362001000.0,24.21,,0.466,154.0,,,,,,,,,,,,,,,None,4912251000,4912251000,,,,,,None,48234000,,3.54,0.0137,,,,-0.593,0.41,377934000,426168000,2.83,2007-12-31,19.23,,18890000000.0,6338795000,358987000,115768000,,,None,18947000,None,,None,,,,,243219000,0,None,None,0.0204,,5979808000,358987000,,,,,None,,,,,1.035,1.683,0.246,,,,,,,,0.0102,,,2025-11-05,quarterly,3.24,USD,pre-market,0,,0.0458,0.0716,0.111,1048.79,1000376000,,,,258.69,259.34,14.4876,,,,,,,6338795000,,24.21,,313.18,205.45
2025-12-28,HUM,10.69,126362001000.0,24.21,,0.466,154.0,,,,,,,,,,,,,,,None,4953862000,4953862000,,,,,,None,42250000,,3.54,0.0137,,,,-0.593,0.41,494449000,536699000,2.83,2007-09-30,19.23,,18890000000.0,6319584000,478502000,176124000,,,None,15947000,None,,None,,,,,302378000,0,None,None,0.0204,,5841082000,478502000,,,,,None,,,,,1.035,1.683,0.246,,,,,,,,0.0102,,,2025-11-05,quarterly,3.24,USD,pre-market,0,,0.0458,0.0716,0.111,1048.79,829023000,,,,258.69,259.34,14.4876,,,,,,,6319584000,,24.21,,313.18,205.45
2025-12-28,HUM,10.69,126362001000.0,24.21,,0.466,154.0,,,,,,,,,,,,,,,None,5190418000,5190418000,,,,,,None,54264000,,3.54,0.0137,,,,-0.593,0.41,355656000,409920000,2.83,2007-06-30,19.23,,18890000000.0,6426797000,339590000,122744000,,,None,16066000,None,,None,,,,,216846000,0,None,None,0.0204,,6087207000,339590000,,,,,None,,,,,1.035,1.683,0.246,,,,,,,,0.0102,,,2025-11-05,quarterly,3.24,USD,pre-market,0,,0.0458,0.0716,0.111,1048.79,826459000,,,,258.69,259.34,14.4876,,,,,,,6426797000,,24.21,,313.18,205.45
2025-12-28,HUM,10.69,126362001000.0,24.21,,0.466,154.0,,,,,,,,,,,,,,,None,5214000000,5214000000,,,,,,None,40064000,,3.54,0.0137,,,,-0.593,0.41,130139000,170203000,2.83,2007-03-31,19.23,,18890000000.0,6204813000,112221000,40980000,,,None,17918000,None,,None,,,,,71241000,0,None,None,0.0204,,6092592000,112221000,,,,,None,,,,,1.035,1.683,0.246,,,,,,,,0.0102,,,2025-11-05,quarterly,3.24,USD,pre-market,0,,0.0458,0.0716,0.111,1048.79,820610000,,,,258.69,259.34,14.4876,,,,,,,6204813000,,24.21,,313.18,205.45
2025-12-28,HUM,10.69,126362001000.0,24.21,,0.466,154.0,,,,,,,,,,,,,,,None,4541775000,4541775000,,,,,,None,39419000,,3.54,0.0137,,,,-0.593,0.41,256987000,296406000,2.83,2006-12-31,19.23,,18890000000.0,5655219000,241181000,86160000,,,None,15806000,None,,None,,,,,155021000,0,None,None,0.0204,,5414038000,241181000,,,,,None,,,,,1.035,1.683,0.246,,,,,,,,0.0102,,,2025-11-05,quarterly,3.24,USD,pre-market,0,,0.0458,0.0716,0.111,1048.79,817038000,,,,258.69,259.34,14.4876,,,,,,,5655219000,,24.21,,313.18,205.45
2025-12-28,HUM,10.69,126362001000.0,24.21,,0.466,154.0,,,,,,,,,,,,,,,None,4616002000,4616002000,,,,,,None,37677000,,3.54,0.0137,,,,-0.593,0.41,266383000,304060000,2.83,2006-09-30,19.23,,18890000000.0,5649784000,249374000,90176000,,,None,17009000,None,,None,,,,,159198000,0,None,None,0.0204,,5400410000,249374000,,,,,None,,,,,1.035,1.683,0.246,,,,,,,,0.0102,,,2025-11-05,quarterly,3.24,USD,pre-market,0,,0.0458,0.0716,0.111,1048.79,729722000,,,,258.69,259.34,14.4876,,,,,,,5649784000,,24.21,,313.18,205.45
2025-12-28,HUM,10.69,126362001000.0,24.21,,0.466,154.0,,,,,,,,,,,,,,,None,4479501000,4479501000,,,,,,None,36596000,,3.54,0.0137,,,,-0.593,0.41,157209000,193805000,2.83,2006-06-30,19.23,,18890000000.0,5407169000,140322000,50833000,,,None,16887000,None,,None,,,,,89489000,0,None,None,0.0204,,5266847000,140322000,,,,,None,,,,,1.035,1.683,0.246,,,,,,,,0.0102,,,2025-11-05,quarterly,3.24,USD,pre-market,0,,0.0458,0.0716,0.111,1048.79,733863000,,,,258.69,259.34,14.4876,,,,,,,5407169000,,24.21,,313.18,205.45
2025-12-28,HUM,10.69,126362001000.0,24.21,,0.466,154.0,,,,,,,,,,,,,,,None,3783926000,3783926000,,,,,,None,34906000,,3.54,0.0137,,,,-0.593,0.41,144647000,179553000,2.83,2006-03-31,19.23,,18890000000.0,4704365000,131208000,47493000,,,None,13439000,None,,None,,,,,83715000,0,None,None,0.0204,,4573157000,131208000,,,,,None,,,,,1.035,1.683,0.246,,,,,,,,0.0102,,,2025-11-05,quarterly,3.24,USD,pre-market,0,,0.0458,0.0716,0.111,1048.79,740886000,,,,258.69,259.34,14.4876,,,,,,,4704365000,,24.21,,313.18,205.45
2025-12-28,HUM,10.69,126362001000.0,24.21,,0.466,154.0,,,,,,,,,,,,,,,None,2914831000,2914831000,,,,,,None,33727000,,3.54,0.0137,,,,-0.593,0.41,109545000,143272000,2.83,2005-12-31,19.23,,18890000000.0,3663080000,99216000,34609000,,,None,10329000,None,,None,,,,,64607000,0,None,None,0.0204,,3563864000,99216000,,,,,None,,,,,1.035,1.683,0.246,,,,,,,,0.0102,,,2025-11-05,quarterly,3.24,USD,pre-market,0,,0.0458,0.0716,0.111,1048.79,604977000,,,,258.69,259.34,14.4876,,,,,,,3663080000,,24.21,,313.18,205.45
2025-12-28,HUM,10.69,126362001000.0,24.21,,0.466,154.0,,,,,,,,,,,,,,,None,3089598000,3089598000,,,,,,None,34119000,,3.54,0.0137,,,,-0.593,0.41,76819000,110938000,2.83,2005-09-30,19.23,,18890000000.0,3821461000,66678000,19871000,,,None,10141000,None,,None,,,,,46807000,0,None,None,0.0204,,3754783000,66678000,,,,,None,,,,,1.035,1.683,0.246,,,,,,,,0.0102,,,2025-11-05,quarterly,3.24,USD,pre-market,0,,0.0458,0.0716,0.111,1048.79,611300000,,,,258.69,259.34,14.4876,,,,,,,3821461000,,24.21,,313.18,205.45
2025-12-28,HUM,10.69,126362001000.0,24.21,,0.466,154.0,,,,,,,,,,,,,,,None,None,None,,,,,,None,968000000,,3.54,0.0137,,,,-0.593,0.41,2381000000,3349000000,2.83,2024-12-31,19.23,,18890000000.0,117761000000,1627000000,413000000,,,None,660000000,660000000,,None,,,,,1207000000,1214000000,-660000000,None,0.0204,,116040000000,1721000000,,,,,None,,,,,1.035,1.683,0.246,,,,,,,,0.0102,,,2025-11-05,annual,3.24,USD,pre-market,None,,0.0458,0.0716,0.111,1048.79,248000000,,,,258.69,259.34,14.4876,,,,,,,117761000000,,24.21,,313.18,205.45
2025-12-28,HUM,10.69,126362001000.0,24.21,,0.466,154.0,,,,,,,,,,,,,,,None,13188000000,13188000000,,,,,,None,917000000,,3.54,0.0137,,,,-0.593,0.41,3876000000,4793000000,2.83,2023-12-31,19.23,,18890000000.0,106374000000,3320000000,836000000,,,None,493000000,493000000,,None,,,,,2489000000,2484000000,-493000000,None,0.0204,,102991000000,3383000000,,,,,None,,,,,1.035,1.683,0.246,,,,,,,,0.0102,,,2025-11-05,annual,3.24,USD,pre-market,None,,0.0458,0.0716,0.111,1048.79,265000000,,,,258.69,259.34,14.4876,,,,,,,106374000000,,24.21,,313.18,205.45
2025-12-28,HUM,10.69,126362001000.0,24.21,,0.466,154.0,,,,,,,,,,,,,,,None,12671000000,12671000000,,,,,,None,845000000,,3.54,0.0137,,,,-0.593,0.41,3969000000,4814000000,2.83,2022-12-31,19.23,,18890000000.0,92870000000,3564000000,762000000,,,None,401000000,401000000,,None,,,,,2806000000,2802000000,-401000000,None,0.0204,,89302000000,3568000000,,,,,165000000,,,,,1.035,1.683,0.246,,,,,,,,0.0102,,,2025-11-05,annual,3.24,USD,pre-market,None,,0.0458,0.0716,0.111,1048.79,None,,,,258.69,259.34,14.4876,,,,,,,92870000000,,24.21,,313.18,205.45
2025-12-28,HUM,10.69,126362001000.0,24.21,,0.466,154.0,,,,,,,,,,,,,,,None,10121000000,10121000000,,,,,,None,713000000,,3.54,0.0137,,,,-0.593,0.41,3680000000,4393000000,2.83,2021-12-31,19.23,,18890000000.0,83064000000,3419000000,485000000,,,None,326000000,326000000,,None,,,,,2933000000,2934000000,-326000000,None,0.0204,,79710000000,3354000000,,,,,597000000,,,,,1.035,1.683,0.246,,,,,,,,0.0102,,,2025-11-05,annual,3.24,USD,pre-market,None,,0.0458,0.0716,0.111,1048.79,10121000000,,,,258.69,259.34,14.4876,,,,,,,83064000000,,24.21,,313.18,205.45
2025-12-28,HUM,10.69,126362001000.0,24.21,,0.466,154.0,,,,,,,,,,,,,,,None,10052000000,10052000000,,,,,,None,616000000,,3.54,0.0137,,,,-0.593,0.41,4883000000,5499000000,2.83,2020-12-31,19.23,,18890000000.0,77155000000,4674000000,1307000000,,,None,283000000,283000000,,None,,,,,3367000000,3293000000,-283000000,None,0.0204,,72555000000,4600000000,,,,,-29000000,,,,,1.035,1.683,0.246,,,,,,,,0.0102,,,2025-11-05,annual,3.24,USD,pre-market,None,,0.0458,0.0716,0.111,1048.79,10052000000,,,,258.69,259.34,14.4876,,,,,,,77155000000,,24.21,,313.18,205.45
2025-12-28,HUM,10.69,126362001000.0,24.21,,0.466,154.0,,,,,,,,,,,,,,,None,7381000000,7381000000,,,,,,None,575000000,,3.54,0.0137,,,,-0.593,0.41,3698000000,4273000000,2.83,2019-12-31,19.23,,18890000000.0,64888000000,3456000000,763000000,,,None,242000000,242000000,,None,,,,,2707000000,2693000000,-242000000,None,0.0204,,61432000000,3456000000,,,,,520000000,,,,,1.035,1.683,0.246,,,,,,,,0.0102,,,2025-11-05,annual,3.24,USD,pre-market,None,,0.0458,0.0716,0.111,1048.79,7381000000,,,,258.69,259.34,14.4876,,,,,,,64888000000,,24.21,,313.18,205.45
2025-12-28,HUM,10.69,126362001000.0,24.21,,0.466,154.0,,,,,,,,,,,,,,,None,7525000000,7525000000,,,,,,None,534000000,,3.54,0.0137,,,,-0.593,0.41,2281000000,2815000000,2.83,2018-12-31,19.23,,18890000000.0,56912000000,2063000000,391000000,,,None,218000000,218000000,,None,,,,,1683000000,2454000000,-218000000,None,0.0204,,54849000000,2063000000,,,,,-819000000,,,,,1.035,1.683,0.246,,,,,,,,0.0102,,,2025-11-05,annual,3.24,USD,pre-market,0,,0.0458,0.0716,0.111,1048.79,7525000000,,,,258.69,259.34,14.4876,,,,,,,56912000000,,24.21,,313.18,205.45
2025-12-28,HUM,10.69,126362001000.0,24.21,,0.466,154.0,,,,,,,,,,,,,,,None,6567000000,6567000000,,,,,,None,485000000,,3.54,0.0137,,,,-0.593,0.41,4262000000,4747000000,2.83,2017-12-31,19.23,,18890000000.0,53767000000,4020000000,1572000000,,,None,242000000,242000000,,None,,,,,2448000000,5592000000,-242000000,None,0.0204,,49747000000,4020000000,,,,,None,,,,,1.035,1.683,0.246,,,,,,,,0.0102,,,2025-11-05,annual,3.24,USD,pre-market,0,,0.0458,0.0716,0.111,1048.79,6567000000,,,,258.69,259.34,14.4876,,,,,,,53767000000,,24.21,,313.18,205.45
2025-12-28,HUM,10.69,126362001000.0,24.21,,0.466,154.0,,,,,,,,,,,,,,,None,7277000000,7277000000,,,,,,None,465000000,,3.54,0.0137,,,,-0.593,0.41,1741000000,2206000000,2.83,2016-12-31,19.23,,18890000000.0,54379000000,1552000000,938000000,,,None,189000000,189000000,,None,,,,,614000000,614000000,-189000000,None,0.0204,,52827000000,1552000000,,,,,None,,,,,1.035,1.683,0.246,,,,,,,,0.0102,,,2025-11-05,annual,3.24,USD,pre-market,0,,0.0458,0.0716,0.111,1048.79,7277000000,,,,258.69,259.34,14.4876,,,,,,,54379000000,,24.21,,313.18,205.45
2025-12-28,HUM,10.69,126362001000.0,24.21,,0.466,154.0,,,,,,,,,,,,,,,None,7318000000,7318000000,,,,,,None,447000000,,3.54,0.0137,,,,-0.593,0.41,2617000000,3064000000,2.83,2015-12-31,19.23,,18890000000.0,54289000000,2431000000,1155000000,,,None,186000000,186000000,,None,,,,,1276000000,1276000000,None,None,0.0204,,51858000000,2431000000,,,,,270000000,,,,,1.035,1.683,0.246,,,,,,,,0.0102,,,2025-11-05,annual,3.24,USD,pre-market,0,,0.0458,0.0716,0.111,1048.79,7318000000,,,,258.69,259.34,14.4876,,,,,,,54289000000,,24.21,,313.18,205.45
2025-12-28,HUM,10.69,126362001000.0,24.21,,0.466,154.0,,,,,,,,,,,,,,,None,7639000000,7639000000,,,,,,None,449000000,,3.54,0.0137,,,,-0.593,0.41,2362000000,2811000000,2.83,2014-12-31,19.23,,18890000000.0,48500000000,2170000000,1023000000,,,None,192000000,None,,None,,,,,1147000000,1147000000,None,None,0.0204,,46330000000,2170000000,,,,,None,,,,,1.035,1.683,0.246,,,,,,,,0.0102,,,2025-11-05,annual,3.24,USD,pre-market,0,,0.0458,0.0716,0.111,1048.79,7639000000,,,,258.69,259.34,14.4876,,,,,,,48500000000,,24.21,,313.18,205.45
2025-12-28,HUM,10.69,126362001000.0,24.21,,0.466,154.0,,,,,,,,,,,,,,,None,6355000000,6355000000,,,,,,None,426000000,,3.54,0.0137,,,,-0.593,0.41,2061000000,2487000000,2.83,2013-12-31,19.23,,18890000000.0,41313000000,1921000000,690000000,,,None,140000000,None,,None,,,,,1231000000,1231000000,None,None,0.0204,,39392000000,1921000000,,,,,None,,,,,1.035,1.683,0.246,,,,,,,,0.0102,,,2025-11-05,annual,3.24,USD,pre-market,0,,0.0458,0.0716,0.111,1048.79,6355000000,,,,258.69,259.34,14.4876,,,,,,,41313000000,,24.21,,313.18,205.45
2025-12-28,HUM,10.69,126362001000.0,24.21,,0.466,154.0,,,,,,,,,,,,,,,None,5830000000,5830000000,,,,,,None,338000000,,3.54,0.0137,,,,-0.593,0.41,2016000000,2354000000,2.83,2012-12-31,19.23,,18890000000.0,39126000000,1911000000,689000000,,,None,105000000,None,,None,,,,,1222000000,1222000000,None,None,0.0204,,37215000000,1911000000,,,,,None,,,,,1.035,1.683,0.246,,,,,,,,0.0102,,,2025-11-05,annual,3.24,USD,pre-market,0,,0.0458,0.0716,0.111,1048.79,5830000000,,,,258.69,259.34,14.4876,,,,,,,39126000000,,24.21,,313.18,205.45
2025-12-28,HUM,10.69,126362001000.0,24.21,,0.466,154.0,,,,,,,,,,,,,,,None,5395000000,5395000000,,,,,,None,303000000,,3.54,0.0137,,,,-0.593,0.41,2344000000,2647000000,2.83,2011-12-31,19.23,,18890000000.0,36832000000,2235000000,816000000,,,None,109000000,None,,None,,,,,1419000000,3051000000,None,None,0.0204,,34597000000,2235000000,,,,,366000000,,,,,1.035,1.683,0.246,,,,,,,,0.0102,,,2025-11-05,annual,3.24,USD,pre-market,0,,0.0458,0.0716,0.111,1048.79,5395000000,,,,258.69,259.34,14.4876,,,,,,,36832000000,,24.21,,313.18,205.45
2025-12-28,HUM,10.69,126362001000.0,24.21,,0.466,154.0,,,,,,,,,,,,,,,None,27087874000,27087874000,,,,,,None,263000000,,3.54,0.0137,,,,-0.593,0.41,1854000000,2117000000,2.83,2010-12-31,19.23,,18890000000.0,33596000000,1749000000,650000000,,,None,105000000,None,,None,,,,,1099000000,1099390000,None,None,0.0204,,31847000000,1749000000,,,,,None,,,,,1.035,1.683,0.246,,,,,,,,0.0102,,,2025-11-05,annual,3.24,USD,pre-market,0,,0.0458,0.0716,0.111,1048.79,4662802000,,,,258.69,259.34,14.4876,,,,,,,33596000000,,24.21,,313.18,205.45
2025-12-28,HUM,10.69,126362001000.0,24.21,,0.466,154.0,,,,,,,,,,,,,,,None,24775002000,24775002000,,,,,,None,250274000,,3.54,0.0137,,,,-0.593,0.41,1707603000,1957877000,2.83,2009-12-31,19.23,,18890000000.0,30960414000,1601760000,562085000,,,None,105843000,None,,None,,,,,1039675000,1039675000,None,None,0.0204,,29358654000,1601760000,,,,,None,,,,,1.035,1.683,0.246,,,,,,,,0.0102,,,2025-11-05,annual,3.24,USD,pre-market,0,,0.0458,0.0716,0.111,1048.79,4227535000,,,,258.69,259.34,14.4876,,,,,,,30960414000,,24.21,,313.18,205.45
2025-12-28,HUM,10.69,126362001000.0,24.21,,0.466,154.0,,,,,,,,,,,,,,,None,23708233000,23708233000,,,,,,None,220350000,,3.54,0.0137,,,,-0.593,0.41,1073137000,1293487000,2.83,2008-12-31,19.23,,18890000000.0,28946372000,992848000,345694000,,,None,80289000,None,,None,,,,,647154000,None,None,None,0.0204,,27953524000,992848000,,,,,None,,,,,1.035,1.683,0.246,,,,,,,,0.0102,,,2025-11-05,annual,3.24,USD,pre-market,None,,0.0458,0.0716,0.111,1048.79,3944652000,,,,258.69,259.34,14.4876,,,,,,,28946372000,,24.21,,313.18,205.45
2025-12-28,HUM,10.69,126362001000.0,24.21,,0.466,154.0,,,,,,,,,,,,,,,None,20270531000,20270531000,,,,,,None,184812000,,3.54,0.0137,,,,-0.593,0.41,1358178000,1542990000,2.83,2007-12-31,19.23,,18890000000.0,25289989000,1289300000,455616000,,,None,68878000,None,,None,,,,,833684000,None,None,None,0.0204,,24000689000,1289300000,,,,,None,,,,,1.035,1.683,0.246,,,,,,,,0.0102,,,2025-11-05,annual,3.24,USD,pre-market,None,,0.0458,0.0716,0.111,1048.79,3476468000,,,,258.69,259.34,14.4876,,,,,,,25289989000,,24.21,,313.18,205.45
2025-12-28,HUM,10.69,126362001000.0,24.21,,0.466,154.0,,,,,,,,,,,,,,,None,17421204000,17421204000,,,,,,None,148598000,,3.54,0.0137,,,,-0.593,0.41,825226000,973824000,2.83,2006-12-31,19.23,,18890000000.0,21416537000,762085000,274662000,,,None,63141000,None,,None,,,,,487423000,None,None,None,0.0204,,20654452000,762085000,,,,,None,,,,,1.035,1.683,0.246,,,,,,,,0.0102,,,2025-11-05,annual,3.24,USD,pre-market,None,,0.0458,0.0716,0.111,1048.79,3021509000,,,,258.69,259.34,14.4876,,,,,,,21416537000,,24.21,,313.18,205.45
2025-12-28,HUM,10.69,126362001000.0,24.21,,0.466,154.0,,,,,,,,,,,,,,,None,11646671000,11646671000,,,,,,None,128858000,,3.54,0.0137,,,,-0.593,0.41,461029000,589887000,2.83,2005-12-31,19.23,,18890000000.0,14418127000,421714000,113231000,,,None,39315000,None,,None,,,,,308483000,None,None,None,0.0204,,13996413000,421714000,,,,,None,,,,,1.035,1.683,0.246,,,,,,,,0.0102,,,2025-11-05,annual,3.24,USD,pre-market,None,,0.0458,0.0716,0.111,1048.79,2176770000,,,,258.69,259.34,14.4876,,,,,,,14418127000,,24.21,,313.18,205.45
2025-12-28,HUM,10.69,126362001000.0,24.21,None,0.466,154.0,,None,5388000000,5388000000,,,,,,,,,33000000,120778000,None,11646671000,11646671000,15607000000,None,0,2684000000,None,None,128858000,,3.54,0.0137,,,,-0.593,0.41,461029000,589887000,2.83,2025-09-30,19.23,9619000000,18890000000.0,14418127000,421714000,113231000,1230000000,1230000000,None,39315000,None,None,None,None,12607000000,None,17799000000,308483000,None,None,None,0.0204,,13996413000,421714000,-24808000000,-15607000000,None,None,None,,,,,1.035,1.683,0.246,,,,,,,,0.0102,,2268000000,2025-11-05,quarterly,3.24,USD,pre-market,None,29980000000,0.0458,0.0716,0.111,1048.79,2176770000,12641000000,0,16736000000,258.69,259.34,14.4876,49719000000,32752000000,16180000000,31137000000,16967000000,31137000000,14418127000,18522000000,24.21,None,313.18,205.45
2025-12-28,HUM,10.69,126362001000.0,24.21,None,0.466,154.0,,None,4040000000,4040000000,,,,,,,,,33000000,120745000,None,11646671000,11646671000,16647000000,None,0,4504000000,None,None,128858000,,3.54,0.0137,,,,-0.593,0.41,461029000,589887000,2.83,2025-06-30,19.23,9633000000,18890000000.0,14418127000,421714000,113231000,1380000000,1380000000,None,39315000,None,None,None,None,12586000000,None,18735000000,308483000,None,None,None,0.0204,,13996413000,421714000,-26212000000,-16647000000,None,None,None,,,,,1.035,1.683,0.246,,,,,,,,0.0102,,2356000000,2025-11-05,quarterly,3.24,USD,pre-market,None,29891000000,0.0458,0.0716,0.111,1048.79,2176770000,12623000000,0,17668000000,258.69,259.34,14.4876,50357000000,33615000000,17219000000,32062000000,16742000000,32062000000,14418127000,18234000000,24.21,None,313.18,205.45
2025-12-28,HUM,10.69,126362001000.0,24.21,None,0.466,154.0,,None,4250000000,4250000000,,,,,,,,,33000000,120764000,None,11646671000,11646671000,16831000000,None,577000000,4459000000,None,None,128858000,,3.54,0.0137,,,,-0.593,0.41,461029000,589887000,2.83,2025-03-31,19.23,9631000000,18890000000.0,14418127000,421714000,113231000,1427000000,1427000000,None,39315000,None,None,None,None,12729000000,None,18957000000,308483000,None,None,None,0.0204,,13996413000,421714000,-26597000000,-17408000000,None,None,None,,,,,1.035,1.683,0.246,,,,,,,,0.0102,,2427000000,2025-11-05,quarterly,3.24,USD,pre-market,None,29453000000,0.0458,0.0716,0.111,1048.79,2176770000,12787000000,577000000,17888000000,258.69,259.34,14.4876,50930000000,34422000000,18043000000,33111000000,16508000000,33111000000,14418127000,17751000000,24.21,None,313.18,205.45
2025-12-28,HUM,10.69,126362001000.0,24.21,None,0.466,154.0,,None,2221000000,2221000000,,,,,,,,,33000000,120764000,None,11646671000,11646671000,15699000000,None,577000000,2704000000,None,None,128858000,,3.54,0.0137,,,,-0.593,0.41,461029000,589887000,2.83,2024-12-31,19.23,9631000000,18890000000.0,14418127000,421714000,113231000,1443000000,1443000000,None,39315000,None,None,None,None,11144000000,None,19332000000,308483000,None,None,None,0.0204,,13996413000,421714000,-23139000000,-16276000000,None,None,None,,,,,1.035,1.683,0.246,,,,,,,,0.0102,,2532000000,2025-11-05,quarterly,3.24,USD,pre-market,None,28317000000,0.0458,0.0716,0.111,1048.79,2176770000,11144000000,577000000,18214000000,258.69,259.34,14.4876,46479000000,23139000000,16939000000,30034000000,16664000000,30034000000,14418127000,16375000000,24.21,None,313.18,205.45
2025-12-28,HUM,10.69,126362001000.0,24.21,None,0.466,154.0,,None,5116000000,5116000000,,,,,,,,,33000000,120764000,None,11646671000,11646671000,17040000000,None,1136000000,2144000000,None,None,128858000,,3.54,0.0137,,,,-0.593,0.41,461029000,589887000,2.83,2024-09-30,19.23,9590000000,18890000000.0,14418127000,421714000,113231000,1650000000,1650000000,None,39315000,None,None,None,None,11886000000,None,20162000000,308483000,None,None,None,0.0204,,13996413000,421714000,-26293000000,-18176000000,None,None,None,,,,,1.035,1.683,0.246,,,,,,,,0.0102,,2693000000,2025-11-05,quarterly,3.24,USD,pre-market,None,29118000000,0.0458,0.0716,0.111,1048.79,2176770000,11886000000,1136000000,19033000000,258.69,259.34,14.4876,50007000000,32926000000,18727000000,32383000000,17081000000,32383000000,14418127000,17565000000,24.21,None,313.18,205.45
2025-12-28,HUM,10.69,126362001000.0,24.21,None,0.466,154.0,,None,5501000000,5501000000,,,,,,,,,33000000,120665000,None,11646671000,11646671000,17973000000,None,1149000000,4090000000,None,None,128858000,,3.54,0.0137,,,,-0.593,0.41,461029000,589887000,2.83,2024-06-30,19.23,9567000000,18890000000.0,14418127000,421714000,113231000,1663000000,1663000000,None,39315000,None,-36948000000,None,None,11746000000,None,18548000000,308483000,None,None,None,0.0204,,13996413000,421714000,-27015000000,-19435000000,None,None,None,,,,,1.035,1.683,0.246,,,,,,,,0.0102,,None,2025-11-05,quarterly,3.24,USD,pre-market,None,28745000000,0.0458,0.0716,0.111,1048.79,2176770000,11766000000,1149000000,17424000000,258.69,259.34,14.4876,50093000000,5501000000,19790000000,33365000000,44592000000,33365000000,14418127000,16671000000,24.21,None,313.18,205.45
2025-12-28,HUM,10.69,126362001000.0,24.21,None,0.466,154.0,,None,5910000000,5910000000,,,,,,,,,33000000,121268000,None,11646671000,11646671000,18233000000,None,822000000,3925000000,None,None,128858000,,3.54,0.0137,,,,-0.593,0.41,461029000,589887000,2.83,2024-03-31,19.23,9563000000,18890000000.0,14418127000,421714000,113231000,1679000000,1679000000,None,39315000,None,-36721000000,None,None,12390000000,None,17807000000,308483000,None,None,None,0.0204,,13996413000,421714000,-26532000000,-19055000000,None,None,None,,,,,1.035,1.683,0.246,,,,,,,,0.0102,,None,2025-11-05,quarterly,3.24,USD,pre-market,None,28173000000,0.0458,0.0716,0.111,1048.79,2176770000,12390000000,822000000,16697000000,258.69,259.34,14.4876,50091000000,5910000000,19689000000,33905000000,44181000000,33905000000,14418127000,16130000000,24.21,None,313.18,205.45
2025-12-28,HUM,10.69,126362001000.0,24.21,None,0.466,154.0,,None,4694000000,4694000000,,,,,,,,,33000000,122461000,None,11646671000,11646671000,16810000000,None,1796000000,2035000000,None,None,128858000,,3.54,0.0137,,,,-0.593,0.41,461029000,589887000,2.83,2023-12-31,19.23,9550000000,18890000000.0,14418127000,421714000,113231000,1693000000,1693000000,None,39315000,None,-32021000000,None,None,10213000000,None,17748000000,308483000,None,None,None,0.0204,,13996413000,421714000,-23355000000,-18253000000,None,None,None,,,,,1.035,1.683,0.246,,,,,,,,0.0102,,None,2025-11-05,quarterly,3.24,USD,pre-market,None,27540000000,0.0458,0.0716,0.111,1048.79,2176770000,10213000000,1443000000,16626000000,258.69,259.34,14.4876,47065000000,4694000000,18872000000,30747000000,42371000000,30747000000,14418127000,16262000000,24.21,None,313.18,205.45
2025-12-28,HUM,10.69,126362001000.0,24.21,None,0.466,154.0,,None,15148000000,15148000000,,,,,,,,,33000000,123983000,None,11646671000,11646671000,17796000000,None,2491000000,1824000000,None,None,128858000,,3.54,0.0137,,,,-0.593,0.41,461029000,589887000,2.83,2023-09-30,19.23,9540000000,18890000000.0,14418127000,421714000,113231000,1765000000,1765000000,None,39315000,None,-40077000000,None,None,9483000000,None,16277000000,308483000,None,None,None,0.0204,,13996413000,421714000,-32117000000,-20041000000,None,None,None,,,,,1.035,1.683,0.246,,,,,,,,0.0102,,3342000000,2025-11-05,quarterly,3.24,USD,pre-market,None,28191000000,0.0458,0.0716,0.111,1048.79,2176770000,9483000000,2245000000,15145000000,258.69,259.34,14.4876,55905000000,15148000000,27823000000,38901000000,40757000000,38901000000,14418127000,16949000000,24.21,None,313.18,205.45
2025-12-28,HUM,10.69,126362001000.0,24.21,None,0.466,154.0,,None,16214000000,16214000000,,,,,,,,,33000000,125109000,None,11646671000,11646671000,18422000000,None,2479000000,1429000000,None,None,128858000,,3.54,0.0137,,,,-0.593,0.41,461029000,589887000,2.83,2023-06-30,19.23,9539000000,18890000000.0,14418127000,421714000,113231000,1782000000,1782000000,None,39315000,None,-40188000000,None,None,9722000000,None,16373000000,308483000,None,None,None,0.0204,,13996413000,421714000,-32894000000,-20444000000,None,1563000000,None,,,,,1.035,1.683,0.246,,,,,,,,0.0102,,3309000000,2025-11-05,quarterly,3.24,USD,pre-market,None,27468000000,0.0458,0.0716,0.111,1048.79,2176770000,9722000000,2022000000,15251000000,258.69,259.34,14.4876,56455000000,16214000000,28279000000,39564000000,40241000000,39564000000,14418127000,16834000000,24.21,None,313.18,205.45
2025-12-28,HUM,10.69,126362001000.0,24.21,None,0.466,154.0,,None,13735000000,13735000000,,,,,,,,,33000000,125564000,None,11646671000,11646671000,17449000000,None,2273000000,3107000000,None,None,128858000,,3.54,0.0137,,,,-0.593,0.41,461029000,589887000,2.83,2023-03-31,19.23,9320000000,18890000000.0,14418127000,421714000,113231000,1754000000,1754000000,None,39315000,None,-40639000000,None,None,9743000000,None,16042000000,308483000,None,None,None,0.0204,,13996413000,421714000,-31774000000,-19316000000,None,1457000000,None,,,,,1.035,1.683,0.246,,,,,,,,0.0102,,3234000000,2025-11-05,quarterly,3.24,USD,pre-market,None,26619000000,0.0458,0.0716,0.111,1048.79,2176770000,9743000000,1867000000,14932000000,258.69,259.34,14.4876,54776000000,13735000000,26942000000,38142000000,41041000000,38142000000,14418127000,16577000000,24.21,None,313.18,205.45
2025-12-28,HUM,10.69,126362001000.0,24.21,None,0.466,154.0,,None,5061000000,5061000000,,,,,,,,,33000000,125644000,None,11646671000,11646671000,14502000000,None,2390000000,1674000000,None,None,128858000,,3.54,0.0137,,,,-0.593,0.41,461029000,589887000,2.83,2022-12-31,19.23,9142000000,18890000000.0,14418127000,421714000,113231000,1765000000,1765000000,None,39315000,None,-27857000000,None,None,9034000000,None,15010000000,308483000,None,None,None,0.0204,,13996413000,421714000,-20616000000,-17693000000,None,1473000000,None,,,,,1.035,1.683,0.246,,,,,,,,0.0102,,3221000000,2025-11-05,quarterly,3.24,USD,pre-market,None,25492000000,0.0458,0.0716,0.111,1048.79,2176770000,9034000000,3191000000,13881000000,258.69,259.34,14.4876,43055000000,5061000000,17178000000,27685000000,37994000000,27685000000,14418127000,15311000000,24.21,None,313.18,205.45
2025-12-28,HUM,10.69,126362001000.0,24.21,None,0.466,154.0,,None,13558000000,13558000000,,,,,,,,,33000000,127356000,None,11646671000,11646671000,16003000000,None,3036000000,1609000000,None,None,128858000,,3.54,0.0137,,,,-0.593,0.41,461029000,589887000,2.83,2022-09-30,19.23,9096000000,18890000000.0,14418127000,421714000,113231000,1797000000,1797000000,None,39315000,None,-35320000000,None,None,7798000000,None,14237000000,308483000,None,None,None,0.0204,,13996413000,421714000,-28291000000,-18802000000,None,1599000000,None,,,,,1.035,1.683,0.246,,,,,,,,0.0102,,3218000000,2025-11-05,quarterly,3.24,USD,pre-market,None,25606000000,0.0458,0.0716,0.111,1048.79,2176770000,7798000000,2799000000,13124000000,258.69,259.34,14.4876,50765000000,13558000000,25051000000,34448000000,37207000000,34448000000,14418127000,16254000000,24.21,None,313.18,205.45
2025-12-28,HUM,10.69,126362001000.0,24.21,None,0.466,154.0,,None,5153000000,5153000000,,,,,,,,,33000000,127084000,None,11646671000,11646671000,15437000000,None,1932000000,3369000000,None,None,128858000,,3.54,0.0137,,,,-0.593,0.41,461029000,589887000,2.83,2022-06-30,19.23,8911000000,18890000000.0,14418127000,421714000,113231000,1756000000,1756000000,None,39315000,None,None,None,None,11290000000,None,13591000000,308483000,None,None,None,0.0204,,13996413000,421714000,-21559000000,-16978000000,None,2181000000,None,,,,,1.035,1.683,0.246,,,,,,,,0.0102,,3121000000,2025-11-05,quarterly,3.24,USD,pre-market,None,24511000000,0.0458,0.0716,0.111,1048.79,2176770000,11290000000,1541000000,13037000000,258.69,259.34,14.4876,46820000000,5153000000,17369000000,31310000000,41667000000,31310000000,14418127000,15490000000,24.21,-11156000000,313.18,205.45
2025-12-28,HUM,10.69,126362001000.0,24.21,None,0.466,154.0,,None,4864000000,4864000000,,,,,,,,,33000000,127474000,None,11646671000,11646671000,15237000000,None,2007000000,3174000000,None,None,128858000,,3.54,0.0137,,,,-0.593,0.41,461029000,589887000,2.83,2022-03-31,19.23,11139000000,18890000000.0,14418127000,421714000,113231000,2651000000,2651000000,None,39315000,None,-5710000000,None,None,11285000000,None,530000000,308483000,None,None,None,0.0204,,13996413000,421714000,-21130000000,-16927000000,None,2149000000,None,,,,,1.035,1.683,0.246,,,,,,,,0.0102,,3189000000,2025-11-05,quarterly,3.24,USD,pre-market,None,23915000000,0.0458,0.0716,0.111,1048.79,2176770000,11285000000,1690000000,13092000000,258.69,259.34,14.4876,46308000000,4864000000,17244000000,30966000000,41444000000,30966000000,14418127000,15319000000,24.21,-11160000000,313.18,205.45
2025-12-28,HUM,10.69,126362001000.0,24.21,None,0.466,154.0,,None,3394000000,3394000000,,,,,,,,,33000000,128611998,None,11646671000,11646671000,12798000000,None,2279000000,1814000000,None,None,128858000,,3.54,0.0137,,,,-0.593,0.41,461029000,589887000,2.83,2021-12-31,19.23,11092000000,18890000000.0,14418127000,421714000,113231000,2639000000,2639000000,None,39315000,None,-19685000000,None,None,10541000000,None,14113000000,308483000,None,None,None,0.0204,,13996413000,421714000,-18400000000,-14751000000,None,2383000000,None,,,,,1.035,1.683,0.246,,,,,,,,0.0102,,3073000000,2025-11-05,quarterly,3.24,USD,pre-market,None,23086000000,0.0458,0.0716,0.111,1048.79,2176770000,10541000000,1953000000,13192000000,258.69,259.34,14.4876,44358000000,3394000000,15331000000,28255000000,40964000000,28255000000,14418127000,16080000000,24.21,-10163000000,313.18,205.45
2025-12-28,HUM,10.69,126362001000.0,24.21,None,0.466,154.0,,None,4304000000,4304000000,,,,,,,,,33000000,129254998,None,11646671000,11646671000,13715000000,None,1035000000,1879000000,None,None,128858000,,3.54,0.0137,,,,-0.593,0.41,461029000,589887000,2.83,2021-09-30,19.23,10806000000,18890000000.0,14418127000,421714000,113231000,2658000000,2658000000,None,39315000,None,None,None,None,11466000000,None,1238000000,308483000,None,None,None,0.0204,,13996413000,421714000,-19902000000,-14510000000,None,2545000000,None,,,,,1.035,1.683,0.246,,,,,,,,0.0102,,2898000000,2025-11-05,quarterly,3.24,USD,pre-market,None,23191000000,0.0458,0.0716,0.111,1048.79,2176770000,11466000000,795000000,13719000000,258.69,259.34,14.4876,45320000000,4304000000,14750000000,29038000000,41016000000,29038000000,14418127000,16260000000,24.21,-10173000000,313.18,205.45
2025-12-28,HUM,10.69,126362001000.0,24.21,None,0.466,154.0,,None,3378000000,3378000000,,,,,,,,,33000000,129386998,None,11646671000,11646671000,13383000000,None,1345000000,2438000000,None,None,128858000,,3.54,0.0137,,,,-0.593,0.41,461029000,589887000,2.83,2021-06-30,19.23,4914000000,18890000000.0,14418127000,421714000,113231000,342000000,342000000,None,39315000,None,None,None,None,6063000000,None,15893000000,308483000,None,None,None,0.0204,,13996413000,421714000,-19287000000,-14492000000,None,2113000000,None,,,,,1.035,1.683,0.246,,,,,,,,0.0102,,2690000000,2025-11-05,quarterly,3.24,USD,pre-market,None,21751000000,0.0458,0.0716,0.111,1048.79,2176770000,6063000000,1109000000,13471000000,258.69,259.34,14.4876,38070000000,3378000000,14728000000,23227000000,34692000000,23227000000,14418127000,14843000000,24.21,-10175000000,313.18,205.45
2025-12-28,HUM,10.69,126362001000.0,24.21,None,0.466,154.0,,None,3877000000,3877000000,,,,,,,,,33000000,129550998,None,11646671000,11646671000,13428000000,None,1547000000,2196000000,None,None,128858000,,3.54,0.0137,,,,-0.593,0.41,461029000,589887000,2.83,2021-03-31,19.23,4602000000,18890000000.0,14418127000,421714000,113231000,343000000,343000000,None,39315000,None,None,None,None,6062000000,None,15576000000,308483000,None,None,None,0.0204,,13996413000,421714000,-19324000000,-14632000000,None,1863000000,None,,,,,1.035,1.683,0.246,,,,,,,,0.0102,,2507000000,2025-11-05,quarterly,3.24,USD,pre-market,None,21252000000,0.0458,0.0716,0.111,1048.79,2176770000,6062000000,1204000000,13251000000,258.69,259.34,14.4876,37415000000,3877000000,14975000000,23225000000,33538000000,23225000000,14418127000,14190000000,24.21,-9915000000,313.18,205.45
2025-12-28,HUM,10.69,126362001000.0,24.21,None,0.466,154.0,,None,4673000000,4673000000,,,,,,,,,33000000,132093998,None,11646671000,11646671000,12156000000,None,920000000,1138000000,None,None,128858000,,3.54,0.0137,,,,-0.593,0.41,461029000,589887000,2.83,2020-12-31,19.23,4447000000,18890000000.0,14418127000,421714000,113231000,329000000,329000000,None,39315000,None,None,None,None,6060000000,None,2382000000,308483000,None,None,None,0.0204,,13996413000,421714000,-18365000000,-12756000000,None,1787000000,None,,,,,1.035,1.683,0.246,,,,,,,,0.0102,,2371000000,2025-11-05,quarterly,3.24,USD,pre-market,None,20517000000,0.0458,0.0716,0.111,1048.79,2176770000,6060000000,600000000,12554000000,258.69,259.34,14.4876,34969000000,4673000000,13394000000,21241000000,30296000000,21241000000,14418127000,13728000000,24.21,-9918000000,313.18,205.45
2025-12-28,HUM,10.69,126362001000.0,24.21,None,0.466,154.0,,None,7985000000,7985000000,,,,,,,,,33000000,133195998,None,11646671000,11646671000,12882000000,None,1938000000,1135000000,None,None,128858000,,3.54,0.0137,,,,-0.593,0.41,461029000,589887000,2.83,2020-09-30,19.23,4443000000,18890000000.0,14418127000,421714000,113231000,352000000,352000000,None,39315000,None,None,None,None,6059000000,None,2265000000,308483000,None,None,None,0.0204,,13996413000,421714000,-21861000000,-14606000000,None,1745000000,None,,,,,1.035,1.683,0.246,,,,,,,,0.0102,,2228000000,2025-11-05,quarterly,3.24,USD,pre-market,None,20872000000,0.0458,0.0716,0.111,1048.79,2176770000,6059000000,1724000000,12741000000,258.69,259.34,14.4876,38477000000,7985000000,14820000000,22709000000,30492000000,22709000000,14418127000,15768000000,24.21,-8447000000,313.18,205.45
2025-12-28,HUM,10.69,126362001000.0,24.21,None,0.466,154.0,,None,7163000000,7163000000,,,,,,,,,33000000,133022998,None,11646671000,11646671000,14358000000,None,2034000000,2238000000,None,None,128858000,,3.54,0.0137,,,,-0.593,0.41,461029000,589887000,2.83,2020-06-30,19.23,4443000000,18890000000.0,14418127000,421714000,113231000,374000000,374000000,None,39315000,None,None,None,None,6058000000,None,1511000000,308483000,None,None,None,0.0204,,13996413000,421714000,-22237000000,-16082000000,None,1526000000,None,,,,,1.035,1.683,0.246,,,,,,,,0.0102,,2118000000,2025-11-05,quarterly,3.24,USD,pre-market,None,19616000000,0.0458,0.0716,0.111,1048.79,2176770000,6058000000,1724000000,12836000000,258.69,259.34,14.4876,38455000000,7163000000,16392000000,24039000000,31292000000,24039000000,14418127000,14416000000,24.21,-8448000000,313.18,205.45
2025-12-28,HUM,10.69,126362001000.0,24.21,None,0.466,154.0,,None,6054000000,6054000000,,,,,,,,,33000000,132810998,None,11646671000,11646671000,12694000000,None,2067000000,2009000000,None,None,128858000,,3.54,0.0137,,,,-0.593,0.41,461029000,589887000,2.83,2020-03-31,19.23,4443000000,18890000000.0,14418127000,421714000,113231000,396000000,396000000,None,39315000,None,None,None,None,6057000000,None,1486000000,308483000,None,None,None,0.0204,,13996413000,421714000,-19167000000,-14592000000,None,1391000000,None,,,,,1.035,1.683,0.246,,,,,,,,0.0102,,2023000000,2025-11-05,quarterly,3.24,USD,pre-market,None,17871000000,0.0458,0.0716,0.111,1048.79,2176770000,6057000000,1898000000,11104000000,258.69,259.34,14.4876,34633000000,6054000000,16221000000,22278000000,28579000000,22278000000,14418127000,12355000000,24.21,-8454000000,313.18,205.45
2025-12-28,HUM,10.69,126362001000.0,24.21,None,0.466,154.0,,None,4054000000,4054000000,,,,,,,,,33000000,133341998,None,11646671000,11646671000,9758000000,None,924000000,1056000000,None,None,128858000,,3.54,0.0137,,,,-0.593,0.41,461029000,589887000,2.83,2019-12-31,19.23,3928000000,18890000000.0,14418127000,421714000,113231000,177000000,177000000,None,39315000,None,None,None,None,4967000000,None,1469000000,308483000,None,None,None,0.0204,,13996413000,421714000,-16082000000,-10457000000,None,1141000000,None,,,,,1.035,1.683,0.246,,,,,,,,0.0102,,1955000000,2025-11-05,quarterly,3.24,USD,pre-market,None,17483000000,0.0458,0.0716,0.111,1048.79,2176770000,4967000000,699000000,10972000000,258.69,259.34,14.4876,29074000000,4054000000,12070000000,17037000000,25020000000,17037000000,14418127000,12037000000,24.21,-8455000000,313.18,205.45
2025-12-28,HUM,10.69,126362001000.0,24.21,None,0.466,154.0,,None,5527000000,5527000000,,,,,,,,,33000000,134024998,None,11646671000,11646671000,10071000000,None,972000000,848000000,None,None,128858000,,3.54,0.0137,,,,-0.593,0.41,461029000,589887000,2.83,2019-09-30,19.23,3922000000,18890000000.0,14418127000,421714000,113231000,194000000,194000000,None,39315000,None,None,None,None,5365000000,None,1465000000,308483000,None,None,None,0.0204,,13996413000,421714000,-11278000000,-10770000000,None,1108000000,None,,,,,1.035,1.683,0.246,,,,,,,,0.0102,,1864000000,2025-11-05,quarterly,3.24,USD,pre-market,None,17045000000,0.0458,0.0716,0.111,1048.79,2176770000,5365000000,699000000,10430000000,258.69,259.34,14.4876,29180000000,5527000000,12214000000,17579000000,23653000000,17579000000,14418127000,11601000000,24.21,-8262000000,313.18,205.45
2025-12-28,HUM,10.69,126362001000.0,24.21,None,0.466,154.0,,None,4778000000,4778000000,,,,,,,,,33000000,135578998,None,11646671000,11646671000,9888000000,None,1553000000,904000000,None,None,128858000,,3.54,0.0137,,,,-0.593,0.41,461029000,589887000,2.83,2019-06-30,19.23,3922000000,18890000000.0,14418127000,421714000,113231000,211000000,211000000,None,39315000,None,None,None,None,4377000000,None,1467000000,308483000,None,None,None,0.0204,,13996413000,421714000,-10895000000,-11237000000,None,1125000000,None,,,,,1.035,1.683,0.246,,,,,,,,0.0102,,1796000000,2025-11-05,quarterly,3.24,USD,pre-market,None,16429000000,0.0458,0.0716,0.111,1048.79,2176770000,4377000000,1349000000,9991000000,258.69,259.34,14.4876,28913000000,4778000000,12664000000,17041000000,24135000000,17041000000,14418127000,11872000000,24.21,-7465000000,313.18,205.45
2025-12-28,HUM,10.69,126362001000.0,24.21,None,0.466,154.0,,None,3877000000,3877000000,,,,,,,,,33000000,135961998,None,11646671000,11646671000,9956000000,None,1872000000,1955000000,None,None,128858000,,3.54,0.0137,,,,-0.593,0.41,461029000,589887000,2.83,2019-03-31,19.23,3897000000,18890000000.0,14418127000,421714000,113231000,228000000,228000000,None,39315000,None,None,None,None,4376000000,None,1470000000,308483000,None,None,None,0.0204,,13996413000,421714000,-11831000000,-11674000000,None,1205000000,None,,,,,1.035,1.683,0.246,,,,,,,,0.0102,,1754000000,2025-11-05,quarterly,3.24,USD,pre-market,None,15563000000,0.0458,0.0716,0.111,1048.79,2176770000,4376000000,1718000000,9876000000,258.69,259.34,14.4876,28349000000,3877000000,13132000000,17508000000,24472000000,17508000000,14418127000,10841000000,24.21,-7467000000,313.18,205.45
2025-12-28,HUM,10.69,126362001000.0,24.21,None,0.466,154.0,,None,2343000000,2343000000,,,,,,,,,33000000,137528998,None,11646671000,11646671000,8148000000,None,None,1015000000,None,None,128858000,,3.54,0.0137,,,,-0.593,0.41,461029000,589887000,2.83,2018-12-31,19.23,3897000000,18890000000.0,14418127000,421714000,113231000,245000000,245000000,None,39315000,None,None,None,None,4375000000,None,1458000000,308483000,None,None,None,0.0204,,13996413000,421714000,-1015000000,-1977000000,None,800000000,None,,,,,1.035,1.683,0.246,,,,,,,,0.0102,,1735000000,2025-11-05,quarterly,3.24,USD,pre-market,None,15072000000,0.0458,0.0716,0.111,1048.79,2176770000,4375000000,1694000000,10026000000,258.69,259.34,14.4876,25413000000,2343000000,10877000000,15252000000,23070000000,15252000000,14418127000,10161000000,24.21,-7320000000,313.18,205.45
2025-12-28,HUM,10.69,126362001000.0,24.21,None,0.466,154.0,,None,4142000000,4142000000,,,,,,,,,33000000,138677998,None,11646671000,11646671000,10629000000,None,None,1062000000,None,None,128858000,,3.54,0.0137,,,,-0.593,0.41,461029000,589887000,2.83,2018-09-30,19.23,3895000000,18890000000.0,14418127000,421714000,113231000,263000000,263000000,None,39315000,None,0,None,None,4774000000,None,1453000000,308483000,None,None,None,0.0204,,13996413000,421714000,-10757000000,-11027000000,None,799000000,None,,,,,1.035,1.683,0.246,,,,,,,,0.0102,,1685000000,2025-11-05,quarterly,3.24,USD,pre-market,None,14786000000,0.0458,0.0716,0.111,1048.79,2176770000,4774000000,398000000,9695000000,258.69,259.34,14.4876,27490000000,4142000000,12123000000,16897000000,23348000000,16897000000,14418127000,10593000000,24.21,-6727000000,313.18,205.45
2025-12-28,HUM,10.69,126362001000.0,24.21,None,0.466,154.0,,None,8052000000,8052000000,,,,,,,,,33000000,138575998,None,11646671000,11646671000,12169000000,None,5245000000,1471000000,None,None,128858000,,3.54,0.0137,,,,-0.593,0.41,461029000,589887000,2.83,2018-06-30,19.23,3895000000,18890000000.0,14418127000,421714000,113231000,284000000,284000000,None,39315000,None,0,None,None,4773000000,None,379000000,308483000,None,None,None,0.0204,,13996413000,421714000,-10935000000,-52000000,None,518000000,None,,,,,1.035,1.683,0.246,,,,,,,,0.0102,,1626000000,2025-11-05,quarterly,3.24,USD,pre-market,None,14211000000,0.0458,0.0716,0.111,1048.79,2176770000,4773000000,398000000,9464000000,258.69,259.34,14.4876,34270000000,8052000000,52000000,24059000000,26218000000,24059000000,14418127000,10211000000,24.21,-6529000000,313.18,205.45
2025-12-28,HUM,10.69,126362001000.0,24.21,None,0.466,154.0,,None,8855000000,8855000000,,,,,,,,,33000000,138829998,None,11646671000,11646671000,14069000000,None,5294000000,1276000000,None,None,128858000,,3.54,0.0137,,,,-0.593,0.41,461029000,589887000,2.83,2018-03-31,19.23,3760000000,18890000000.0,14418127000,421714000,113231000,276000000,276000000,None,39315000,None,0,None,None,4772000000,None,2361000000,308483000,None,None,None,0.0204,,13996413000,421714000,-11018000000,-14467000000,None,3145000000,None,,,,,1.035,1.683,0.246,,,,,,,,0.0102,,1595000000,2025-11-05,quarterly,3.24,USD,pre-market,None,14086000000,0.0458,0.0716,0.111,1048.79,2176770000,4772000000,398000000,9742000000,258.69,259.34,14.4876,33453000000,8855000000,18600000000,23372000000,24598000000,23372000000,14418127000,10081000000,24.21,-6510000000,313.18,205.45
2025-12-28,HUM,10.69,126362001000.0,24.21,None,0.466,154.0,,None,4042000000,4042000000,,,,,,,,,33000000,142473998,None,11646671000,11646671000,11660000000,None,5061000000,854000000,None,None,128858000,,3.54,0.0137,,,,-0.593,0.41,461029000,589887000,2.83,2017-12-31,19.23,3281000000,18890000000.0,14418127000,421714000,113231000,226000000,226000000,None,39315000,None,0,None,None,4770000000,None,2745000000,308483000,None,None,None,0.0204,,13996413000,421714000,-854000000,-140000000,None,3160000000,None,,,,,1.035,1.683,0.246,,,,,,,,0.0102,,1584000000,2025-11-05,quarterly,3.24,USD,pre-market,None,13670000000,0.0458,0.0716,0.111,1048.79,2176770000,4770000000,150000000,9557000000,258.69,259.34,14.4876,27178000000,4042000000,9406000000,17336000000,23136000000,17336000000,14418127000,9842000000,24.21,-6325000000,313.18,205.45
2025-12-28,HUM,10.69,126362001000.0,24.21,None,0.466,154.0,,None,9865000000,9865000000,,,,,,,,,33000000,145359998,None,11646671000,11646671000,12740000000,None,803000000,922000000,None,None,128858000,,3.54,0.0137,,,,-0.593,0.41,461029000,589887000,2.83,2017-09-30,19.23,3281000000,18890000000.0,14418127000,421714000,113231000,227000000,227000000,None,39315000,None,0,None,None,3977000000,None,2716000000,308483000,None,None,None,0.0204,,13996413000,421714000,-9544000000,-13693000000,None,3350000000,None,,,,,1.035,1.683,0.246,,,,,,,,0.0102,,1560000000,2025-11-05,quarterly,3.24,USD,pre-market,None,13542000000,0.0458,0.0716,0.111,1048.79,2176770000,3977000000,953000000,8622000000,258.69,259.34,14.4876,32956000000,9865000000,17768000000,21745000000,23091000000,21745000000,14418127000,11211000000,24.21,-5017000000,313.18,205.45
2025-12-28,HUM,10.69,126362001000.0,24.21,None,0.466,154.0,,None,8139000000,8139000000,,,,,,,,,33000000,145633998,None,11646671000,11646671000,12430000000,None,5097000000,2430000000,None,None,128858000,,3.54,0.0137,,,,-0.593,0.41,461029000,589887000,2.83,2017-06-30,19.23,3280000000,18890000000.0,14418127000,421714000,113231000,245000000,245000000,None,39315000,None,0,None,None,4279000000,None,2670000000,308483000,None,None,None,0.0204,,13996413000,421714000,-10545000000,-13131000000,None,3316000000,None,,,,,1.035,1.683,0.246,,,,,,,,0.0102,,1543000000,2025-11-05,quarterly,3.24,USD,pre-market,None,13101000000,0.0458,0.0716,0.111,1048.79,2176770000,4279000000,701000000,8115000000,258.69,259.34,14.4876,32253000000,8139000000,17021000000,21300000000,24114000000,21300000000,14418127000,10953000000,24.21,-4482000000,313.18,205.45
2025-12-28,HUM,10.69,126362001000.0,24.21,None,0.466,154.0,,None,8425000000,8425000000,,,,,,,,,33000000,148871998,None,11646671000,11646671000,12263000000,None,470000000,1838000000,None,None,128858000,,3.54,0.0137,,,,-0.593,0.41,461029000,589887000,2.83,2017-03-31,19.23,3279000000,18890000000.0,14418127000,421714000,113231000,262000000,262000000,None,39315000,None,0,None,None,4780000000,None,2424000000,308483000,None,None,None,0.0204,,13996413000,421714000,-10043000000,-12733000000,None,3194000000,None,,,,,1.035,1.683,0.246,,,,,,,,0.0102,,1525000000,2025-11-05,quarterly,3.24,USD,pre-market,None,12509000000,0.0458,0.0716,0.111,1048.79,2176770000,4780000000,470000000,8205000000,258.69,259.34,14.4876,31712000000,8425000000,16698000000,21478000000,23287000000,21478000000,14418127000,10234000000,24.21,-4496000000,313.18,205.45
2025-12-28,HUM,10.69,126362001000.0,24.21,None,0.466,154.0,,None,3877000000,3877000000,,,,,,,,,33000000,149535998,None,11646671000,11646671000,9864000000,None,4304000000,1280000000,None,None,128858000,,3.54,0.0137,,,,-0.593,0.41,461029000,589887000,2.83,2016-12-31,19.23,3272000000,18890000000.0,14418127000,421714000,113231000,280000000,280000000,None,39315000,None,0,None,None,3792000000,None,2203000000,308483000,None,None,None,0.0204,,13996413000,421714000,-8875000000,7242000000,None,3097000000,None,,,,,1.035,1.683,0.246,,,,,,,,0.0102,,1505000000,2025-11-05,quarterly,3.24,USD,pre-market,None,11454000000,0.0458,0.0716,0.111,1048.79,2176770000,3792000000,300000000,7595000000,258.69,259.34,14.4876,25396000000,3877000000,7822000000,14711000000,21519000000,14711000000,14418127000,10685000000,24.21,-3298000000,313.18,205.45
2025-12-28,HUM,10.69,126362001000.0,24.21,None,0.466,154.0,,None,6769000000,6769000000,,,,,,,,,33000000,150903998,None,11646671000,11646671000,2933000000,None,300000000,765000000,None,None,128858000,,3.54,0.0137,,,,-0.593,0.41,461029000,589887000,2.83,2016-09-30,19.23,3272000000,18890000000.0,14418127000,421714000,113231000,298000000,298000000,None,39315000,None,0,None,None,3792000000,None,2273000000,308483000,None,None,None,0.0204,,13996413000,421714000,-8094000000,5232000000,None,2573000000,None,,,,,1.035,1.683,0.246,,,,,,,,0.0102,,1478000000,2025-11-05,quarterly,3.24,USD,pre-market,None,11899000000,0.0458,0.0716,0.111,1048.79,2176770000,3792000000,300000000,7329000000,258.69,259.34,14.4876,29466000000,6769000000,11816000000,18181000000,22697000000,18181000000,14418127000,11285000000,24.21,-3286000000,313.18,205.45
2025-12-28,HUM,10.69,126362001000.0,24.21,None,0.466,154.0,,None,2429000000,2429000000,,,,,,,,,33000000,150805998,None,11646671000,11646671000,11419000000,None,300000000,2553000000,None,None,128858000,,3.54,0.0137,,,,-0.593,0.41,461029000,589887000,2.83,2016-06-30,19.23,3266000000,18890000000.0,14418127000,421714000,113231000,316000000,316000000,None,39315000,None,0,None,None,3793000000,None,2051000000,308483000,None,None,None,0.0204,,13996413000,421714000,-9970000000,-1785000000,None,2635000000,None,,,,,1.035,1.683,0.246,,,,,,,,0.0102,,1452000000,2025-11-05,quarterly,3.24,USD,pre-market,None,11492000000,0.0458,0.0716,0.111,1048.79,2176770000,3793000000,300000000,7417000000,258.69,259.34,14.4876,27236000000,2429000000,9934000000,16362000000,24807000000,16362000000,14418127000,10874000000,24.21,-3287000000,313.18,205.45
2025-12-28,HUM,10.69,126362001000.0,24.21,None,0.466,154.0,,None,2801000000,2801000000,,,,,,,,,33000000,150895998,None,11646671000,11646671000,11421000000,None,300000000,1737000000,None,None,128858000,,3.54,0.0137,,,,-0.593,0.41,461029000,589887000,2.83,2016-03-31,19.23,3265000000,18890000000.0,14418127000,421714000,113231000,336000000,336000000,None,39315000,None,0,None,None,3793000000,None,1940000000,308483000,None,None,None,0.0204,,13996413000,421714000,-9475000000,-1616000000,None,2511000000,None,,,,,1.035,1.683,0.246,,,,,,,,0.0102,,1420000000,2025-11-05,quarterly,3.24,USD,pre-market,None,11205000000,0.0458,0.0716,0.111,1048.79,2176770000,3793000000,300000000,7738000000,258.69,259.34,14.4876,26934000000,2801000000,10105000000,16409000000,24133000000,16409000000,14418127000,10525000000,24.21,-3287000000,313.18,205.45
2025-12-28,HUM,10.69,126362001000.0,24.21,None,0.466,154.0,,None,2571000000,2571000000,,,,,,,,,33000000,150605998,None,11646671000,11646671000,9339000000,None,4394000000,1161000000,None,None,128858000,,3.54,0.0137,,,,-0.593,0.41,461029000,589887000,2.83,2015-12-31,19.23,3265000000,18890000000.0,14418127000,421714000,113231000,492000000,492000000,None,39315000,None,0,None,None,3821000000,None,1843000000,308483000,None,None,None,0.0204,,13996413000,421714000,-1161000000,-299000000,None,2386000000,None,,,,,1.035,1.683,0.246,,,,,,,,0.0102,,1384000000,2025-11-05,quarterly,3.24,USD,pre-market,None,11017000000,0.0458,0.0716,0.111,1048.79,2176770000,3794000000,299000000,7267000000,258.69,259.34,14.4876,24678000000,2571000000,10538000000,14332000000,22107000000,14332000000,14418127000,10346000000,24.21,-3292000000,313.18,205.45
2025-12-28,HUM,10.69,126362001000.0,24.21,None,0.466,154.0,,None,1597000000,1597000000,,,,,,,,,33000000,150465998,None,11646671000,11646671000,9292000000,None,None,986000000,None,None,128858000,,3.54,0.0137,,,,-0.593,0.41,461029000,589887000,2.83,2015-09-30,19.23,3266000000,18890000000.0,14418127000,421714000,113231000,379000000,379000000,None,39315000,None,0,None,None,3822000000,None,1879000000,308483000,None,None,None,0.0204,,13996413000,421714000,-8409000000,-1561000000,None,2379000000,None,,,,,1.035,1.683,0.246,,,,,,,,0.0102,,1343000000,2025-11-05,quarterly,3.24,USD,pre-market,None,10960000000,0.0458,0.0716,0.111,1048.79,2176770000,3822000000,11000000,7423000000,258.69,259.34,14.4876,24296000000,1597000000,7742000000,13943000000,22699000000,13943000000,14418127000,10353000000,24.21,-3292000000,313.18,205.45
2025-12-28,HUM,10.69,126362001000.0,24.21,None,0.466,154.0,,None,2250000000,2250000000,,,,,,,,,33000000,151147998,None,11646671000,11646671000,10221000000,None,None,2129000000,None,None,128858000,,3.54,0.0137,,,,-0.593,0.41,461029000,589887000,2.83,2015-06-30,19.23,3266000000,18890000000.0,14418127000,421714000,113231000,401000000,401000000,None,39315000,None,0,None,None,3823000000,None,1839000000,308483000,None,None,None,0.0204,,13996413000,421714000,-9170000000,-1548000000,None,2505000000,None,,,,,1.035,1.683,0.246,,,,,,,,0.0102,,1299000000,2025-11-05,quarterly,3.24,USD,pre-market,None,10689000000,0.0458,0.0716,0.111,1048.79,2176770000,3823000000,300000000,7041000000,258.69,259.34,14.4876,25384000000,2250000000,8973000000,15301000000,23134000000,15301000000,14418127000,10083000000,24.21,-3287000000,313.18,205.45
2025-12-28,HUM,10.69,126362001000.0,24.21,None,0.466,154.0,,None,1946000000,1946000000,,,,,,,,,33000000,152348998,None,11646671000,11646671000,10616000000,None,None,1690000000,None,None,128858000,,3.54,0.0137,,,,-0.593,0.41,461029000,589887000,2.83,2015-03-31,19.23,3231000000,18890000000.0,14418127000,421714000,113231000,419000000,419000000,None,39315000,None,0,None,None,3824000000,None,1972000000,308483000,None,None,None,0.0204,,13996413000,421714000,-9290000000,-1439000000,None,2579000000,None,,,,,1.035,1.683,0.246,,,,,,,,0.0102,,1258000000,2025-11-05,quarterly,3.24,USD,pre-market,None,10302000000,0.0458,0.0716,0.111,1048.79,2176770000,3824000000,288000000,7600000000,258.69,259.34,14.4876,25624000000,1946000000,9177000000,15580000000,23678000000,15580000000,14418127000,10044000000,24.21,-2983000000,313.18,205.45
2025-12-28,HUM,10.69,126362001000.0,24.21,None,0.466,154.0,,None,1935000000,1935000000,,,,,,,,,33000000,153571998,None,11646671000,11646671000,9009000000,None,4159000000,1053000000,None,None,128858000,,3.54,0.0137,,,,-0.593,0.41,461029000,589887000,2.83,2014-12-31,19.23,3231000000,18890000000.0,14418127000,421714000,113231000,607000000,607000000,None,39315000,None,0,None,None,3825000000,None,1949000000,308483000,None,None,None,0.0204,,13996413000,421714000,-1053000000,352000000,None,2640000000,None,,,,,1.035,1.683,0.246,,,,,,,,0.0102,,1419000000,2025-11-05,quarterly,3.24,USD,pre-market,None,9916000000,0.0458,0.0716,0.111,1048.79,2176770000,3825000000,334000000,7598000000,258.69,259.34,14.4876,23527000000,1935000000,10056000000,13881000000,21592000000,13881000000,14418127000,9646000000,24.21,-2856000000,313.18,205.45
2025-12-28,HUM,10.69,126362001000.0,24.21,None,0.466,154.0,,None,2705000000,2705000000,,,,,,,,,33000000,156229998,None,11646671000,11646671000,9043000000,None,None,1004000000,None,None,128858000,,3.54,0.0137,,,,-0.593,0.41,461029000,589887000,2.83,2014-09-30,19.23,3695000000,18890000000.0,14418127000,421714000,113231000,607000000,607000000,None,39315000,None,0,None,None,3826000000,None,1947000000,308483000,None,None,None,0.0204,,13996413000,421714000,-9092000000,-1786000000,None,2611000000,None,,,,,1.035,1.683,0.246,,,,,,,,0.0102,,1349000000,2025-11-05,quarterly,3.24,USD,pre-market,None,9813000000,0.0458,0.0716,0.111,1048.79,2176770000,3826000000,512000000,8088000000,258.69,259.34,14.4876,24331000000,2705000000,7769000000,14206000000,21626000000,14206000000,14418127000,10125000000,24.21,-2354000000,313.18,205.45
2025-12-28,HUM,10.69,126362001000.0,24.21,None,0.466,154.0,,None,1593000000,1593000000,,,,,,,,,33000000,157045998,None,11646671000,11646671000,9623000000,None,None,2074000000,None,None,128858000,,3.54,0.0137,,,,-0.593,0.41,461029000,589887000,2.83,2014-06-30,19.23,3696000000,18890000000.0,14418127000,421714000,113231000,629000000,629000000,None,39315000,None,0,None,None,2595000000,None,1895000000,308483000,None,None,None,0.0204,,13996413000,421714000,-9639000000,-1743000000,None,2646000000,None,,,,,1.035,1.683,0.246,,,,,,,,0.0102,,1289000000,2025-11-05,quarterly,3.24,USD,pre-market,None,9567000000,0.0458,0.0716,0.111,1048.79,2176770000,2595000000,294000000,7565000000,258.69,259.34,14.4876,23121000000,1593000000,7880000000,13121000000,21528000000,13121000000,14418127000,10000000000,24.21,-2236000000,313.18,205.45
2025-12-28,HUM,10.69,126362001000.0,24.21,None,0.466,154.0,,None,1662000000,1662000000,,,,,,,,,33000000,156646998,None,11646671000,11646671000,9383000000,None,None,1460000000,None,None,128858000,,3.54,0.0137,,,,-0.593,0.41,461029000,589887000,2.83,2014-03-31,19.23,3699000000,18890000000.0,14418127000,421714000,113231000,657000000,657000000,None,39315000,None,0,None,None,2598000000,None,1800000000,308483000,None,None,None,0.0204,,13996413000,421714000,-9708000000,-1669000000,None,2529000000,None,,,,,1.035,1.683,0.246,,,,,,,,0.0102,,1244000000,2025-11-05,quarterly,3.24,USD,pre-market,None,9266000000,0.0458,0.0716,0.111,1048.79,2176770000,2598000000,267000000,8248000000,258.69,259.34,14.4876,22566000000,1662000000,7714000000,12841000000,20904000000,12841000000,14418127000,9725000000,24.21,-2133000000,313.18,205.45
2025-12-28,HUM,10.69,126362001000.0,24.21,None,0.466,154.0,,None,1138000000,1138000000,,,,,,,,,33000000,155932998,None,11646671000,11646671000,7921000000,None,None,950000000,None,None,128858000,,3.54,0.0137,,,,-0.593,0.41,461029000,589887000,2.83,2013-12-31,19.23,3733000000,18890000000.0,14418127000,421714000,113231000,859000000,859000000,None,39315000,None,0,None,None,2600000000,None,1710000000,308483000,None,None,None,0.0204,,13996413000,421714000,-950000000,6323000000,None,2496000000,None,,,,,1.035,1.683,0.246,,,,,,,,0.0102,,1218000000,2025-11-05,quarterly,3.24,USD,pre-market,None,8942000000,0.0458,0.0716,0.111,1048.79,2176770000,2600000000,403000000,8090000000,258.69,259.34,14.4876,20735000000,1138000000,6323000000,11419000000,19597000000,11419000000,14418127000,9316000000,24.21,-2084000000,313.18,205.45
2025-12-28,HUM,10.69,126362001000.0,24.21,None,0.466,154.0,,None,1255000000,1255000000,,,,,,,,,32000000,158906998,None,11646671000,11646671000,7907000000,None,None,824000000,None,None,128858000,,3.54,0.0137,,,,-0.593,0.41,461029000,589887000,2.83,2013-09-30,19.23,3716000000,18890000000.0,14418127000,421714000,113231000,724000000,724000000,None,39315000,None,0,None,None,2603000000,None,1737000000,308483000,None,None,None,0.0204,,13996413000,421714000,-9086000000,-1356000000,None,2143000000,None,,,,,1.035,1.683,0.246,,,,,,,,0.0102,,1180000000,2025-11-05,quarterly,3.24,USD,pre-market,None,9014000000,0.0458,0.0716,0.111,1048.79,2176770000,2603000000,273000000,8262000000,258.69,259.34,14.4876,20903000000,1255000000,6551000000,11297000000,19648000000,11297000000,14418127000,9606000000,24.21,-1878000000,313.18,205.45
2025-12-28,HUM,10.69,126362001000.0,24.21,None,0.466,154.0,,None,1519000000,1519000000,,,,,,,,,32000000,159520998,None,11646671000,11646671000,8141000000,None,None,1593000000,None,None,128858000,,3.54,0.0137,,,,-0.593,0.41,461029000,589887000,2.83,2013-06-30,19.23,3638000000,18890000000.0,14418127000,421714000,113231000,675000000,675000000,None,39315000,None,0,None,None,2606000000,None,1770000000,308483000,None,None,None,0.0204,,13996413000,421714000,-9149000000,6770000000,None,2137000000,None,,,,,1.035,1.683,0.246,,,,,,,,0.0102,,1133000000,2025-11-05,quarterly,3.24,USD,pre-market,None,8688000000,0.0458,0.0716,0.111,1048.79,2176770000,2606000000,246000000,7556000000,258.69,259.34,14.4876,20848000000,1519000000,6770000000,11513000000,19329000000,2606000000,14418127000,9335000000,24.21,-1784000000,313.18,205.45
2025-12-28,HUM,10.69,126362001000.0,24.21,None,0.466,154.0,,None,1398000000,1398000000,,,,,,,,,32000000,160402998,None,11646671000,11646671000,8335000000,None,None,1321000000,None,None,128858000,,3.54,0.0137,,,,-0.593,0.41,461029000,589887000,2.83,2013-03-31,19.23,3641000000,18890000000.0,14418127000,421714000,113231000,703000000,703000000,None,39315000,None,0,None,None,2608000000,None,1824000000,308483000,None,None,None,0.0204,,13996413000,421714000,-9462000000,6944000000,None,2258000000,None,,,,,1.035,1.683,0.246,,,,,,,,0.0102,,1119000000,2025-11-05,quarterly,3.24,USD,pre-market,None,8311000000,0.0458,0.0716,0.111,1048.79,2176770000,2608000000,290000000,8141000000,258.69,259.34,14.4876,20974000000,1398000000,6944000000,11810000000,19576000000,2608000000,14418127000,9164000000,24.21,-1647000000,313.18,205.45
2025-12-28,HUM,10.69,126362001000.0,24.21,None,0.466,154.0,,None,1306000000,1306000000,,,,,,,,,32000000,160681998,None,11646671000,11646671000,7679000000,None,None,733000000,None,None,128858000,,3.54,0.0137,,,,-0.593,0.41,461029000,589887000,2.83,2012-12-31,19.23,3640000000,18890000000.0,14418127000,421714000,113231000,880000000,880000000,None,39315000,None,0,None,None,2611000000,None,1846000000,308483000,None,None,None,0.0204,,13996413000,421714000,9671000000,-554000000,None,2146000000,None,,,,,1.035,1.683,0.246,,,,,,,,0.0102,,1098000000,2025-11-05,quarterly,3.24,USD,pre-market,None,7881000000,0.0458,0.0716,0.111,1048.79,2176770000,2935000000,324000000,8001000000,258.69,259.34,14.4876,19979000000,11710000000,8521000000,2611000000,5618000000,2611000000,14418127000,8847000000,24.21,-1553000000,313.18,205.45
2025-12-28,HUM,10.69,126362001000.0,24.21,None,0.466,154.0,,None,1363000000,1363000000,,,,,,,,,32000000,162417998,None,11646671000,11646671000,-172000000,None,None,642000000,None,None,128858000,,3.54,0.0137,,,,-0.593,0.41,461029000,589887000,2.83,2012-09-30,19.23,2497000000,18890000000.0,14418127000,421714000,113231000,465000000,465000000,None,39315000,None,0,None,None,1616000000,None,1837000000,308483000,None,None,None,0.0204,,13996413000,421714000,1615000000,6092000000,None,2121000000,None,,,,,1.035,1.683,0.246,,,,,,,,0.0102,,1034000000,2025-11-05,quarterly,3.24,USD,pre-market,None,7731000000,0.0458,0.0716,0.111,1048.79,2176770000,1893000000,277000000,8058000000,258.69,259.34,14.4876,18797000000,11678000000,6369000000,10106000000,7119000000,1616000000,14418127000,8691000000,24.21,-1548000000,313.18,205.45
2025-12-28,HUM,10.69,126362001000.0,24.21,None,0.466,154.0,,None,3869000000,3869000000,,,,,,,,,32000000,164638998,None,11646671000,11646671000,2081000000,None,None,898000000,None,None,128858000,,3.54,0.0137,,,,-0.593,0.41,461029000,589887000,2.83,2012-06-30,19.23,2792000000,18890000000.0,14418127000,421714000,113231000,3232000000,3232000000,None,39315000,None,0,None,None,1618000000,None,1783000000,308483000,None,None,None,0.0204,,13996413000,421714000,1422000000,6335000000,None,2106000000,None,,,,,1.035,1.683,0.246,,,,,,,,0.0102,,976000000,2025-11-05,quarterly,3.24,USD,pre-market,None,7346000000,0.0458,0.0716,0.111,1048.79,2176770000,1878000000,260000000,7882000000,258.69,259.34,14.4876,20855000000,14071000000,8676000000,12400000000,6784000000,1618000000,14418127000,8455000000,24.21,-1313000000,313.18,205.45
2025-12-28,HUM,10.69,126362001000.0,24.21,None,0.466,154.0,,None,3656000000,3656000000,,,,,,,,,32000000,166087998,None,11646671000,11646671000,2123000000,None,None,1330000000,None,None,128858000,,3.54,0.0137,,,,-0.593,0.41,461029000,589887000,2.83,2012-03-31,19.23,2785000000,18890000000.0,14418127000,421714000,113231000,3241000000,3241000000,None,39315000,None,0,None,None,1621000000,None,1704000000,308483000,None,None,None,0.0204,,13996413000,421714000,1181000000,6406000000,None,2022000000,None,,,,,1.035,1.683,0.246,,,,,,,,0.0102,,939000000,2025-11-05,quarterly,3.24,USD,pre-market,None,7032000000,0.0458,0.0716,0.111,1048.79,2176770000,1915000000,294000000,7889000000,258.69,259.34,14.4876,20700000000,14056000000,8823000000,12466000000,6644000000,1621000000,14418127000,8234000000,24.21,-1186000000,313.18,205.45
2025-12-28,HUM,10.69,126362001000.0,24.21,None,0.466,154.0,,None,1377000000,1377000000,,,,,,,,,32000000,165631998,None,11646671000,11646671000,7200000000,None,None,1034000000,None,None,128858000,,3.54,0.0137,,,,-0.593,0.41,461029000,589887000,2.83,2011-12-31,19.23,2740000000,18890000000.0,14418127000,421714000,113231000,435000000,435000000,None,39315000,None,0,None,None,1659000000,None,1710000000,308483000,None,None,None,0.0204,,13996413000,421714000,1027000000,-1450000000,None,3754000000,None,,,,,1.035,1.683,0.246,,,,,,,,0.0102,,912000000,2025-11-05,quarterly,3.24,USD,pre-market,None,6825000000,0.0458,0.0716,0.111,1048.79,2176770000,1965000000,306000000,7743000000,258.69,259.34,14.4876,17708000000,11181000000,6056000000,9645000000,6527000000,1659000000,14418127000,8063000000,24.21,-1035000000,313.18,205.45
2025-12-28,HUM,10.69,126362001000.0,24.21,None,0.466,154.0,,None,4019405000,4019405000,,,,,,,,,32133000,166579998,None,11646671000,11646671000,2332638000,None,None,1036317000,None,None,128858000,,3.54,0.0137,,,,-0.593,0.41,461029000,589887000,2.83,2011-09-30,19.23,2579916000,18890000000.0,14418127000,421714000,113231000,2960586000,2960586000,None,39315000,None,0,None,None,1661552000,None,1695943000,308483000,None,None,None,0.0204,,13996413000,421714000,711979000,5885276000,None,1863706000,None,,,,,1.035,1.683,0.246,,,,,,,,0.0102,,850888000,2025-11-05,quarterly,3.24,USD,pre-market,None,6667005000,0.0458,0.0716,0.111,1048.79,2176770000,1960139000,298587000,7864637000,258.69,259.34,14.4876,19899729000,13632338000,8516501000,12041759000,6267391000,1662000000,14418127000,7857970000,24.21,-1034677000,313.18,205.45
2025-12-28,HUM,10.69,126362001000.0,24.21,None,0.466,154.0,,None,1567824000,1567824000,,,,,,,,,32123000,169559998,None,11646671000,11646671000,1944897000,None,None,1546392000,None,None,128858000,,3.54,0.0137,,,,-0.593,0.41,461029000,589887000,2.83,2011-06-30,19.23,2577511000,18890000000.0,14418127000,421714000,113231000,2971836000,2971836000,None,39315000,None,0,None,None,1664015000,None,1592919000,308483000,None,None,None,0.0204,,13996413000,421714000,751274000,4193580000,None,1988409000,None,,,,,1.035,1.683,0.246,,,,,,,,0.0102,,822611000,2025-11-05,quarterly,3.24,USD,pre-market,None,6262943000,0.0458,0.0716,0.111,1048.79,2176770000,1881302000,217287000,7609737000,258.69,259.34,14.4876,17594905000,11475227000,6355764000,10008188000,6119678000,1664000000,14418127000,7586717000,24.21,-795231000,313.18,205.45
2025-12-28,HUM,10.69,126362001000.0,24.21,None,0.466,154.0,,None,1756041000,1756041000,,,,,,,,,31935000,169533998,None,11646671000,11646671000,1916602000,None,None,1219347000,None,None,128858000,,3.54,0.0137,,,,-0.593,0.41,461029000,589887000,2.83,2011-03-31,19.23,2576208000,18890000000.0,14418127000,421714000,113231000,2966340000,2966340000,None,39315000,None,0,None,None,1666447000,None,1568090000,308483000,None,None,None,0.0204,,13996413000,421714000,700427000,4196059000,None,1901901000,None,,,,,1.035,1.683,0.246,,,,,,,,0.0102,,819729000,2025-11-05,quarterly,3.24,USD,pre-market,None,5844177000,0.0458,0.0716,0.111,1048.79,2176770000,1918520000,252073000,7420959000,258.69,259.34,14.4876,17160060000,11096774000,6364734000,9933082000,6063286000,1666000000,14418127000,7226978000,24.21,-583347000,313.18,205.45
2025-12-28,HUM,10.69,126362001000.0,24.21,None,0.466,154.0,,None,1673000000,1673000000,,,,,,,,,31707000,169299998,None,11646671000,11646671000,1681000000,None,None,959000000,None,None,128858000,,3.54,0.0137,,,,-0.593,0.41,461029000,589887000,2.83,2010-12-31,19.23,2568000000,18890000000.0,14418127000,421714000,113231000,2967283000,2967283000,None,39315000,None,0,None,None,1668849000,None,None,308483000,None,None,None,0.0204,,13996413000,421714000,632699000,3654626000,None,1765722000,None,,,,,1.035,1.683,0.246,,,,,,,,0.0102,,815337000,2025-11-05,quarterly,3.24,USD,pre-market,None,5529001000,0.0458,0.0716,0.111,1048.79,2176770000,2078234000,409000000,6873000000,258.69,259.34,14.4876,16103000000,10137699000,5744626000,9179000000,5965554000,1669000000,14418127000,6924056000,24.21,-494443000,313.18,205.45
2025-12-28,HUM,10.69,126362001000.0,24.21,None,0.466,154.0,,None,2922852000,2922852000,,,,,,,,,31685000,169581998,None,11646671000,11646671000,2041101000,None,None,808028000,None,None,128858000,,3.54,0.0137,,,,-0.593,0.41,461029000,589887000,2.83,2010-09-30,19.23,1997277000,18890000000.0,14418127000,421714000,113231000,2217572000,2217572000,None,39315000,None,0,None,None,1671222000,None,1477147000,308483000,None,None,None,0.0204,,13996413000,421714000,511338000,3978795000,None,1519036000,None,,,,,1.035,1.683,0.246,,,,,,,,0.0102,,670277000,2025-11-05,quarterly,3.24,USD,pre-market,None,5421676000,0.0458,0.0716,0.111,1048.79,2176770000,1912451000,241229000,7142395000,258.69,259.34,14.4876,16390352000,11384613000,6261125000,9451383000,5005739000,1671000000,14418127000,6938969000,24.21,-494068000,313.18,205.45
2025-12-28,HUM,10.69,126362001000.0,24.21,None,0.466,154.0,,None,1998982000,1998982000,,,,,,,,,31674000,170228998,None,11646671000,11646671000,1666386000,None,None,1325102000,None,None,128858000,,3.54,0.0137,,,,-0.593,0.41,461029000,589887000,2.83,2010-06-30,19.23,1994593000,18890000000.0,14418127000,421714000,113231000,2219930000,2219930000,None,39315000,None,0,None,None,1673565000,None,1405734000,308483000,None,None,None,0.0204,,13996413000,421714000,580942000,4090687000,None,1541191000,None,,,,,1.035,1.683,0.246,,,,,,,,0.0102,,660223000,2025-11-05,quarterly,3.24,USD,pre-market,None,5028455000,0.0458,0.0716,0.111,1048.79,2176770000,1913481000,239916000,6882063000,258.69,259.34,14.4876,15690570000,10787089000,5996989000,9211745000,4903481000,1674000000,14418127000,6478825000,24.21,-443767000,313.18,205.45
2025-12-28,HUM,10.69,126362001000.0,24.21,None,0.466,154.0,,None,1813993000,1813993000,,,,,,,,,31664000,170079998,None,11646671000,11646671000,1658985000,None,None,1104598000,None,None,128858000,,3.54,0.0137,,,,-0.593,0.41,461029000,589887000,2.83,2010-03-31,19.23,1992924000,18890000000.0,14418127000,421714000,113231000,2226825000,2226825000,None,39315000,None,0,None,None,1675880000,None,1333659000,308483000,None,None,None,0.0204,,13996413000,421714000,576562000,4010838000,None,1542158000,None,,,,,1.035,1.683,0.246,,,,,,,,0.0102,,665909000,2025-11-05,quarterly,3.24,USD,pre-market,None,4688379000,0.0458,0.0716,0.111,1048.79,2176770000,1911918000,236038000,6764833000,258.69,259.34,14.4876,15209136000,10259986000,5905861000,9123899000,4949150000,1676000000,14418127000,6085237000,24.21,-393568000,313.18,205.45
2025-12-28,HUM,10.69,126362001000.0,24.21,None,0.466,154.0,,None,1613588000,1613588000,,,,,,,,,31634000,169709998,None,11646671000,11646671000,1307710000,None,None,823620000,None,None,128858000,,3.54,0.0137,,,,-0.593,0.41,461029000,589887000,2.83,2009-12-31,19.23,1992924000,18890000000.0,14418127000,421714000,113231000,2236392000,2236392000,None,39315000,None,0,None,None,1678166000,None,1307088000,308483000,None,None,None,0.0204,,13996413000,421714000,625546000,3577818000,None,1439333000,None,,,,,1.035,1.683,0.246,,,,,,,,0.0102,,679142000,2025-11-05,quarterly,3.24,USD,pre-market,None,4429611000,0.0458,0.0716,0.111,1048.79,2176770000,2052630000,374464000,6190062000,258.69,259.34,14.4876,14153494000,9252816000,5259992000,8377491000,2672066000,1678000000,14418127000,5776003000,24.21,-385898000,313.18,205.45
2025-12-28,HUM,10.69,126362001000.0,24.21,None,0.466,154.0,,None,1452006000,1452006000,,,,,,,,,31517000,169245998,None,11646671000,11646671000,1532810000,None,None,776528000,None,None,128858000,,3.54,0.0137,,,,-0.593,0.41,461029000,589887000,2.83,2009-09-30,19.23,1992924000,18890000000.0,14418127000,421714000,113231000,2245322000,2245322000,None,39315000,None,0,None,None,1680424000,None,1319319000,308483000,None,None,None,0.0204,,13996413000,421714000,1112909000,3775044000,None,1465922000,None,,,,,1.035,1.683,0.246,,,,,,,,0.0102,,679010000,2025-11-05,quarterly,3.24,USD,pre-market,None,4178952000,0.0458,0.0716,0.111,1048.79,2176770000,1879808000,199384000,5899385000,258.69,259.34,14.4876,14201787000,9240828000,5507238000,8653584000,2671934000,1680000000,14418127000,5548203000,24.21,-371327000,313.18,205.45
2025-12-28,HUM,10.69,126362001000.0,24.21,None,0.466,154.0,,None,1585109000,1585109000,,,,,,,,,31478000,168668998,None,11646671000,11646671000,1351689000,None,None,1276914000,None,None,128858000,,3.54,0.0137,,,,-0.593,0.41,461029000,589887000,2.83,2009-06-30,19.23,1992924000,18890000000.0,14418127000,421714000,113231000,2254513000,2254513000,None,39315000,None,0,None,None,1682654000,None,1240197000,308483000,None,None,None,0.0204,,13996413000,421714000,1326918000,3961060000,None,1476855000,None,,,,,1.035,1.683,0.246,,,,,,,,0.0102,,691414000,2025-11-05,quarterly,3.24,USD,pre-market,None,3877433000,0.0458,0.0716,0.111,1048.79,2176770000,1836507000,153853000,4583423000,258.69,259.34,14.4876,13684389000,8772364000,5466602000,8626111000,2684338000,1683000000,14418127000,5058278000,24.21,-369056000,313.18,205.45
2025-12-28,HUM,10.69,126362001000.0,24.21,None,0.466,154.0,,None,1911202000,1911202000,,,,,,,,,31472000,168657998,None,11646671000,11646671000,1384290000,None,None,1037873000,None,None,128858000,,3.54,0.0137,,,,-0.593,0.41,461029000,589887000,2.83,2009-03-31,19.23,1991220000,18890000000.0,14418127000,421714000,113231000,2262611000,2262611000,None,39315000,None,None,None,None,1934856000,None,None,308483000,None,None,None,0.0204,,13996413000,421714000,1494676000,3847377000,None,None,None,,,,,1.035,1.683,0.246,,,,,,,,0.0102,,701376000,2025-11-05,quarterly,3.24,USD,pre-market,None,3595653000,0.0458,0.0716,0.111,1048.79,2176770000,2192918000,258062000,4439005000,258.69,259.34,14.4876,13606610000,8882756000,5489729000,8936297000,2692596000,1935000000,14418127000,4670313000,24.21,-369056000,313.18,205.45
2025-12-28,HUM,10.69,126362001000.0,24.21,None,0.466,154.0,,None,1970423000,1970423000,,,,,,,,,31309000,167702850,None,11646671000,11646671000,1077027000,None,None,789682000,None,None,128858000,,3.54,0.0137,,,,-0.593,0.41,461029000,589887000,2.83,2008-12-31,19.23,1963111000,18890000000.0,14418127000,421714000,113231000,2264399000,2264399000,None,39315000,None,None,None,None,1937032000,None,None,308483000,None,None,None,0.0204,,13996413000,421714000,1432399000,3882376000,None,None,None,,,,,1.035,1.683,0.246,,,,,,,,0.0102,,711492000,2025-11-05,quarterly,3.24,USD,pre-market,None,3389936000,0.0458,0.0716,0.111,1048.79,2176770000,2161574000,224542000,4203538000,258.69,259.34,14.4876,13041760000,8396042000,5183945000,8584570000,2674603000,1937000000,14418127000,4457190000,24.21,-363057000,313.18,205.45
2025-12-28,HUM,10.69,126362001000.0,24.21,None,0.466,154.0,,None,1542900000,1542900000,,,,,,,,,31289000,168577998,None,11646671000,11646671000,1240631000,None,None,709653000,None,None,128858000,,3.54,0.0137,,,,-0.593,0.41,461029000,589887000,2.83,2008-09-30,19.23,1823280000,18890000000.0,14418127000,421714000,113231000,2087834000,2087834000,None,39315000,None,None,None,None,1668233000,None,None,308483000,None,None,None,0.0204,,13996413000,421714000,1964870000,3824627000,None,None,None,,,,,1.035,1.683,0.246,,,,,,,,0.0102,,677882000,2025-11-05,quarterly,3.24,USD,pre-market,None,3215856000,0.0458,0.0716,0.111,1048.79,2176770000,1925913000,257680000,3982564000,258.69,259.34,14.4876,12563870000,8199987000,5322938000,8293338000,2501162000,1668000000,14418127000,4270532000,24.21,-362754000,313.18,205.45
2025-12-28,HUM,10.69,126362001000.0,24.21,None,0.466,154.0,,None,1174642000,1174642000,,,,,,,,,31275000,168996998,None,11646671000,11646671000,1350924000,None,None,999718000,None,None,128858000,,3.54,0.0137,,,,-0.593,0.41,461029000,589887000,2.83,2008-06-30,19.23,1817460000,18890000000.0,14418127000,421714000,113231000,2087289000,2087289000,None,39315000,None,None,None,None,1635098000,None,None,308483000,None,None,None,0.0204,,13996413000,421714000,2090621000,4116787000,None,None,None,,,,,1.035,1.683,0.246,,,,,,,,0.0102,,655431000,2025-11-05,quarterly,3.24,USD,pre-market,None,3032848000,0.0458,0.0716,0.111,1048.79,2176770000,1933063000,297965000,4195562000,258.69,259.34,14.4876,12939983000,8460543000,5765676000,8736255000,2472891000,1635000000,14418127000,4203728000,24.21,-351648000,313.18,205.45
2025-12-28,HUM,10.69,126362001000.0,24.21,None,0.466,154.0,,None,1688287000,1688287000,,,,,,,,,31165000,170601998,None,11646671000,11646671000,-227492000,None,None,759323000,None,None,128858000,,3.54,0.0137,,,,-0.593,0.41,461029000,589887000,2.83,2008-03-31,19.23,1683604000,18890000000.0,14418127000,421714000,113231000,1883340000,1883340000,None,39315000,None,None,None,None,1601335000,None,None,308483000,None,None,None,0.0204,,13996413000,421714000,2207835000,5443193000,None,None,None,,,,,1.035,1.683,0.246,,,,,,,,0.0102,,636935000,2025-11-05,quarterly,3.24,USD,pre-market,None,2822952000,0.0458,0.0716,0.111,1048.79,2176770000,1892581000,291246000,3954830000,258.69,259.34,14.4876,12762028000,8610275000,5734439000,8709554000,2320539000,1601000000,14418127000,4052474000,24.21,-336934000,313.18,205.45
2025-12-28,HUM,10.69,126362001000.0,24.21,None,0.466,154.0,,None,2040453000,2040453000,,,,,,,,,31123000,170258445,None,11646671000,11646671000,1268963000,None,None,605541000,None,None,128858000,,3.54,0.0137,,,,-0.593,0.41,461029000,589887000,2.83,2007-12-31,19.23,1663939000,18890000000.0,14418127000,421714000,113231000,1900712000,1900712000,None,39315000,None,None,None,None,1687823000,None,None,308483000,None,None,None,0.0204,,13996413000,421714000,2451535000,4253662000,None,None,None,,,,,1.035,1.683,0.246,,,,,,,,0.0102,,637241000,2025-11-05,quarterly,3.24,USD,pre-market,None,2742782000,0.0458,0.0716,0.111,1048.79,2176770000,1957049000,269226000,3635317000,258.69,259.34,14.4876,12879074000,8732846000,5791851000,8850137000,2301180000,1688000000,14418127000,4028937000,24.21,-256987000,313.18,205.45
2025-12-28,HUM,10.69,126362001000.0,24.21,None,0.466,154.0,,None,2585670000,2585670000,,,,,,,,,30995000,169875279,None,11646671000,11646671000,-177080000,None,None,697798000,None,None,128858000,,3.54,0.0137,,,,-0.593,0.41,461029000,589887000,2.83,2007-09-30,19.23,1330585000,18890000000.0,14418127000,421714000,113231000,1418513000,1418513000,None,39315000,None,None,None,None,1292858000,None,None,308483000,None,None,None,0.0204,,13996413000,421714000,2443056000,6142502000,None,None,None,,,,,1.035,1.683,0.246,,,,,,,,0.0102,,570798000,2025-11-05,quarterly,3.24,USD,pre-market,None,2499563000,0.0458,0.0716,0.111,1048.79,2176770000,1546214000,253356000,3475300000,258.69,259.34,14.4876,12072506000,9201824000,6395858000,8333629000,1901383000,1293000000,14418127000,3738877000,24.21,-243592000,313.18,205.45
2025-12-28,HUM,10.69,126362001000.0,24.21,None,0.466,154.0,,None,3720769000,3720769000,,,,,,,,,30833000,169595998,None,11646671000,11646671000,-1355017000,None,None,697553000,None,None,128858000,,3.54,0.0137,,,,-0.593,0.41,461029000,589887000,2.83,2007-06-30,19.23,1330585000,18890000000.0,14418127000,421714000,113231000,1422992000,1422992000,None,39315000,None,None,None,None,1189570000,None,None,308483000,None,None,None,0.0204,,13996413000,421714000,2664068000,7739691000,None,None,None,,,,,1.035,1.683,0.246,,,,,,,,0.0102,,569412000,2025-11-05,quarterly,3.24,USD,pre-market,None,2197185000,0.0458,0.0716,0.111,1048.79,2176770000,1479216000,289646000,3323536000,258.69,259.34,14.4876,13334965000,10405926000,8029337000,9959467000,1899997000,1190000000,14418127000,3375498000,24.21,-236778000,313.18,205.45
2025-12-28,HUM,10.69,126362001000.0,24.21,None,0.466,154.0,,None,3694059000,3694059000,,,,,,,,,30746000,169621427,None,11646671000,11646671000,-1330325000,None,None,837120000,None,None,128858000,,3.54,0.0137,,,,-0.593,0.41,461029000,589887000,2.83,2007-03-31,19.23,1331418000,18890000000.0,14418127000,421714000,113231000,1427902000,1427902000,None,39315000,None,None,None,None,1329334000,None,None,308483000,None,None,None,0.0204,,13996413000,421714000,2184493000,7243199000,None,None,None,,,,,1.035,1.683,0.246,,,,,,,,0.0102,,571405000,2025-11-05,quarterly,3.24,USD,pre-market,None,1980339000,0.0458,0.0716,0.111,1048.79,2176770000,1613906000,284572000,3154920000,258.69,259.34,14.4876,12706125000,9870592000,7527771000,9546598000,1902823000,1329000000,14418127000,3159527000,24.21,-236762000,313.18,205.45
2025-12-28,HUM,10.69,126362001000.0,24.21,None,0.466,154.0,,None,1740304000,1740304000,,,,,,,,,30491000,168668191,None,11646671000,11646671000,-155298000,None,None,680941000,None,None,128858000,,3.54,0.0137,,,,-0.593,0.41,461029000,589887000,2.83,2006-12-31,19.23,1310631000,18890000000.0,14418127000,421714000,113231000,1406287000,1406287000,None,39315000,None,None,None,None,1269100000,None,None,308483000,None,None,None,0.0204,,13996413000,421714000,1719455000,4898207000,None,None,None,,,,,1.035,1.683,0.246,,,,,,,,0.0102,,545004000,2025-11-05,quarterly,3.24,USD,pre-market,None,1909098000,0.0458,0.0716,0.111,1048.79,2176770000,1562705000,293605000,3192273000,258.69,259.34,14.4876,10098486000,7332973000,5191812000,7044600000,1717976000,1269000000,14418127000,3053886000,24.21,-229575000,313.18,205.45
2025-12-28,HUM,10.69,126362001000.0,24.21,None,0.466,154.0,,None,1181234000,1181234000,,,,,,,,,30391000,167576840,None,11646671000,11646671000,-146320000,None,None,745004000,None,None,128858000,,3.54,0.0137,,,,-0.593,0.41,461029000,589887000,2.83,2006-09-30,19.23,1307231000,18890000000.0,14418127000,421714000,113231000,1307231000,1307231000,None,39315000,None,None,None,None,970144000,None,None,308483000,None,None,None,0.0204,,13996413000,421714000,1984056000,5155579000,None,None,None,,,,,1.035,1.683,0.246,,,,,,,,0.0102,,518930000,2025-11-05,quarterly,3.24,USD,pre-market,None,1754077000,0.0458,0.0716,0.111,1048.79,2176770000,1251388000,281244000,3242711000,258.69,259.34,14.4876,9957165000,7153005000,5436823000,7064702000,1826161000,970000000,14418127000,2892463000,24.21,-218934000,313.18,205.45
2025-12-28,HUM,10.69,126362001000.0,24.21,None,0.466,154.0,,None,2258464000,2258464000,,,,,,,,,30170000,168847168,None,11646671000,11646671000,-1170278000,None,None,782452000,None,None,128858000,,3.54,0.0137,,,,-0.593,0.41,461029000,589887000,2.83,2006-06-30,19.23,1307650000,18890000000.0,14418127000,421714000,113231000,1307650000,1307650000,None,39315000,None,None,None,None,784399000,None,None,308483000,None,None,None,0.0204,,13996413000,421714000,1019670000,4971689000,None,None,None,,,,,1.035,1.683,0.246,,,,,,,,0.0102,,505721000,2025-11-05,quarterly,3.24,USD,pre-market,None,1594879000,0.0458,0.0716,0.111,1048.79,2176770000,1356164000,571765000,2998440000,258.69,259.34,14.4876,9836600000,7059026000,5543454000,7177805000,1813371000,784000000,14418127000,2658795000,24.21,-208301000,313.18,205.45
2025-12-28,HUM,10.69,126362001000.0,24.21,None,0.466,154.0,,None,1843405000,1843405000,,,,,,,,,30085000,167429998,None,11646671000,11646671000,-920678000,None,None,784713000,None,None,128858000,,3.54,0.0137,,,,-0.593,0.41,461029000,589887000,2.83,2006-03-31,19.23,1265176000,18890000000.0,14418127000,421714000,113231000,1363536000,1363536000,None,39315000,None,None,None,None,601225000,None,None,308483000,None,None,None,0.0204,,13996413000,421714000,768199000,4211720000,None,None,None,,,,,1.035,1.683,0.246,,,,,,,,0.0102,,498267000,2025-11-05,quarterly,3.24,USD,pre-market,None,1505390000,0.0458,0.0716,0.111,1048.79,2176770000,1177043000,575818000,2623009000,258.69,259.34,14.4876,8698020000,6019326000,4787538000,6130261000,1763443000,601000000,14418127000,2567759000,24.21,-203469000,313.18,205.45
2025-12-28,HUM,10.69,126362001000.0,24.21,None,0.466,154.0,,None,732016000,732016000,,,,,,,,,29843000,163474993,None,11646671000,11646671000,-120489000,None,None,738652000,None,None,128858000,,3.54,0.0137,,,,-0.593,0.41,461029000,589887000,2.83,2005-12-31,19.23,1264575000,18890000000.0,14418127000,421714000,113231000,1368590000,1368590000,None,39315000,None,None,None,None,513790000,None,None,308483000,None,None,None,0.0204,,13996413000,421714000,380614000,2638331000,None,None,None,,,,,1.035,1.683,0.246,,,,,,,,0.0102,,484412000,2025-11-05,quarterly,3.24,USD,pre-market,None,1538306000,0.0458,0.0716,0.111,1048.79,2176770000,1095049000,581259000,2354904000,258.69,259.34,14.4876,6869614000,4206186000,3219590000,4395509000,1748987000,514000000,14418127000,2474105000,24.21,-203364000,313.18,205.45
2025-12-28,HUM,10.69,126362001000.0,24.21,None,0.466,154.0,,None,978936000,978936000,,,,,,,,,29768000,167167855,None,11646671000,11646671000,-533908000,None,None,711140000,None,None,128858000,,3.54,0.0137,,,,-0.593,0.41,461029000,589887000,2.83,2005-09-30,19.23,1220461000,18890000000.0,14418127000,421714000,113231000,1320835000,1320835000,None,39315000,None,None,None,None,317210000,None,None,308483000,None,None,None,0.0204,,13996413000,421714000,364636000,2978125000,None,None,None,,,,,1.035,1.683,0.246,,,,,,,,0.0102,,457078000,2025-11-05,quarterly,3.24,USD,pre-market,None,1473699000,0.0458,0.0716,0.111,1048.79,2176770000,878009000,560799000,2228424000,258.69,259.34,14.4876,6832421000,4283136000,3538924000,4466451000,1677539000,317000000,14418127000,2365970000,24.21,-203071000,313.18,205.45
2025-12-28,HUM,10.69,126362001000.0,24.21,None,0.466,154.0,,None,2221000000,2221000000,,,,,,,,,33000000,120869000,None,11646671000,11646671000,15699000000,None,577000000,2704000000,None,None,128858000,,3.54,0.0137,,,,-0.593,0.41,461029000,589887000,2.83,2024-12-31,19.23,9631000000,18890000000.0,14418127000,421714000,113231000,1443000000,1443000000,None,39315000,None,None,None,None,11144000000,None,19332000000,308483000,None,None,None,0.0204,,13996413000,421714000,-23139000000,-16276000000,None,None,None,,,,,1.035,1.683,0.246,,,,,,,,0.0102,,2977000000,2025-11-05,annual,3.24,USD,pre-market,None,28317000000,0.0458,0.0716,0.111,1048.79,2176770000,11144000000,577000000,18214000000,258.69,259.34,14.4876,46479000000,29815000000,16939000000,30034000000,16664000000,30034000000,14418127000,16375000000,24.21,None,313.18,205.45
2025-12-28,HUM,10.69,126362001000.0,24.21,None,0.466,154.0,,None,4694000000,4694000000,,,,,,,,,33000000,124441000,None,11646671000,11646671000,16810000000,None,1796000000,2035000000,None,None,128858000,,3.54,0.0137,,,,-0.593,0.41,461029000,589887000,2.83,2023-12-31,19.23,9550000000,18890000000.0,14418127000,421714000,113231000,1693000000,1693000000,None,39315000,None,-32021000000,None,None,10213000000,None,17748000000,308483000,None,None,None,0.0204,,13996413000,421714000,-23355000000,-18253000000,None,None,None,,,,,1.035,1.683,0.246,,,,,,,,0.0102,,3540000000,2025-11-05,annual,3.24,USD,pre-market,None,27540000000,0.0458,0.0716,0.111,1048.79,2176770000,10213000000,1443000000,16626000000,258.69,259.34,14.4876,47065000000,29986000000,18872000000,30747000000,16906000000,30747000000,14418127000,16262000000,24.21,None,313.18,205.45
2025-12-28,HUM,10.69,126362001000.0,24.21,None,0.466,154.0,,None,5061000000,5061000000,,,,,,,,,33000000,127094000,None,11646671000,11646671000,14502000000,None,2390000000,1674000000,None,None,128858000,,3.54,0.0137,,,,-0.593,0.41,461029000,589887000,2.83,2022-12-31,19.23,9142000000,18890000000.0,14418127000,421714000,113231000,1765000000,1765000000,None,39315000,None,-27857000000,None,None,9034000000,None,15010000000,308483000,None,None,None,0.0204,,13996413000,421714000,-20616000000,-17693000000,None,1473000000,None,,,,,1.035,1.683,0.246,,,,,,,,0.0102,,3221000000,2025-11-05,annual,3.24,USD,pre-market,None,25492000000,0.0458,0.0716,0.111,1048.79,2176770000,9034000000,3191000000,13881000000,258.69,259.34,14.4876,43055000000,5061000000,17178000000,27685000000,37994000000,27685000000,14418127000,15311000000,24.21,None,313.18,205.45
2025-12-28,HUM,10.69,126362001000.0,24.21,None,0.466,154.0,,None,3394000000,3394000000,,,,,,,,,33000000,129396000,None,11646671000,11646671000,12798000000,None,2279000000,1814000000,None,None,128858000,,3.54,0.0137,,,,-0.593,0.41,461029000,589887000,2.83,2021-12-31,19.23,11092000000,18890000000.0,14418127000,421714000,113231000,2639000000,2639000000,None,39315000,None,-26707000000,None,None,10541000000,None,14113000000,308483000,None,None,None,0.0204,,13996413000,421714000,-18400000000,-14751000000,None,2383000000,None,,,,,1.035,1.683,0.246,,,,,,,,0.0102,,3073000000,2025-11-05,annual,3.24,USD,pre-market,None,23086000000,0.0458,0.0716,0.111,1048.79,2176770000,10541000000,1953000000,13192000000,258.69,259.34,14.4876,44358000000,3394000000,15331000000,28255000000,40964000000,28255000000,14418127000,16080000000,24.21,-10163000000,313.18,205.45
2025-12-28,HUM,10.69,126362001000.0,24.21,None,0.466,154.0,,None,4673000000,4673000000,,,,,,,,,33000000,133012000,None,11646671000,11646671000,12156000000,None,920000000,1138000000,None,None,128858000,,3.54,0.0137,,,,-0.593,0.41,461029000,589887000,2.83,2020-12-31,19.23,4447000000,18890000000.0,14418127000,421714000,113231000,329000000,329000000,None,39315000,None,-24779000000,None,None,6060000000,None,2382000000,308483000,None,None,None,0.0204,,13996413000,421714000,-18365000000,-12756000000,None,1787000000,None,,,,,1.035,1.683,0.246,,,,,,,,0.0102,,2371000000,2025-11-05,annual,3.24,USD,pre-market,None,20517000000,0.0458,0.0716,0.111,1048.79,2176770000,6060000000,600000000,12554000000,258.69,259.34,14.4876,34969000000,4673000000,13394000000,21241000000,30296000000,21241000000,14418127000,13728000000,24.21,-9918000000,313.18,205.45
2025-12-28,HUM,10.69,126362001000.0,24.21,None,0.466,154.0,,None,4054000000,4054000000,,,,,,,,,33000000,134726998,None,11646671000,11646671000,9758000000,None,924000000,1056000000,None,None,128858000,,3.54,0.0137,,,,-0.593,0.41,461029000,589887000,2.83,2019-12-31,19.23,3928000000,18890000000.0,14418127000,421714000,113231000,177000000,177000000,None,39315000,None,-20944000000,None,None,4967000000,None,1469000000,308483000,None,None,None,0.0204,,13996413000,421714000,-16082000000,-10457000000,None,1141000000,None,,,,,1.035,1.683,0.246,,,,,,,,0.0102,,1955000000,2025-11-05,annual,3.24,USD,pre-market,None,17483000000,0.0458,0.0716,0.111,1048.79,2176770000,4967000000,699000000,10972000000,258.69,259.34,14.4876,29074000000,4054000000,10929000000,17037000000,25020000000,17037000000,14418127000,12037000000,24.21,-8455000000,313.18,205.45
2025-12-28,HUM,10.69,126362001000.0,24.21,None,0.466,154.0,,None,2343000000,2343000000,,,,,,,,,33000000,138402998,None,11646671000,11646671000,8148000000,None,1865000000,1015000000,None,None,128858000,,3.54,0.0137,,,,-0.593,0.41,461029000,589887000,2.83,2018-12-31,19.23,3897000000,18890000000.0,14418127000,421714000,113231000,245000000,245000000,None,39315000,None,-3564000000,None,None,4375000000,None,1458000000,308483000,None,None,None,0.0204,,13996413000,421714000,-1015000000,8100000000,None,800000000,None,,,,,1.035,1.683,0.246,,,,,,,,0.0102,,1735000000,2025-11-05,annual,3.24,USD,pre-market,None,15072000000,0.0458,0.0716,0.111,1048.79,2176770000,4375000000,1694000000,10026000000,258.69,259.34,14.4876,25413000000,2343000000,10077000000,15252000000,23070000000,15252000000,14418127000,10161000000,24.21,-7320000000,313.18,205.45
2025-12-28,HUM,10.69,126362001000.0,24.21,None,0.466,154.0,,None,4042000000,4042000000,,,,,,,,,33000000,145584998,None,11646671000,11646671000,11660000000,None,291000000,854000000,None,None,128858000,,3.54,0.0137,,,,-0.593,0.41,461029000,589887000,2.83,2017-12-31,19.23,3281000000,18890000000.0,14418127000,421714000,113231000,226000000,226000000,None,39315000,None,0,None,None,4770000000,None,2745000000,308483000,None,None,None,0.0204,,13996413000,421714000,-854000000,-140000000,None,3160000000,None,,,,,1.035,1.683,0.246,,,,,,,,0.0102,,1584000000,2025-11-05,annual,3.24,USD,pre-market,None,13670000000,0.0458,0.0716,0.111,1048.79,2176770000,4770000000,150000000,9557000000,258.69,259.34,14.4876,27178000000,4042000000,9406000000,17336000000,23136000000,17336000000,14418127000,9842000000,24.21,-6325000000,313.18,205.45
2025-12-28,HUM,10.69,126362001000.0,24.21,None,0.466,154.0,,None,3877000000,3877000000,,,,,,,,,33000000,150916998,None,11646671000,11646671000,9864000000,None,512000000,1280000000,None,None,128858000,,3.54,0.0137,,,,-0.593,0.41,461029000,589887000,2.83,2016-12-31,19.23,3272000000,18890000000.0,14418127000,421714000,113231000,280000000,280000000,None,39315000,None,0,None,None,3792000000,None,2203000000,308483000,None,None,None,0.0204,,13996413000,421714000,-1280000000,7242000000,None,3097000000,None,,,,,1.035,1.683,0.246,,,,,,,,0.0102,,1505000000,2025-11-05,annual,3.24,USD,pre-market,None,11454000000,0.0458,0.0716,0.111,1048.79,2176770000,3792000000,300000000,7595000000,258.69,259.34,14.4876,25396000000,3877000000,7822000000,14711000000,21519000000,14711000000,14418127000,10685000000,24.21,-3298000000,313.18,205.45
2025-12-28,HUM,10.69,126362001000.0,24.21,None,0.466,154.0,,None,2571000000,2571000000,,,,,,,,,33000000,151141998,None,11646671000,11646671000,9339000000,None,4394000000,1161000000,None,None,128858000,,3.54,0.0137,,,,-0.593,0.41,461029000,589887000,2.83,2015-12-31,19.23,3265000000,18890000000.0,14418127000,421714000,113231000,357000000,357000000,None,39315000,None,0,None,None,3821000000,None,1843000000,308483000,None,None,None,0.0204,,13996413000,421714000,-1161000000,-663000000,None,2386000000,None,,,,,1.035,1.683,0.246,,,,,,,,0.0102,,1384000000,2025-11-05,annual,3.24,USD,pre-market,None,11017000000,0.0458,0.0716,0.111,1048.79,2176770000,3794000000,299000000,7267000000,258.69,259.34,14.4876,24678000000,2571000000,10538000000,14332000000,22107000000,14332000000,14418127000,10346000000,24.21,-3292000000,313.18,205.45
2025-12-28,HUM,10.69,126362001000.0,24.21,None,0.466,154.0,,None,1935000000,1935000000,,,,,,,,,33000000,155873998,None,11646671000,11646671000,9009000000,None,4159000000,1053000000,None,None,128858000,,3.54,0.0137,,,,-0.593,0.41,461029000,589887000,2.83,2014-12-31,19.23,3231000000,18890000000.0,14418127000,421714000,113231000,440000000,440000000,None,39315000,None,0,None,None,3825000000,None,1949000000,308483000,None,None,None,0.0204,,13996413000,421714000,-1053000000,-361000000,None,2640000000,None,,,,,1.035,1.683,0.246,,,,,,,,0.0102,,1419000000,2025-11-05,annual,3.24,USD,pre-market,None,9916000000,0.0458,0.0716,0.111,1048.79,2176770000,3825000000,334000000,7598000000,258.69,259.34,14.4876,23527000000,1935000000,9995000000,13881000000,21592000000,13881000000,14418127000,9646000000,24.21,-2856000000,313.18,205.45
2025-12-28,HUM,10.69,126362001000.0,24.21,None,0.466,154.0,,None,1138000000,1138000000,,,,,,,,,33000000,159150998,None,11646671000,11646671000,7921000000,None,None,950000000,None,None,128858000,,3.54,0.0137,,,,-0.593,0.41,461029000,589887000,2.83,2013-12-31,19.23,3733000000,18890000000.0,14418127000,421714000,113231000,693000000,693000000,None,39315000,None,0,None,None,2600000000,None,1710000000,308483000,None,None,None,0.0204,,13996413000,421714000,-950000000,6117000000,None,2496000000,None,,,,,1.035,1.683,0.246,,,,,,,,0.0102,,1218000000,2025-11-05,annual,3.24,USD,pre-market,None,8942000000,0.0458,0.0716,0.111,1048.79,2176770000,2600000000,403000000,8090000000,258.69,259.34,14.4876,20735000000,1138000000,6323000000,11419000000,19597000000,11419000000,14418127000,9316000000,24.21,-2084000000,313.18,205.45
2025-12-28,HUM,10.69,126362001000.0,24.21,None,0.466,154.0,,None,1306000000,1306000000,,,,,,,,,32000000,163456998,None,11646671000,11646671000,7679000000,None,None,733000000,None,None,128858000,,3.54,0.0137,,,,-0.593,0.41,461029000,589887000,2.83,2012-12-31,19.23,3640000000,18890000000.0,14418127000,421714000,113231000,731000000,731000000,None,39315000,None,0,None,None,2611000000,None,1846000000,308483000,None,None,None,0.0204,,13996413000,421714000,9671000000,-8003000000,None,2146000000,None,,,,,1.035,1.683,0.246,,,,,,,,0.0102,,1098000000,2025-11-05,annual,3.24,USD,pre-market,None,7881000000,0.0458,0.0716,0.111,1048.79,2176770000,2935000000,324000000,8001000000,258.69,259.34,14.4876,19979000000,11710000000,8521000000,2611000000,5618000000,2611000000,14418127000,8847000000,24.21,-1553000000,313.18,205.45
2025-12-28,HUM,10.69,126362001000.0,24.21,None,0.466,154.0,,None,1377000000,1377000000,,,,,,,,,32000000,167826998,None,11646671000,11646671000,7200000000,None,None,1034000000,None,None,128858000,,3.54,0.0137,,,,-0.593,0.41,461029000,589887000,2.83,2011-12-31,19.23,2740000000,18890000000.0,14418127000,421714000,113231000,435000000,435000000,None,39315000,None,0,None,None,1659000000,None,1710000000,308483000,None,None,None,0.0204,,13996413000,421714000,1027000000,-1450000000,None,3754000000,None,,,,,1.035,1.683,0.246,,,,,,,,0.0102,,912000000,2025-11-05,annual,3.24,USD,pre-market,None,6825000000,0.0458,0.0716,0.111,1048.79,2176770000,1965000000,306000000,7743000000,258.69,259.34,14.4876,17708000000,11181000000,6056000000,9645000000,6527000000,1659000000,14418127000,8063000000,24.21,-1035000000,313.18,205.45
2025-12-28,HUM,10.69,126362001000.0,24.21,None,0.466,154.0,,None,1673137000,1673137000,,,,,,,,,31707000,169797998,None,11646671000,11646671000,1681000000,None,None,959000000,None,None,128858000,,3.54,0.0137,,,,-0.593,0.41,461029000,589887000,2.83,2010-12-31,19.23,2567809000,18890000000.0,14418127000,421714000,113231000,399474000,399474000,None,39315000,None,0,None,None,1668849000,None,None,308483000,None,None,None,0.0204,,13996413000,421714000,632795000,3468831000,None,1765722000,None,,,,,1.035,1.683,0.246,,,,,,,,0.0102,,815337000,2025-11-05,annual,3.24,USD,pre-market,None,5529001000,0.0458,0.0716,0.111,1048.79,2176770000,2078234000,409385000,6872767000,258.69,259.34,14.4876,16103253000,10137699000,5744626000,9179197000,5965554000,1669000000,14418127000,6924056000,24.21,-494443000,313.18,205.45
2025-12-28,HUM,10.69,126362001000.0,24.21,None,0.466,154.0,,None,1613588000,1613588000,,,,,,,,,31634000,169070998,None,11646671000,11646671000,1307710000,None,None,823620000,None,None,128858000,,3.54,0.0137,,,,-0.593,0.41,461029000,589887000,2.83,2009-12-31,19.23,1992924000,18890000000.0,14418127000,421714000,113231000,243468000,243468000,None,39315000,None,0,None,None,1678166000,None,1307088000,308483000,None,None,None,0.0204,,13996413000,421714000,625546000,3577818000,None,1439333000,None,,,,,1.035,1.683,0.246,,,,,,,,0.0102,,679142000,2025-11-05,annual,3.24,USD,pre-market,None,4429611000,0.0458,0.0716,0.111,1048.79,2176770000,2052630000,374464000,6190062000,258.69,259.34,14.4876,14153494000,9252816000,5259992000,8377491000,2672066000,1678000000,14418127000,5776003000,24.21,-385898000,313.18,205.45
2025-12-28,HUM,10.69,126362001000.0,24.21,None,0.466,154.0,,None,1970423000,1970423000,,,,,,,,,31309000,168969711,None,11646671000,11646671000,1077027000,None,None,789682000,None,None,128858000,,3.54,0.0137,,,,-0.593,0.41,461029000,589887000,2.83,2008-12-31,19.23,1963111000,18890000000.0,14418127000,421714000,113231000,301288000,301288000,None,39315000,None,None,None,None,1937032000,None,None,308483000,None,None,None,0.0204,,13996413000,421714000,1432399000,3882376000,None,None,None,,,,,1.035,1.683,0.246,,,,,,,,0.0102,,711492000,2025-11-05,annual,3.24,USD,pre-market,None,3389936000,0.0458,0.0716,0.111,1048.79,2176770000,2161574000,224542000,4203538000,258.69,259.34,14.4876,13041760000,8396042000,5183945000,8584570000,2674603000,1937000000,14418127000,4457190000,24.21,-363057000,313.18,205.45
2025-12-28,HUM,10.69,126362001000.0,24.21,None,0.466,154.0,,None,2040453000,2040453000,,,,,,,,,31123000,169819998,None,11646671000,11646671000,1268963000,None,None,605541000,None,None,128858000,,3.54,0.0137,,,,-0.593,0.41,461029000,589887000,2.83,2007-12-31,19.23,1663939000,18890000000.0,14418127000,421714000,113231000,236773000,236773000,None,39315000,None,None,None,None,1687823000,None,None,308483000,None,None,None,0.0204,,13996413000,421714000,2451535000,4253662000,None,None,None,,,,,1.035,1.683,0.246,,,,,,,,0.0102,,637241000,2025-11-05,annual,3.24,USD,pre-market,None,2742782000,0.0458,0.0716,0.111,1048.79,2176770000,1957049000,269226000,3635317000,258.69,259.34,14.4876,12879074000,8732846000,5791851000,8850137000,2301180000,1688000000,14418127000,4028937000,24.21,-256987000,313.18,205.45
2025-12-28,HUM,10.69,126362001000.0,24.21,None,0.466,154.0,,None,1740304000,1740304000,,,,,,,,,30491000,168076895,None,11646671000,11646671000,-155298000,None,None,680941000,None,None,128858000,,3.54,0.0137,,,,-0.593,0.41,461029000,589887000,2.83,2006-12-31,19.23,1310631000,18890000000.0,14418127000,421714000,113231000,95656000,95656000,None,39315000,None,None,None,None,1269100000,None,None,308483000,None,None,None,0.0204,,13996413000,421714000,1719455000,4742909000,None,None,None,,,,,1.035,1.683,0.246,,,,,,,,0.0102,,545004000,2025-11-05,annual,3.24,USD,pre-market,None,1909098000,0.0458,0.0716,0.111,1048.79,2176770000,1562705000,293605000,3192273000,258.69,259.34,14.4876,10127496000,7332973000,5191812000,7073610000,1717976000,1269000000,14418127000,3053886000,24.21,-229575000,313.18,205.45
2025-12-28,HUM,10.69,126362001000.0,24.21,None,0.466,154.0,,None,732016000,732016000,,,,,,,,,29843000,164964169,None,11646671000,11646671000,-120489000,None,None,738652000,None,None,128858000,,3.54,0.0137,,,,-0.593,0.41,461029000,589887000,2.83,2005-12-31,19.23,1264575000,18890000000.0,14418127000,421714000,113231000,104015000,104015000,None,39315000,None,None,None,None,513790000,None,None,308483000,None,None,None,0.0204,,13996413000,421714000,380614000,2517842000,None,None,None,,,,,1.035,1.683,0.246,,,,,,,,0.0102,,484412000,2025-11-05,annual,3.24,USD,pre-market,None,1538306000,0.0458,0.0716,0.111,1048.79,2176770000,1095049000,581259000,2354904000,258.69,259.34,14.4876,6869614000,4206186000,3219590000,4395509000,1748987000,514000000,14418127000,2474105000,24.21,-203364000,313.18,205.45
2025-12-28,HUM,10.69,126362001000.0,24.21,None,0.466,154.0,135000000,None,732016000,732016000,-603000000,980000000,None,None,None,None,None,None,29843000,164964169,None,11646671000,11646671000,-120489000,None,None,738652000,None,None,128858000,204000000,3.54,0.0137,107000000,107000000,None,-0.593,0.41,461029000,589887000,2.83,2025-09-30,19.23,1264575000,18890000000.0,14418127000,421714000,113231000,104015000,104015000,None,39315000,None,None,None,None,513790000,None,None,194000000,None,None,None,0.0204,971000000,13996413000,421714000,380614000,2517842000,None,None,None,None,None,None,None,1.035,1.683,0.246,None,None,None,None,None,-109000000,None,0.0102,None,484412000,2025-11-05,quarterly,3.24,USD,pre-market,None,1538306000,0.0458,0.0716,0.111,1048.79,2176770000,1095049000,581259000,2354904000,258.69,259.34,14.4876,6869614000,4206186000,3219590000,4395509000,1748987000,514000000,14418127000,2474105000,24.21,-203364000,313.18,205.45
2025-12-28,HUM,10.69,126362001000.0,24.21,None,0.466,154.0,114000000,None,732016000,732016000,-1828000000,347000000,None,None,None,None,None,None,29843000,164964169,None,11646671000,11646671000,-120489000,None,None,738652000,None,None,128858000,211000000,3.54,0.0137,106000000,106000000,None,-0.593,0.41,461029000,589887000,2.83,2025-06-30,19.23,1264575000,18890000000.0,14418127000,421714000,113231000,104015000,104015000,None,39315000,None,None,None,None,513790000,None,None,543000000,None,None,None,0.0204,1271000000,13996413000,421714000,380614000,2517842000,None,None,None,None,None,None,None,1.035,1.683,0.246,None,None,None,None,None,-100000000,None,0.0102,None,484412000,2025-11-05,quarterly,3.24,USD,pre-market,None,1538306000,0.0458,0.0716,0.111,1048.79,2176770000,1095049000,581259000,2354904000,258.69,259.34,14.4876,6869614000,4206186000,3219590000,4395509000,1748987000,514000000,14418127000,2474105000,24.21,-203364000,313.18,205.45
2025-12-28,HUM,10.69,126362001000.0,24.21,None,0.466,154.0,95000000,None,732016000,732016000,1384000000,314000000,None,None,None,None,None,None,29843000,164964169,None,11646671000,11646671000,-120489000,None,None,738652000,None,None,128858000,215000000,3.54,0.0137,108000000,108000000,None,-0.593,0.41,461029000,589887000,2.83,2025-03-31,19.23,1264575000,18890000000.0,14418127000,421714000,113231000,104015000,104015000,None,39315000,None,None,None,None,513790000,None,None,1242000000,None,None,None,0.0204,331000000,13996413000,421714000,380614000,2517842000,None,None,None,None,None,None,None,1.035,1.683,0.246,None,None,None,None,None,-9000000,None,0.0102,None,484412000,2025-11-05,quarterly,3.24,USD,pre-market,None,1538306000,0.0458,0.0716,0.111,1048.79,2176770000,1095049000,581259000,2354904000,258.69,259.34,14.4876,6869614000,4206186000,3219590000,4395509000,1748987000,514000000,14418127000,2474105000,24.21,-203364000,313.18,205.45
2025-12-28,HUM,10.69,126362001000.0,24.21,None,0.466,154.0,154000000,None,732016000,732016000,-2304000000,-63000000,None,None,None,None,None,None,29843000,164964169,None,11646671000,11646671000,-120489000,None,None,738652000,None,None,128858000,240000000,3.54,0.0137,108000000,108000000,None,-0.593,0.41,461029000,589887000,2.83,2024-12-31,19.23,1264575000,18890000000.0,14418127000,421714000,113231000,104015000,104015000,None,39315000,None,None,None,None,513790000,None,None,-686000000,None,None,None,0.0204,-528000000,13996413000,421714000,380614000,2517842000,None,None,None,None,None,None,None,1.035,1.683,0.246,None,None,None,None,None,-49000000,None,0.0102,None,484412000,2025-11-05,quarterly,3.24,USD,pre-market,None,1538306000,0.0458,0.0716,0.111,1048.79,2176770000,1095049000,581259000,2354904000,258.69,259.34,14.4876,6869614000,4206186000,3219590000,4395509000,1748987000,514000000,14418127000,2474105000,24.21,-203364000,313.18,205.45
2025-12-28,HUM,10.69,126362001000.0,24.21,None,0.466,154.0,130000000,None,732016000,732016000,-770000000,-1473000000,None,None,None,None,None,None,29843000,164964169,None,11646671000,11646671000,-120489000,None,None,738652000,None,None,128858000,243000000,3.54,0.0137,107000000,107000000,None,-0.593,0.41,461029000,589887000,2.83,2024-09-30,19.23,1264575000,18890000000.0,14418127000,421714000,113231000,104015000,104015000,None,39315000,None,None,None,None,513790000,None,None,480000000,None,None,None,0.0204,1858000000,13996413000,421714000,380614000,2517842000,None,None,None,None,None,None,None,1.035,1.683,0.246,None,None,None,None,None,-2000000,None,0.0102,None,484412000,2025-11-05,quarterly,3.24,USD,pre-market,None,1538306000,0.0458,0.0716,0.111,1048.79,2176770000,1095049000,581259000,2354904000,258.69,259.34,14.4876,6869614000,4206186000,3219590000,4395509000,1748987000,514000000,14418127000,2474105000,24.21,-203364000,313.18,205.45
2025-12-28,HUM,10.69,126362001000.0,24.21,None,0.466,154.0,114000000,None,732016000,732016000,-620000000,-1002000000,None,None,None,None,None,None,29843000,164964169,None,11646671000,11646671000,-120489000,None,None,738652000,None,None,128858000,243000000,3.54,0.0137,107000000,107000000,None,-0.593,0.41,461029000,589887000,2.83,2024-06-30,19.23,1264575000,18890000000.0,14418127000,421714000,113231000,104015000,104015000,None,39315000,None,None,None,None,513790000,None,None,678000000,None,None,None,0.0204,1213000000,13996413000,421714000,380614000,2517842000,None,None,None,None,None,None,None,1.035,1.683,0.246,None,None,None,None,None,-49000000,None,0.0102,None,484412000,2025-11-05,quarterly,3.24,USD,pre-market,None,1538306000,0.0458,0.0716,0.111,1048.79,2176770000,1095049000,581259000,2354904000,258.69,259.34,14.4876,6869614000,4206186000,3219590000,4395509000,1748987000,514000000,14418127000,2474105000,24.21,-203364000,313.18,205.45
2025-12-28,HUM,10.69,126362001000.0,24.21,None,0.466,154.0,177000000,None,732016000,732016000,1207000000,-414000000,None,None,None,None,None,None,29843000,164964169,None,11646671000,11646671000,-120489000,None,None,738652000,None,None,128858000,242000000,3.54,0.0137,109000000,109000000,None,-0.593,0.41,461029000,589887000,2.83,2024-03-31,19.23,1264575000,18890000000.0,14418127000,421714000,113231000,104015000,104015000,None,39315000,None,None,None,None,513790000,None,None,739000000,None,None,None,0.0204,423000000,13996413000,421714000,380614000,2517842000,None,None,None,None,None,None,None,1.035,1.683,0.246,None,None,None,None,None,-717000000,None,0.0102,None,484412000,2025-11-05,quarterly,3.24,USD,pre-market,None,1538306000,0.0458,0.0716,0.111,1048.79,2176770000,1095049000,581259000,2354904000,258.69,259.34,14.4876,6869614000,4206186000,3219590000,4395509000,1748987000,514000000,14418127000,2474105000,24.21,-203364000,313.18,205.45
2025-12-28,HUM,10.69,126362001000.0,24.21,None,0.466,154.0,283000000,None,732016000,732016000,-2438000000,-882000000,None,None,-775000000,None,None,None,29843000,164964169,None,11646671000,11646671000,-120489000,None,None,738652000,None,None,128858000,238000000,3.54,0.0137,111000000,111000000,None,-0.593,0.41,461029000,589887000,2.83,2023-12-31,19.23,1264575000,18890000000.0,14418127000,421714000,113231000,104015000,104015000,None,39315000,None,None,None,None,513790000,None,None,-540000000,None,None,None,0.0204,-7134000000,13996413000,421714000,380614000,2517842000,None,None,None,None,None,None,None,1.035,1.683,0.246,None,None,None,None,None,-571000000,None,0.0102,None,484412000,2025-11-05,quarterly,3.24,USD,pre-market,None,1538306000,0.0458,0.0716,0.111,1048.79,2176770000,1095049000,581259000,2354904000,258.69,259.34,14.4876,6869614000,4206186000,3219590000,4395509000,1748987000,514000000,14418127000,2474105000,24.21,-203364000,313.18,205.45
2025-12-28,HUM,10.69,126362001000.0,24.21,None,0.466,154.0,234000000,None,732016000,732016000,-1733000000,-2610000000,None,None,395000000,None,None,None,29843000,164964169,None,11646671000,11646671000,-120489000,None,None,738652000,None,None,128858000,235000000,3.54,0.0137,109000000,109000000,None,-0.593,0.41,461029000,589887000,2.83,2023-09-30,19.23,1264575000,18890000000.0,14418127000,421714000,113231000,104015000,104015000,None,39315000,None,None,None,None,513790000,None,None,830000000,None,None,None,0.0204,1252000000,13996413000,421714000,380614000,2517842000,None,None,None,None,None,None,None,1.035,1.683,0.246,None,None,None,None,None,-379000000,None,0.0102,None,484412000,2025-11-05,quarterly,3.24,USD,pre-market,None,1538306000,0.0458,0.0716,0.111,1048.79,2176770000,1095049000,581259000,2354904000,258.69,259.34,14.4876,6869614000,4206186000,3219590000,4395509000,1748987000,514000000,14418127000,2474105000,24.21,-203364000,313.18,205.45
2025-12-28,HUM,10.69,126362001000.0,24.21,None,0.466,154.0,264000000,None,732016000,732016000,36000000,-733000000,2479000000,None,-1702000000,None,None,1702000000,29843000,164964169,None,11646671000,11646671000,-120489000,None,None,738652000,None,None,128858000,226000000,3.54,0.0137,111000000,111000000,None,-0.593,0.41,461029000,589887000,2.83,2023-06-30,19.23,1264575000,18890000000.0,14418127000,421714000,113231000,104015000,104015000,None,39315000,None,None,None,None,513790000,None,None,956000000,None,None,None,0.0204,3176000000,13996413000,421714000,380614000,2517842000,None,None,None,None,None,None,None,1.035,1.683,0.246,None,None,None,None,None,-529000000,None,0.0102,None,484412000,2025-11-05,quarterly,3.24,USD,pre-market,None,1538306000,0.0458,0.0716,0.111,1048.79,2176770000,1095049000,581259000,2354904000,258.69,259.34,14.4876,6869614000,4206186000,3219590000,4395509000,1748987000,514000000,14418127000,2474105000,24.21,-203364000,313.18,205.45
2025-12-28,HUM,10.69,126362001000.0,24.21,None,0.466,154.0,223000000,None,732016000,732016000,3279000000,-1292000000,8674000000,None,None,None,None,-1433000000,29843000,164964169,None,11646671000,11646671000,-120489000,None,None,738652000,None,None,128858000,218000000,3.54,0.0137,100000000,100000000,None,-0.593,0.41,461029000,589887000,2.83,2023-03-31,19.23,1264575000,18890000000.0,14418127000,421714000,113231000,104015000,104015000,None,39315000,None,None,None,None,513790000,None,None,1238000000,None,None,None,0.0204,6687000000,13996413000,421714000,380614000,2517842000,None,None,None,None,None,None,None,1.035,1.683,0.246,None,None,None,None,None,-94000000,None,0.0102,None,484412000,2025-11-05,quarterly,3.24,USD,pre-market,None,1538306000,0.0458,0.0716,0.111,1048.79,2176770000,1095049000,581259000,2354904000,258.69,259.34,14.4876,6869614000,4206186000,3219590000,4395509000,1748987000,514000000,14418127000,2474105000,24.21,-203364000,313.18,205.45
2025-12-28,HUM,10.69,126362001000.0,24.21,None,0.466,154.0,258000000,None,732016000,732016000,-2358000000,-1006000000,-8497000000,None,None,None,None,-65000000,29843000,164964169,None,11646671000,11646671000,-120489000,None,None,738652000,None,None,128858000,217000000,3.54,0.0137,101000000,101000000,None,-0.593,0.41,461029000,589887000,2.83,2022-12-31,19.23,1264575000,18890000000.0,14418127000,421714000,113231000,104015000,104015000,None,39315000,None,None,None,None,513790000,None,None,-18000000,None,None,None,0.0204,-5127000000,13996413000,421714000,380614000,2517842000,None,None,None,None,None,None,None,1.035,1.683,0.246,None,None,None,None,None,-1064000000,None,0.0102,None,484412000,2025-11-05,quarterly,3.24,USD,pre-market,None,1538306000,0.0458,0.0716,0.111,1048.79,2176770000,1095049000,581259000,2354904000,258.69,259.34,14.4876,6869614000,4206186000,3219590000,4395509000,1748987000,514000000,14418127000,2474105000,24.21,-203364000,313.18,205.45
2025-12-28,HUM,10.69,126362001000.0,24.21,None,0.466,154.0,288000000,None,732016000,732016000,-1791000000,1676000000,8338000000,None,-1744000000,None,None,1744000000,29843000,164964169,None,11646671000,11646671000,-120489000,None,None,738652000,None,None,128858000,214000000,3.54,0.0137,100000000,100000000,None,-0.593,0.41,461029000,589887000,2.83,2022-09-30,19.23,1264575000,18890000000.0,14418127000,421714000,113231000,104015000,104015000,None,39315000,None,None,None,None,513790000,None,None,1193000000,None,None,None,0.0204,8453000000,13996413000,421714000,380614000,2517842000,None,None,None,None,None,None,None,1.035,1.683,0.246,None,None,None,None,None,-4000000,None,0.0102,None,484412000,2025-11-05,quarterly,3.24,USD,pre-market,None,1538306000,0.0458,0.0716,0.111,1048.79,2176770000,1095049000,581259000,2354904000,258.69,259.34,14.4876,6869614000,4206186000,3219590000,4395509000,1748987000,514000000,14418127000,2474105000,24.21,-203364000,313.18,205.45
2025-12-28,HUM,10.69,126362001000.0,24.21,None,0.466,154.0,279000000,None,732016000,732016000,419000000,-1022000000,356000000,None,None,None,None,-373000000,29843000,164964169,None,11646671000,11646671000,-120489000,None,None,738652000,None,None,128858000,209000000,3.54,0.0137,100000000,100000000,None,-0.593,0.41,461029000,589887000,2.83,2022-06-30,19.23,1264575000,18890000000.0,14418127000,421714000,113231000,104015000,104015000,None,39315000,None,None,None,None,513790000,None,None,697000000,None,None,None,0.0204,959000000,13996413000,421714000,380614000,2517842000,None,None,None,None,None,None,None,1.035,1.683,0.246,None,None,None,None,None,-4000000,None,0.0102,None,484412000,2025-11-05,quarterly,3.24,USD,pre-market,None,1538306000,0.0458,0.0716,0.111,1048.79,2176770000,1095049000,581259000,2354904000,258.69,259.34,14.4876,6869614000,4206186000,3219590000,4395509000,1748987000,514000000,14418127000,2474105000,24.21,-203364000,313.18,205.45
2025-12-28,HUM,10.69,126362001000.0,24.21,None,0.466,154.0,295000000,None,732016000,732016000,1816000000,-648000000,1470000000,None,1360000000,None,None,-1360000000,29843000,164964169,None,11646671000,11646671000,-120489000,None,None,738652000,None,None,128858000,205000000,3.54,0.0137,91000000,91000000,None,-0.593,0.41,461029000,589887000,2.83,2022-03-31,19.23,1264575000,18890000000.0,14418127000,421714000,113231000,104015000,104015000,None,39315000,None,None,None,None,513790000,None,None,930000000,None,None,None,0.0204,302000000,13996413000,421714000,380614000,2517842000,None,None,None,None,None,None,None,1.035,1.683,0.246,None,None,None,None,None,-1024000000,None,0.0102,None,484412000,2025-11-05,quarterly,3.24,USD,pre-market,None,1538306000,0.0458,0.0716,0.111,1048.79,2176770000,1095049000,581259000,2354904000,258.69,259.34,14.4876,6869614000,4206186000,3219590000,4395509000,1748987000,514000000,14418127000,2474105000,24.21,-203364000,313.18,205.45
2025-12-28,HUM,10.69,126362001000.0,24.21,None,0.466,154.0,371000000,None,732016000,732016000,-712000000,-102000000,-910000000,None,-1005000000,None,None,14000000,29843000,164964169,None,11646671000,11646671000,-120489000,None,None,738652000,None,None,128858000,194000000,3.54,0.0137,91000000,91000000,None,-0.593,0.41,461029000,589887000,2.83,2021-12-31,19.23,1264575000,18890000000.0,14418127000,421714000,113231000,104015000,104015000,None,39315000,None,None,None,None,513790000,None,None,-13000000,None,None,None,0.0204,-96000000,13996413000,421714000,380614000,2517842000,None,None,None,None,None,None,None,1.035,1.683,0.246,None,None,None,None,None,-43000000,None,0.0102,None,484412000,2025-11-05,quarterly,3.24,USD,pre-market,None,1538306000,0.0458,0.0716,0.111,1048.79,2176770000,1095049000,581259000,2354904000,258.69,259.34,14.4876,6869614000,4206186000,3219590000,4395509000,1748987000,514000000,14418127000,2474105000,24.21,-203364000,313.18,205.45
2025-12-28,HUM,10.69,126362001000.0,24.21,None,0.466,154.0,326000000,None,732016000,732016000,2342000000,-4251000000,926000000,None,None,None,None,991000000,29843000,164964169,None,11646671000,11646671000,-120489000,None,None,738652000,None,None,128858000,181000000,3.54,0.0137,90000000,90000000,None,-0.593,0.41,461029000,589887000,2.83,2021-09-30,19.23,1264575000,18890000000.0,14418127000,421714000,113231000,104015000,104015000,None,39315000,None,None,None,None,513790000,None,None,1531000000,None,None,None,0.0204,2835000000,13996413000,421714000,380614000,2517842000,None,None,None,None,None,None,None,1.035,1.683,0.246,None,None,None,None,None,-3000000,None,0.0102,None,484412000,2025-11-05,quarterly,3.24,USD,pre-market,None,1538306000,0.0458,0.0716,0.111,1048.79,2176770000,1095049000,581259000,2354904000,258.69,259.34,14.4876,6869614000,4206186000,3219590000,4395509000,1748987000,514000000,14418127000,2474105000,24.21,-203364000,313.18,205.45
2025-12-28,HUM,10.69,126362001000.0,24.21,None,0.466,154.0,329000000,None,732016000,732016000,-144000000,-715000000,-499000000,None,None,None,None,-236000000,29843000,164964169,None,11646671000,11646671000,-120489000,None,None,738652000,None,None,128858000,170000000,3.54,0.0137,90000000,90000000,None,-0.593,0.41,461029000,589887000,2.83,2021-06-30,19.23,1264575000,18890000000.0,14418127000,421714000,113231000,104015000,104015000,None,39315000,None,None,None,None,513790000,None,None,588000000,None,None,None,0.0204,360000000,13996413000,421714000,380614000,2517842000,None,None,None,None,None,None,None,1.035,1.683,0.246,None,None,None,None,None,-3000000,None,0.0102,None,484412000,2025-11-05,quarterly,3.24,USD,pre-market,None,1538306000,0.0458,0.0716,0.111,1048.79,2176770000,1095049000,581259000,2354904000,258.69,259.34,14.4876,6869614000,4206186000,3219590000,4395509000,1748987000,514000000,14418127000,2474105000,24.21,-203364000,313.18,205.45
2025-12-28,HUM,10.69,126362001000.0,24.21,None,0.466,154.0,290000000,None,732016000,732016000,1529000000,-1488000000,-796000000,None,None,None,None,-1049000000,29843000,164964169,None,11646671000,11646671000,-120489000,None,None,738652000,None,None,128858000,168000000,3.54,0.0137,83000000,83000000,None,-0.593,0.41,461029000,589887000,2.83,2021-03-31,19.23,1264575000,18890000000.0,14418127000,421714000,113231000,104015000,104015000,None,39315000,None,None,None,None,513790000,None,None,828000000,None,None,None,0.0204,-837000000,13996413000,421714000,380614000,2517842000,None,None,None,None,None,None,None,1.035,1.683,0.246,None,None,None,None,None,-30000000,None,0.0102,None,484412000,2025-11-05,quarterly,3.24,USD,pre-market,None,1538306000,0.0458,0.0716,0.111,1048.79,2176770000,1095049000,581259000,2354904000,258.69,259.34,14.4876,6869614000,4206186000,3219590000,4395509000,1748987000,514000000,14418127000,2474105000,24.21,-203364000,313.18,205.45
2025-12-28,HUM,10.69,126362001000.0,24.21,None,0.466,154.0,296000000,None,732016000,732016000,-3540000000,-55000000,-3312000000,None,None,None,None,-3000000,29843000,164964169,None,11646671000,11646671000,-120489000,None,None,738652000,None,None,128858000,160000000,3.54,0.0137,84000000,84000000,None,-0.593,0.41,461029000,589887000,2.83,2020-12-31,19.23,1264575000,18890000000.0,14418127000,421714000,113231000,104015000,104015000,None,39315000,None,None,None,None,513790000,None,None,-274000000,None,None,None,0.0204,283000000,13996413000,421714000,380614000,2517842000,None,None,None,None,None,None,None,1.035,1.683,0.246,None,None,None,None,None,-1790000000,None,0.0102,None,484412000,2025-11-05,quarterly,3.24,USD,pre-market,None,1538306000,0.0458,0.0716,0.111,1048.79,2176770000,1095049000,581259000,2354904000,258.69,259.34,14.4876,6869614000,4206186000,3219590000,4395509000,1748987000,514000000,14418127000,2474105000,24.21,-203364000,313.18,205.45
2025-12-28,HUM,10.69,126362001000.0,24.21,None,0.466,154.0,250000000,None,732016000,732016000,-845000000,-148000000,822000000,None,None,None,None,1103000000,29843000,164964169,None,11646671000,11646671000,-120489000,None,None,738652000,None,None,128858000,161000000,3.54,0.0137,83000000,83000000,None,-0.593,0.41,461029000,589887000,2.83,2020-09-30,19.23,1264575000,18890000000.0,14418127000,421714000,113231000,104015000,104015000,None,39315000,None,None,None,None,513790000,None,None,1340000000,None,None,None,0.0204,1815000000,13996413000,421714000,380614000,2517842000,None,None,None,None,None,None,None,1.035,1.683,0.246,None,None,None,None,None,-5000000,None,0.0102,None,484412000,2025-11-05,quarterly,3.24,USD,pre-market,None,1538306000,0.0458,0.0716,0.111,1048.79,2176770000,1095049000,581259000,2354904000,258.69,259.34,14.4876,6869614000,4206186000,3219590000,4395509000,1748987000,514000000,14418127000,2474105000,24.21,-203364000,313.18,205.45
2025-12-28,HUM,10.69,126362001000.0,24.21,None,0.466,154.0,226000000,None,732016000,732016000,-306000000,-1652000000,1109000000,None,None,None,None,-232000000,29843000,164964169,None,11646671000,11646671000,-120489000,None,None,738652000,None,None,128858000,150000000,3.54,0.0137,83000000,83000000,None,-0.593,0.41,461029000,589887000,2.83,2020-06-30,19.23,1264575000,18890000000.0,14418127000,421714000,113231000,104015000,104015000,None,39315000,None,None,None,None,513790000,None,None,1828000000,None,None,None,0.0204,3067000000,13996413000,421714000,380614000,2517842000,None,None,None,None,None,None,None,1.035,1.683,0.246,None,None,None,None,None,-8000000,None,0.0102,None,484412000,2025-11-05,quarterly,3.24,USD,pre-market,None,1538306000,0.0458,0.0716,0.111,1048.79,2176770000,1095049000,581259000,2354904000,258.69,259.34,14.4876,6869614000,4206186000,3219590000,4395509000,1748987000,514000000,14418127000,2474105000,24.21,-203364000,313.18,205.45
2025-12-28,HUM,10.69,126362001000.0,24.21,None,0.466,154.0,192000000,None,732016000,732016000,2736000000,-1210000000,2000000000,None,None,None,None,-953000000,29843000,164964169,None,11646671000,11646671000,-120489000,None,None,738652000,None,None,128858000,145000000,3.54,0.0137,73000000,73000000,None,-0.593,0.41,461029000,589887000,2.83,2020-03-31,19.23,1264575000,18890000000.0,14418127000,421714000,113231000,104015000,104015000,None,39315000,None,None,None,None,513790000,None,None,473000000,None,None,None,0.0204,474000000,13996413000,421714000,380614000,2517842000,None,None,None,None,None,None,None,1.035,1.683,0.246,None,None,None,None,None,-17000000,None,0.0102,None,484412000,2025-11-05,quarterly,3.24,USD,pre-market,None,1538306000,0.0458,0.0716,0.111,1048.79,2176770000,1095049000,581259000,2354904000,258.69,259.34,14.4876,6869614000,4206186000,3219590000,4395509000,1748987000,514000000,14418127000,2474105000,24.21,-203364000,313.18,205.45
2025-12-28,HUM,10.69,126362001000.0,24.21,None,0.466,154.0,230000000,None,732016000,732016000,-1184000000,-801000000,-1473000000,None,None,None,None,-211000000,29843000,164964169,None,11646671000,11646671000,-120489000,None,None,738652000,None,None,128858000,140000000,3.54,0.0137,75000000,75000000,None,-0.593,0.41,461029000,589887000,2.83,2019-12-31,19.23,1264575000,18890000000.0,14418127000,421714000,113231000,104015000,104015000,None,39315000,None,None,None,None,513790000,None,None,512000000,None,None,None,0.0204,512000000,13996413000,421714000,380614000,2517842000,None,None,None,None,None,None,None,1.035,1.683,0.246,None,None,None,None,None,-60000000,None,0.0102,None,484412000,2025-11-05,quarterly,3.24,USD,pre-market,None,1538306000,0.0458,0.0716,0.111,1048.79,2176770000,1095049000,581259000,2354904000,258.69,259.34,14.4876,6869614000,4206186000,3219590000,4395509000,1748987000,514000000,14418127000,2474105000,24.21,-203364000,313.18,205.45
2025-12-28,HUM,10.69,126362001000.0,24.21,None,0.466,154.0,210000000,None,732016000,732016000,-1127000000,-566000000,749000000,None,None,None,None,56000000,29843000,164964169,None,11646671000,11646671000,-120489000,None,None,738652000,None,None,128858000,159000000,3.54,0.0137,74000000,74000000,None,-0.593,0.41,461029000,589887000,2.83,2019-09-30,19.23,1264575000,18890000000.0,14418127000,421714000,113231000,104015000,104015000,None,39315000,None,None,None,None,513790000,None,None,689000000,None,None,None,0.0204,2442000000,13996413000,421714000,380614000,2517842000,None,None,None,None,None,None,None,1.035,1.683,0.246,None,None,None,None,None,-1000000000,None,0.0102,None,484412000,2025-11-05,quarterly,3.24,USD,pre-market,None,1538306000,0.0458,0.0716,0.111,1048.79,2176770000,1095049000,581259000,2354904000,258.69,259.34,14.4876,6869614000,4206186000,3219590000,4395509000,1748987000,514000000,14418127000,2474105000,24.21,-203364000,313.18,205.45
2025-12-28,HUM,10.69,126362001000.0,24.21,None,0.466,154.0,157000000,None,732016000,732016000,-477000000,-56000000,901000000,None,None,None,None,1063000000,29843000,164964169,None,11646671000,11646671000,-120489000,None,None,738652000,None,None,128858000,140000000,3.54,0.0137,74000000,74000000,None,-0.593,0.41,461029000,589887000,2.83,2019-06-30,19.23,1264575000,18890000000.0,14418127000,421714000,113231000,104015000,104015000,None,39315000,None,None,None,None,513790000,None,None,940000000,None,None,None,0.0204,1434000000,13996413000,421714000,380614000,2517842000,None,None,None,None,None,None,None,1.035,1.683,0.246,None,None,None,None,None,1000000,None,0.0102,None,484412000,2025-11-05,quarterly,3.24,USD,pre-market,None,1538306000,0.0458,0.0716,0.111,1048.79,2176770000,1095049000,581259000,2354904000,258.69,259.34,14.4876,6869614000,4206186000,3219590000,4395509000,1748987000,514000000,14418127000,2474105000,24.21,-203364000,313.18,205.45
2025-12-28,HUM,10.69,126362001000.0,24.21,None,0.466,154.0,139000000,None,732016000,732016000,493000000,145000000,1534000000,None,None,None,None,-940000000,29843000,164964169,None,11646671000,11646671000,-120489000,None,None,738652000,None,None,128858000,136000000,3.54,0.0137,68000000,68000000,None,-0.593,0.41,461029000,589887000,2.83,2019-03-31,19.23,1264575000,18890000000.0,14418127000,421714000,113231000,104015000,104015000,None,39315000,None,None,None,None,513790000,None,None,566000000,None,None,None,0.0204,896000000,13996413000,421714000,380614000,2517842000,None,None,None,None,None,None,None,1.035,1.683,0.246,None,None,None,None,None,-10000000,None,0.0102,None,484412000,2025-11-05,quarterly,3.24,USD,pre-market,None,1538306000,0.0458,0.0716,0.111,1048.79,2176770000,1095049000,581259000,2354904000,258.69,259.34,14.4876,6869614000,4206186000,3219590000,4395509000,1748987000,514000000,14418127000,2474105000,24.21,-203364000,313.18,205.45
2025-12-28,HUM,10.69,126362001000.0,24.21,None,0.466,154.0,176000000,None,732016000,732016000,-1019000000,-447000000,-1799000000,None,None,None,None,11000000,29843000,164964169,None,11646671000,11646671000,-120489000,None,None,738652000,None,None,128858000,134000000,3.54,0.0137,70000000,70000000,None,-0.593,0.41,461029000,589887000,2.83,2018-12-31,19.23,1264575000,18890000000.0,14418127000,421714000,113231000,104015000,104015000,None,39315000,None,None,None,None,513790000,None,None,355000000,None,None,None,0.0204,-333000000,13996413000,421714000,380614000,2517842000,None,None,None,None,None,None,None,1.035,1.683,0.246,None,None,None,None,None,-796000000,None,0.0102,None,484412000,2025-11-05,quarterly,3.24,USD,pre-market,None,1538306000,0.0458,0.0716,0.111,1048.79,2176770000,1095049000,581259000,2354904000,258.69,259.34,14.4876,6869614000,4206186000,3219590000,4395509000,1748987000,514000000,14418127000,2474105000,24.21,-203364000,313.18,205.45
2025-12-28,HUM,10.69,126362001000.0,24.21,None,0.466,154.0,164000000,None,732016000,732016000,-1281000000,-2353000000,-4689000000,None,0,None,None,408000000,29843000,164964169,None,11646671000,11646671000,-120489000,None,None,738652000,None,None,128858000,131000000,3.54,0.0137,69000000,69000000,None,-0.593,0.41,461029000,589887000,2.83,2018-09-30,19.23,1264575000,18890000000.0,14418127000,421714000,113231000,104015000,104015000,None,39315000,None,None,None,None,513790000,None,None,644000000,None,None,None,0.0204,-1055000000,13996413000,421714000,380614000,2517842000,None,None,None,None,None,None,None,1.035,1.683,0.246,None,None,None,None,None,-201000000,None,0.0102,None,484412000,2025-11-05,quarterly,3.24,USD,pre-market,None,1538306000,0.0458,0.0716,0.111,1048.79,2176770000,1095049000,581259000,2354904000,258.69,259.34,14.4876,6869614000,4206186000,3219590000,4395509000,1748987000,514000000,14418127000,2474105000,24.21,-203364000,313.18,205.45
2025-12-28,HUM,10.69,126362001000.0,24.21,None,0.466,154.0,138000000,None,732016000,732016000,-17000000,118000000,-24000000,None,0,None,None,-197000000,29843000,164964169,None,11646671000,11646671000,-120489000,None,None,738652000,None,None,128858000,130000000,3.54,0.0137,69000000,69000000,None,-0.593,0.41,461029000,589887000,2.83,2018-06-30,19.23,1264575000,18890000000.0,14418127000,421714000,113231000,104015000,104015000,None,39315000,None,None,None,None,513790000,None,None,193000000,None,None,None,0.0204,-125000000,13996413000,421714000,380614000,2517842000,None,None,None,None,None,None,None,1.035,1.683,0.246,None,None,None,None,None,-42000000,None,0.0102,None,484412000,2025-11-05,quarterly,3.24,USD,pre-market,None,1538306000,0.0458,0.0716,0.111,1048.79,2176770000,1095049000,581259000,2354904000,258.69,259.34,14.4876,6869614000,4206186000,3219590000,4395509000,1748987000,514000000,14418127000,2474105000,24.21,-203364000,313.18,205.45
2025-12-28,HUM,10.69,126362001000.0,24.21,None,0.466,154.0,134000000,None,732016000,732016000,1532000000,-405000000,4813000000,None,0,None,None,-422000000,29843000,164964169,None,11646671000,11646671000,-120489000,None,None,738652000,None,None,128858000,139000000,3.54,0.0137,57000000,57000000,None,-0.593,0.41,461029000,589887000,2.83,2018-03-31,19.23,1264575000,18890000000.0,14418127000,421714000,113231000,104015000,104015000,None,39315000,None,None,None,None,513790000,None,None,491000000,None,None,None,0.0204,3686000000,13996413000,421714000,380614000,2517842000,None,None,None,None,None,None,None,1.035,1.683,0.246,None,None,None,None,None,-51000000,None,0.0102,None,484412000,2025-11-05,quarterly,3.24,USD,pre-market,None,1538306000,0.0458,0.0716,0.111,1048.79,2176770000,1095049000,581259000,2354904000,258.69,259.34,14.4876,6869614000,4206186000,3219590000,4395509000,1748987000,514000000,14418127000,2474105000,24.21,-203364000,313.18,205.45
2025-12-28,HUM,10.69,126362001000.0,24.21,None,0.466,154.0,150000000,None,732016000,732016000,-1747000000,-1165000000,-5823000000,None,0,None,None,48000000,29843000,164964169,None,11646671000,11646671000,-120489000,None,None,738652000,None,None,128858000,128000000,3.54,0.0137,58000000,58000000,None,-0.593,0.41,461029000,589887000,2.83,2017-12-31,19.23,1264575000,18890000000.0,14418127000,421714000,113231000,104015000,104015000,None,39315000,None,None,None,None,513790000,None,None,184000000,None,None,None,0.0204,-2911000000,13996413000,421714000,380614000,2517842000,None,None,None,None,None,None,None,1.035,1.683,0.246,None,None,None,None,None,-1546000000,None,0.0102,None,484412000,2025-11-05,quarterly,3.24,USD,pre-market,None,1538306000,0.0458,0.0716,0.111,1048.79,2176770000,1095049000,581259000,2354904000,258.69,259.34,14.4876,6869614000,4206186000,3219590000,4395509000,1748987000,514000000,14418127000,2474105000,24.21,-203364000,313.18,205.45
2025-12-28,HUM,10.69,126362001000.0,24.21,None,0.466,154.0,143000000,None,732016000,732016000,-439000000,-698000000,1726000000,None,0,None,None,1508000000,29843000,164964169,None,11646671000,11646671000,-120489000,None,None,738652000,None,None,128858000,120000000,3.54,0.0137,58000000,58000000,None,-0.593,0.41,461029000,589887000,2.83,2017-09-30,19.23,1264575000,18890000000.0,14418127000,421714000,113231000,104015000,104015000,None,39315000,None,None,None,None,513790000,None,None,499000000,None,None,None,0.0204,2863000000,13996413000,421714000,380614000,2517842000,None,None,None,None,None,None,None,1.035,1.683,0.246,None,None,None,None,None,-241000000,None,0.0102,None,484412000,2025-11-05,quarterly,3.24,USD,pre-market,None,1538306000,0.0458,0.0716,0.111,1048.79,2176770000,1095049000,581259000,2354904000,258.69,259.34,14.4876,6869614000,4206186000,3219590000,4395509000,1748987000,514000000,14418127000,2474105000,24.21,-203364000,313.18,205.45
2025-12-28,HUM,10.69,126362001000.0,24.21,None,0.466,154.0,111000000,None,732016000,732016000,-28000000,-152000000,-286000000,None,0,None,None,-592000000,29843000,164964169,None,11646671000,11646671000,-120489000,None,None,738652000,None,None,128858000,119000000,3.54,0.0137,57000000,57000000,None,-0.593,0.41,461029000,589887000,2.83,2017-06-30,19.23,1264575000,18890000000.0,14418127000,421714000,113231000,104015000,104015000,None,39315000,None,None,None,None,513790000,None,None,650000000,None,None,None,0.0204,-106000000,13996413000,421714000,380614000,2517842000,None,None,None,None,None,None,None,1.035,1.683,0.246,None,None,None,None,None,-4000000,None,0.0102,None,484412000,2025-11-05,quarterly,3.24,USD,pre-market,None,1538306000,0.0458,0.0716,0.111,1048.79,2176770000,1095049000,581259000,2354904000,258.69,259.34,14.4876,6869614000,4206186000,3219590000,4395509000,1748987000,514000000,14418127000,2474105000,24.21,-203364000,313.18,205.45
2025-12-28,HUM,10.69,126362001000.0,24.21,None,0.466,154.0,122000000,None,732016000,732016000,1269000000,-926000000,4548000000,None,0,None,None,-558000000,29843000,164964169,None,11646671000,11646671000,-120489000,None,None,738652000,None,None,128858000,118000000,3.54,0.0137,47000000,47000000,None,-0.593,0.41,461029000,589887000,2.83,2017-03-31,19.23,1264575000,18890000000.0,14418127000,421714000,113231000,104015000,104015000,None,39315000,None,None,None,None,513790000,None,None,1115000000,None,None,None,0.0204,4205000000,13996413000,421714000,380614000,2517842000,None,None,None,None,None,None,None,1.035,1.683,0.246,None,None,None,None,None,-1574000000,None,0.0102,None,484412000,2025-11-05,quarterly,3.24,USD,pre-market,None,1538306000,0.0458,0.0716,0.111,1048.79,2176770000,1095049000,581259000,2354904000,258.69,259.34,14.4876,6869614000,4206186000,3219590000,4395509000,1748987000,514000000,14418127000,2474105000,24.21,-203364000,313.18,205.45
2025-12-28,HUM,10.69,126362001000.0,24.21,None,0.466,154.0,132000000,None,732016000,732016000,709000000,-828000000,-2892000000,None,0,None,None,-554000000,29843000,164964169,None,11646671000,11646671000,-120489000,None,None,738652000,None,None,128858000,117000000,3.54,0.0137,44000000,44000000,None,-0.593,0.41,461029000,589887000,2.83,2016-12-31,19.23,1264575000,18890000000.0,14418127000,421714000,113231000,104015000,104015000,None,39315000,None,None,None,None,513790000,None,None,-401000000,None,None,None,0.0204,-2773000000,13996413000,421714000,380614000,2517842000,None,None,None,None,None,None,None,1.035,1.683,0.246,None,None,None,None,None,-29000000,None,0.0102,None,484412000,2025-11-05,quarterly,3.24,USD,pre-market,None,1538306000,0.0458,0.0716,0.111,1048.79,2176770000,1095049000,581259000,2354904000,258.69,259.34,14.4876,6869614000,4206186000,3219590000,4395509000,1748987000,514000000,14418127000,2474105000,24.21,-203364000,313.18,205.45
2025-12-28,HUM,10.69,126362001000.0,24.21,None,0.466,154.0,139000000,None,732016000,732016000,74000000,-237000000,4340000000,None,0,None,None,1788000000,29843000,164964169,None,11646671000,11646671000,-120489000,None,None,738652000,None,None,128858000,117000000,3.54,0.0137,43000000,43000000,None,-0.593,0.41,461029000,589887000,2.83,2016-09-30,19.23,1264575000,18890000000.0,14418127000,421714000,113231000,104015000,104015000,None,39315000,None,None,None,None,513790000,None,None,450000000,None,None,None,0.0204,4503000000,13996413000,421714000,380614000,2517842000,None,None,None,None,None,None,None,1.035,1.683,0.246,None,None,None,None,None,-2000000,None,0.0102,None,484412000,2025-11-05,quarterly,3.24,USD,pre-market,None,1538306000,0.0458,0.0716,0.111,1048.79,2176770000,1095049000,581259000,2354904000,258.69,259.34,14.4876,6869614000,4206186000,3219590000,4395509000,1748987000,514000000,14418127000,2474105000,24.21,-203364000,313.18,205.45
2025-12-28,HUM,10.69,126362001000.0,24.21,None,0.466,154.0,131000000,None,732016000,732016000,-227000000,131000000,-372000000,None,0,None,None,-816000000,29843000,164964169,None,11646671000,11646671000,-120489000,None,None,738652000,None,None,128858000,116000000,3.54,0.0137,43000000,43000000,None,-0.593,0.41,461029000,589887000,2.83,2016-06-30,19.23,1264575000,18890000000.0,14418127000,421714000,113231000,104015000,104015000,None,39315000,None,None,None,None,513790000,None,None,331000000,None,None,None,0.0204,-276000000,13996413000,421714000,380614000,2517842000,None,None,None,None,None,None,None,1.035,1.683,0.246,None,None,None,None,None,-2000000,None,0.0102,None,484412000,2025-11-05,quarterly,3.24,USD,pre-market,None,1538306000,0.0458,0.0716,0.111,1048.79,2176770000,1095049000,581259000,2354904000,258.69,259.34,14.4876,6869614000,4206186000,3219590000,4395509000,1748987000,514000000,14418127000,2474105000,24.21,-203364000,313.18,205.45
2025-12-28,HUM,10.69,126362001000.0,24.21,None,0.466,154.0,125000000,None,732016000,732016000,176000000,-428000000,230000000,None,0,None,None,-576000000,29843000,164964169,None,11646671000,11646671000,-120489000,None,None,738652000,None,None,128858000,115000000,3.54,0.0137,47000000,47000000,None,-0.593,0.41,461029000,589887000,2.83,2016-03-31,19.23,1264575000,18890000000.0,14418127000,421714000,113231000,104015000,104015000,None,39315000,None,None,None,None,513790000,None,None,234000000,None,None,None,0.0204,482000000,13996413000,421714000,380614000,2517842000,None,None,None,None,None,None,None,1.035,1.683,0.246,None,None,None,None,None,-71000000,None,0.0102,None,484412000,2025-11-05,quarterly,3.24,USD,pre-market,None,1538306000,0.0458,0.0716,0.111,1048.79,2176770000,1095049000,581259000,2354904000,258.69,259.34,14.4876,6869614000,4206186000,3219590000,4395509000,1748987000,514000000,14418127000,2474105000,24.21,-203364000,313.18,205.45
2025-12-28,HUM,10.69,126362001000.0,24.21,None,0.466,154.0,139000000,None,732016000,732016000,934000000,-297000000,974000000,None,0,None,None,-236000000,29843000,164964169,None,11646671000,11646671000,-120489000,None,None,738652000,None,None,128858000,112000000,3.54,0.0137,43000000,43000000,None,-0.593,0.41,461029000,589887000,2.83,2015-12-31,19.23,1264575000,18890000000.0,14418127000,421714000,113231000,104015000,104015000,None,39315000,None,None,None,None,513790000,None,None,101000000,None,None,None,0.0204,337000000,13996413000,421714000,380614000,2517842000,None,None,None,None,None,None,None,1.035,1.683,0.246,None,None,None,None,None,-5000000,None,0.0102,None,484412000,2025-11-05,quarterly,3.24,USD,pre-market,None,1538306000,0.0458,0.0716,0.111,1048.79,2176770000,1095049000,581259000,2354904000,258.69,259.34,14.4876,6869614000,4206186000,3219590000,4395509000,1748987000,514000000,14418127000,2474105000,24.21,-203364000,313.18,205.45
2025-12-28,HUM,10.69,126362001000.0,24.21,None,0.466,154.0,125000000,None,732016000,732016000,-1080000000,-605000000,-653000000,None,0,None,None,1143000000,29843000,164964169,None,11646671000,11646671000,-120489000,None,None,738652000,None,None,128858000,107000000,3.54,0.0137,43000000,43000000,None,-0.593,0.41,461029000,589887000,2.83,2015-09-30,19.23,1264575000,18890000000.0,14418127000,421714000,113231000,104015000,104015000,None,39315000,None,None,None,None,513790000,None,None,314000000,None,None,None,0.0204,1032000000,13996413000,421714000,380614000,2517842000,None,None,None,None,None,None,None,1.035,1.683,0.246,None,None,None,None,None,-9000000,None,0.0102,None,484412000,2025-11-05,quarterly,3.24,USD,pre-market,None,1538306000,0.0458,0.0716,0.111,1048.79,2176770000,1095049000,581259000,2354904000,258.69,259.34,14.4876,6869614000,4206186000,3219590000,4395509000,1748987000,514000000,14418127000,2474105000,24.21,-203364000,313.18,205.45
2025-12-28,HUM,10.69,126362001000.0,24.21,None,0.466,154.0,136000000,None,732016000,732016000,-404000000,1316000000,304000000,None,0,None,None,-443000000,29843000,164964169,None,11646671000,11646671000,-120489000,None,None,738652000,None,None,128858000,114000000,3.54,0.0137,42000000,42000000,None,-0.593,0.41,461029000,589887000,2.83,2015-06-30,19.23,1264575000,18890000000.0,14418127000,421714000,113231000,104015000,104015000,None,39315000,None,None,None,None,513790000,None,None,431000000,None,None,None,0.0204,-608000000,13996413000,421714000,380614000,2517842000,None,None,None,None,None,None,None,1.035,1.683,0.246,None,None,None,None,None,-305000000,None,0.0102,None,484412000,2025-11-05,quarterly,3.24,USD,pre-market,None,1538306000,0.0458,0.0716,0.111,1048.79,2176770000,1095049000,581259000,2354904000,258.69,259.34,14.4876,6869614000,4206186000,3219590000,4395509000,1748987000,514000000,14418127000,2474105000,24.21,-203364000,313.18,205.45
2025-12-28,HUM,10.69,126362001000.0,24.21,None,0.466,154.0,123000000,None,732016000,732016000,-2000000,-94000000,11000000,None,0,None,None,-644000000,29843000,164964169,None,11646671000,11646671000,-120489000,None,None,738652000,None,None,128858000,114000000,3.54,0.0137,44000000,44000000,None,-0.593,0.41,461029000,589887000,2.83,2015-03-31,19.23,1264575000,18890000000.0,14418127000,421714000,113231000,104015000,104015000,None,39315000,None,None,None,None,513790000,None,None,430000000,None,None,None,0.0204,107000000,13996413000,421714000,380614000,2517842000,None,None,None,None,None,None,None,1.035,1.683,0.246,None,None,None,None,None,-66000000,None,0.0102,None,484412000,2025-11-05,quarterly,3.24,USD,pre-market,None,1538306000,0.0458,0.0716,0.111,1048.79,2176770000,1095049000,581259000,2354904000,258.69,259.34,14.4876,6869614000,4206186000,3219590000,4395509000,1748987000,514000000,14418127000,2474105000,24.21,-203364000,313.18,205.45
2025-12-28,HUM,10.69,126362001000.0,24.21,None,0.466,154.0,167000000,None,732016000,732016000,-1268000000,305000000,-770000000,None,0,None,None,-196000000,29843000,164964169,None,11646671000,11646671000,-120489000,None,None,738652000,None,None,128858000,124000000,3.54,0.0137,43000000,43000000,None,-0.593,0.41,461029000,589887000,2.83,2014-12-31,19.23,1264575000,18890000000.0,14418127000,421714000,113231000,104015000,104015000,None,39315000,None,None,None,None,513790000,None,None,145000000,None,None,None,0.0204,193000000,13996413000,421714000,380614000,2517842000,None,None,None,None,None,None,None,1.035,1.683,0.246,None,None,None,None,None,-602000000,None,0.0102,None,484412000,2025-11-05,quarterly,3.24,USD,pre-market,None,1538306000,0.0458,0.0716,0.111,1048.79,2176770000,1095049000,581259000,2354904000,258.69,259.34,14.4876,6869614000,4206186000,3219590000,4395509000,1748987000,514000000,14418127000,2474105000,24.21,-203364000,313.18,205.45
2025-12-28,HUM,10.69,126362001000.0,24.21,None,0.466,154.0,145000000,None,732016000,732016000,930000000,-772000000,1112000000,None,0,None,None,1069000000,29843000,164964169,None,11646671000,11646671000,-120489000,None,None,738652000,None,None,128858000,112000000,3.54,0.0137,43000000,43000000,None,-0.593,0.41,461029000,589887000,2.83,2014-09-30,19.23,1264575000,18890000000.0,14418127000,421714000,113231000,104015000,104015000,None,39315000,None,None,None,None,513790000,None,None,290000000,None,None,None,0.0204,954000000,13996413000,421714000,380614000,2517842000,None,None,None,None,None,None,None,1.035,1.683,0.246,None,None,None,None,None,-118000000,None,0.0102,None,484412000,2025-11-05,quarterly,3.24,USD,pre-market,None,1538306000,0.0458,0.0716,0.111,1048.79,2176770000,1095049000,581259000,2354904000,258.69,259.34,14.4876,6869614000,4206186000,3219590000,4395509000,1748987000,514000000,14418127000,2474105000,24.21,-203364000,313.18,205.45
2025-12-28,HUM,10.69,126362001000.0,24.21,None,0.466,154.0,110000000,None,732016000,732016000,-444000000,575000000,-69000000,None,0,None,None,-613000000,29843000,164964169,None,11646671000,11646671000,-120489000,None,None,738652000,None,None,128858000,106000000,3.54,0.0137,42000000,42000000,None,-0.593,0.41,461029000,589887000,2.83,2014-06-30,19.23,1264575000,18890000000.0,14418127000,421714000,113231000,104015000,104015000,None,39315000,None,None,None,None,513790000,None,None,344000000,None,None,None,0.0204,-200000000,13996413000,421714000,380614000,2517842000,None,None,None,None,None,None,None,1.035,1.683,0.246,None,None,None,None,None,-103000000,None,0.0102,None,484412000,2025-11-05,quarterly,3.24,USD,pre-market,None,1538306000,0.0458,0.0716,0.111,1048.79,2176770000,1095049000,581259000,2354904000,258.69,259.34,14.4876,6869614000,4206186000,3219590000,4395509000,1748987000,514000000,14418127000,2474105000,24.21,-203364000,313.18,205.45
2025-12-28,HUM,10.69,126362001000.0,24.21,None,0.466,154.0,106000000,None,732016000,732016000,24000000,-171000000,524000000,None,0,None,None,-524000000,29843000,164964169,None,11646671000,11646671000,-120489000,None,None,738652000,None,None,128858000,107000000,3.54,0.0137,44000000,44000000,None,-0.593,0.41,461029000,589887000,2.83,2014-03-31,19.23,1264575000,18890000000.0,14418127000,421714000,113231000,104015000,104015000,None,39315000,None,None,None,None,513790000,None,None,368000000,None,None,None,0.0204,671000000,13996413000,421714000,380614000,2517842000,None,None,None,None,None,None,None,1.035,1.683,0.246,None,None,None,None,None,-49000000,None,0.0102,None,484412000,2025-11-05,quarterly,3.24,USD,pre-market,None,1538306000,0.0458,0.0716,0.111,1048.79,2176770000,1095049000,581259000,2354904000,258.69,259.34,14.4876,6869614000,4206186000,3219590000,4395509000,1748987000,514000000,14418127000,2474105000,24.21,-203364000,313.18,205.45
2025-12-28,HUM,10.69,126362001000.0,24.21,None,0.466,154.0,127000000,None,732016000,732016000,-62000000,-39000000,-117000000,None,0,None,None,-162000000,29843000,164964169,None,11646671000,11646671000,-120489000,None,None,738652000,None,None,128858000,114000000,3.54,0.0137,43000000,43000000,None,-0.593,0.41,461029000,589887000,2.83,2013-12-31,19.23,1264575000,18890000000.0,14418127000,421714000,113231000,104015000,104015000,None,39315000,None,None,None,None,513790000,None,None,-30000000,None,None,None,0.0204,-16000000,13996413000,421714000,380614000,2517842000,None,None,None,None,None,None,None,1.035,1.683,0.246,None,None,None,None,None,-206000000,None,0.0102,None,484412000,2025-11-05,quarterly,3.24,USD,pre-market,None,1538306000,0.0458,0.0716,0.111,1048.79,2176770000,1095049000,581259000,2354904000,258.69,259.34,14.4876,6869614000,4206186000,3219590000,4395509000,1748987000,514000000,14418127000,2474105000,24.21,-203364000,313.18,205.45
2025-12-28,HUM,10.69,126362001000.0,24.21,None,0.466,154.0,123000000,None,732016000,732016000,-416000000,-995000000,-264000000,None,0,None,None,771000000,29843000,164964169,None,11646671000,11646671000,-120489000,None,None,738652000,None,None,128858000,106000000,3.54,0.0137,42000000,42000000,None,-0.593,0.41,461029000,589887000,2.83,2013-09-30,19.23,1264575000,18890000000.0,14418127000,421714000,113231000,104015000,104015000,None,39315000,None,None,None,None,513790000,None,None,368000000,None,None,None,0.0204,1147000000,13996413000,421714000,380614000,2517842000,None,None,None,None,None,None,None,1.035,1.683,0.246,None,None,None,None,None,-94000000,None,0.0102,None,484412000,2025-11-05,quarterly,3.24,USD,pre-market,None,1538306000,0.0458,0.0716,0.111,1048.79,2176770000,1095049000,581259000,2354904000,258.69,259.34,14.4876,6869614000,4206186000,3219590000,4395509000,1748987000,514000000,14418127000,2474105000,24.21,-203364000,313.18,205.45
2025-12-28,HUM,10.69,126362001000.0,24.21,None,0.466,154.0,97000000,None,732016000,732016000,-296000000,244000000,121000000,None,0,None,None,-272000000,29843000,164964169,None,11646671000,11646671000,-120489000,None,None,738652000,None,None,128858000,104000000,3.54,0.0137,41000000,41000000,None,-0.593,0.41,461029000,589887000,2.83,2013-06-30,19.23,1264575000,18890000000.0,14418127000,421714000,113231000,104015000,104015000,None,39315000,None,None,None,None,513790000,None,None,420000000,None,None,None,0.0204,173000000,13996413000,421714000,380614000,2517842000,None,None,None,None,None,None,None,1.035,1.683,0.246,None,None,None,None,None,-137000000,None,0.0102,None,484412000,2025-11-05,quarterly,3.24,USD,pre-market,None,1538306000,0.0458,0.0716,0.111,1048.79,2176770000,1095049000,581259000,2354904000,258.69,259.34,14.4876,6869614000,4206186000,3219590000,4395509000,1748987000,514000000,14418127000,2474105000,24.21,-203364000,313.18,205.45
2025-12-28,HUM,10.69,126362001000.0,24.21,None,0.466,154.0,90000000,None,732016000,732016000,72000000,-392000000,92000000,None,0,None,None,-588000000,29843000,164964169,None,11646671000,11646671000,-120489000,None,None,738652000,None,None,128858000,102000000,3.54,0.0137,42000000,42000000,None,-0.593,0.41,461029000,589887000,2.83,2013-03-31,19.23,1264575000,18890000000.0,14418127000,421714000,113231000,104015000,104015000,None,39315000,None,None,None,None,513790000,None,None,473000000,None,None,None,0.0204,412000000,13996413000,421714000,380614000,2517842000,None,None,None,None,None,None,None,1.035,1.683,0.246,None,None,None,None,None,-94000000,None,0.0102,None,484412000,2025-11-05,quarterly,3.24,USD,pre-market,None,1538306000,0.0458,0.0716,0.111,1048.79,2176770000,1095049000,581259000,2354904000,258.69,259.34,14.4876,6869614000,4206186000,3219590000,4395509000,1748987000,514000000,14418127000,2474105000,24.21,-203364000,313.18,205.45
2025-12-28,HUM,10.69,126362001000.0,24.21,None,0.466,154.0,106000000,None,732016000,732016000,950000000,-1212000000,-57000000,None,26000000,None,None,-110000000,29843000,164964169,None,11646671000,11646671000,-120489000,None,None,738652000,None,None,128858000,100000000,3.54,0.0137,41000000,41000000,None,-0.593,0.41,461029000,589887000,2.83,2012-12-31,19.23,1264575000,18890000000.0,14418127000,421714000,113231000,104015000,104015000,None,39315000,None,None,None,None,513790000,None,None,192000000,None,None,None,0.0204,205000000,13996413000,421714000,380614000,2517842000,None,None,None,None,None,None,None,1.035,1.683,0.246,None,None,None,None,None,-5000000,None,0.0102,None,484412000,2025-11-05,quarterly,3.24,USD,pre-market,None,1538306000,0.0458,0.0716,0.111,1048.79,2176770000,1095049000,581259000,2354904000,258.69,259.34,14.4876,6869614000,4206186000,3219590000,4395509000,1748987000,514000000,14418127000,2474105000,24.21,-203364000,313.18,205.45
2025-12-28,HUM,10.69,126362001000.0,24.21,None,0.466,154.0,119000000,None,732016000,732016000,-758000000,-414000000,-2506000000,None,0,None,None,259000000,29843000,164964169,None,11646671000,11646671000,-120489000,None,None,738652000,None,None,128858000,78000000,3.54,0.0137,42000000,42000000,None,-0.593,0.41,461029000,589887000,2.83,2012-09-30,19.23,1264575000,18890000000.0,14418127000,421714000,113231000,104015000,104015000,None,39315000,None,None,None,None,513790000,None,None,426000000,None,None,None,0.0204,-1334000000,13996413000,421714000,380614000,2517842000,None,None,None,None,None,None,None,1.035,1.683,0.246,None,None,None,None,None,-235000000,None,0.0102,None,484412000,2025-11-05,quarterly,3.24,USD,pre-market,None,1538306000,0.0458,0.0716,0.111,1048.79,2176770000,1095049000,581259000,2354904000,258.69,259.34,14.4876,6869614000,4206186000,3219590000,4395509000,1748987000,514000000,14418127000,2474105000,24.21,-203364000,313.18,205.45
2025-12-28,HUM,10.69,126362001000.0,24.21,None,0.466,154.0,99000000,None,732016000,732016000,-344000000,-149000000,213000000,None,0,None,None,432000000,29843000,164964169,None,11646671000,11646671000,-120489000,None,None,738652000,None,None,128858000,82000000,3.54,0.0137,41000000,41000000,None,-0.593,0.41,461029000,589887000,2.83,2012-06-30,19.23,1264575000,18890000000.0,14418127000,421714000,113231000,104015000,104015000,None,39315000,None,None,None,None,513790000,None,None,356000000,None,None,None,0.0204,706000000,13996413000,421714000,380614000,2517842000,None,None,None,None,None,None,None,1.035,1.683,0.246,None,None,None,None,None,-127000000,None,0.0102,None,484412000,2025-11-05,quarterly,3.24,USD,pre-market,None,1538306000,0.0458,0.0716,0.111,1048.79,2176770000,1095049000,581259000,2354904000,258.69,259.34,14.4876,6869614000,4206186000,3219590000,4395509000,1748987000,514000000,14418127000,2474105000,24.21,-203364000,313.18,205.45
2025-12-28,HUM,10.69,126362001000.0,24.21,None,0.466,154.0,86000000,None,732016000,732016000,123000000,-190000000,2279000000,None,0,None,None,-255000000,29843000,164964169,None,11646671000,11646671000,-120489000,None,None,738652000,None,None,128858000,78000000,3.54,0.0137,41000000,41000000,None,-0.593,0.41,461029000,589887000,2.83,2012-03-31,19.23,1264575000,18890000000.0,14418127000,421714000,113231000,104015000,104015000,None,39315000,None,None,None,None,513790000,None,None,248000000,None,None,None,0.0204,2346000000,13996413000,421714000,380614000,2517842000,None,None,None,None,None,None,None,1.035,1.683,0.246,None,None,None,None,None,-151000000,None,0.0102,None,484412000,2025-11-05,quarterly,3.24,USD,pre-market,None,1538306000,0.0458,0.0716,0.111,1048.79,2176770000,1095049000,581259000,2354904000,258.69,259.34,14.4876,6869614000,4206186000,3219590000,4395509000,1748987000,514000000,14418127000,2474105000,24.21,-203364000,313.18,205.45
2025-12-28,HUM,10.69,126362001000.0,24.21,None,0.466,154.0,130074000,None,732016000,732016000,-630485000,-214803000,-2642268000,None,0,None,None,183299000,29843000,164964169,None,11646671000,11646671000,-120489000,None,None,738652000,None,None,128858000,77836000,3.54,0.0137,40506000,40506000,None,-0.593,0.41,461029000,589887000,2.83,2011-12-31,19.23,1264575000,18890000000.0,14418127000,421714000,113231000,104015000,104015000,None,39315000,None,None,None,None,513790000,None,None,198777000,None,None,None,0.0204,-1796980000,13996413000,421714000,380614000,2517842000,None,None,None,None,None,None,None,1.035,1.683,0.246,None,None,None,None,None,-766000,None,0.0102,None,484412000,2025-11-05,quarterly,3.24,USD,pre-market,None,1538306000,0.0458,0.0716,0.111,1048.79,2176770000,1095049000,581259000,2354904000,258.69,259.34,14.4876,6869614000,4206186000,3219590000,4395509000,1748987000,514000000,14418127000,2474105000,24.21,-203364000,313.18,205.45
2025-12-28,HUM,10.69,126362001000.0,24.21,None,0.466,154.0,86745000,None,732016000,732016000,-183386000,-284348000,2451581000,None,0,None,None,510075000,29843000,164964169,None,11646671000,11646671000,-120489000,None,None,738652000,None,None,128858000,74581000,3.54,0.0137,41000000,41000000,None,-0.593,0.41,461029000,589887000,2.83,2011-09-30,19.23,1264575000,18890000000.0,14418127000,421714000,113231000,104015000,104015000,None,39315000,None,None,None,None,513790000,None,None,444760000,None,None,None,0.0204,2919315000,13996413000,421714000,380614000,2517842000,None,None,None,None,None,None,None,1.035,1.683,0.246,None,None,None,None,None,-240000000,None,0.0102,None,484412000,2025-11-05,quarterly,3.24,USD,pre-market,None,1538306000,0.0458,0.0716,0.111,1048.79,2176770000,1095049000,581259000,2354904000,258.69,259.34,14.4876,6869614000,4206186000,3219590000,4395509000,1748987000,514000000,14418127000,2474105000,24.21,-203364000,313.18,205.45
2025-12-28,HUM,10.69,126362001000.0,24.21,None,0.466,154.0,58700000,None,732016000,732016000,-181308000,-168122000,-188217000,None,0,None,None,-327045000,29843000,164964169,None,11646671000,11646671000,-120489000,None,None,738652000,None,None,128858000,75092000,3.54,0.0137,0,0,None,-0.593,0.41,461029000,589887000,2.83,2011-06-30,19.23,1264575000,18890000000.0,14418127000,421714000,113231000,104015000,104015000,None,39315000,None,None,None,None,513790000,None,None,460287000,None,None,None,0.0204,161213000,13996413000,421714000,380614000,2517842000,None,None,None,None,None,None,None,1.035,1.683,0.246,None,None,None,None,None,-212000000,None,0.0102,None,484412000,2025-11-05,quarterly,3.24,USD,pre-market,None,1538306000,0.0458,0.0716,0.111,1048.79,2176770000,1095049000,581259000,2354904000,258.69,259.34,14.4876,6869614000,4206186000,3219590000,4395509000,1748987000,514000000,14418127000,2474105000,24.21,-203364000,313.18,205.45
2025-12-28,HUM,10.69,126362001000.0,24.21,None,0.466,154.0,70481000,None,732016000,732016000,-21821000,-690727000,82904000,None,0,None,None,-260329000,29843000,164964169,None,11646671000,11646671000,-120489000,None,None,738652000,None,None,128858000,75491000,3.54,0.0137,0,0,None,-0.593,0.41,461029000,589887000,2.83,2011-03-31,19.23,1264575000,18890000000.0,14418127000,421714000,113231000,104015000,104015000,None,39315000,None,None,None,None,513790000,None,None,315176000,None,None,None,0.0204,795452000,13996413000,421714000,380614000,2517842000,None,None,None,None,None,None,None,1.035,1.683,0.246,None,None,None,None,None,-89000000,None,0.0102,None,484412000,2025-11-05,quarterly,3.24,USD,pre-market,None,1538306000,0.0458,0.0716,0.111,1048.79,2176770000,1095049000,581259000,2354904000,258.69,259.34,14.4876,6869614000,4206186000,3219590000,4395509000,1748987000,514000000,14418127000,2474105000,24.21,-203364000,313.18,205.45
2025-12-28,HUM,10.69,126362001000.0,24.21,None,0.466,154.0,69870000,None,732016000,732016000,-256419000,-945919000,-1249715000,None,0,None,None,-61127000,29843000,164964169,None,11646671000,11646671000,-120489000,None,None,738652000,None,None,128858000,66307000,3.54,0.0137,0,0,None,-0.593,0.41,461029000,589887000,2.83,2010-12-31,19.23,1264575000,18890000000.0,14418127000,421714000,113231000,104015000,104015000,None,39315000,None,None,None,None,513790000,None,None,107325000,None,None,None,0.0204,-47377000,13996413000,421714000,380614000,2517842000,None,None,None,None,None,None,None,1.035,1.683,0.246,None,None,None,None,None,-375000,None,0.0102,None,484412000,2025-11-05,quarterly,3.24,USD,pre-market,None,1538306000,0.0458,0.0716,0.111,1048.79,2176770000,1095049000,581259000,2354904000,258.69,259.34,14.4876,6869614000,4206186000,3219590000,4395509000,1748987000,514000000,14418127000,2474105000,24.21,-203364000,313.18,205.45
2025-12-28,HUM,10.69,126362001000.0,24.21,None,0.466,154.0,61005000,None,732016000,732016000,-92410000,-192929000,923870000,None,0,None,None,517074000,29843000,164964169,None,11646671000,11646671000,-120489000,None,None,738652000,None,None,128858000,64557000,3.54,0.0137,0,0,None,-0.593,0.41,461029000,589887000,2.83,2010-09-30,19.23,1264575000,18890000000.0,14418127000,421714000,113231000,104015000,104015000,None,39315000,None,None,None,None,513790000,None,None,393221000,None,None,None,0.0204,1209209000,13996413000,421714000,380614000,2517842000,None,None,None,None,None,None,None,1.035,1.683,0.246,None,None,None,None,None,-50301000,None,0.0102,None,484412000,2025-11-05,quarterly,3.24,USD,pre-market,None,1538306000,0.0458,0.0716,0.111,1048.79,2176770000,1095049000,581259000,2354904000,258.69,259.34,14.4876,6869614000,4206186000,3219590000,4395509000,1748987000,514000000,14418127000,2474105000,24.21,-203364000,313.18,205.45
2025-12-28,HUM,10.69,126362001000.0,24.21,None,0.466,154.0,52399000,None,732016000,732016000,4602000,-144924000,184989000,None,0,None,None,-220504000,29843000,164964169,None,11646671000,11646671000,-120489000,None,None,738652000,None,None,128858000,69290000,3.54,0.0137,0,0,None,-0.593,0.41,461029000,589887000,2.83,2010-06-30,19.23,1264575000,18890000000.0,14418127000,421714000,113231000,104015000,104015000,None,39315000,None,None,None,None,513790000,None,None,340076000,None,None,None,0.0204,325311000,13996413000,421714000,380614000,2517842000,None,None,None,None,None,None,None,1.035,1.683,0.246,None,None,None,None,None,-50199000,None,0.0102,None,484412000,2025-11-05,quarterly,3.24,USD,pre-market,None,1538306000,0.0458,0.0716,0.111,1048.79,2176770000,1095049000,581259000,2354904000,258.69,259.34,14.4876,6869614000,4206186000,3219590000,4395509000,1748987000,514000000,14418127000,2474105000,24.21,-203364000,313.18,205.45
2025-12-28,HUM,10.69,126362001000.0,24.21,None,0.466,154.0,39028000,None,732016000,732016000,-27029000,-527217000,200405000,None,0,None,None,-280978000,29843000,164964169,None,11646671000,11646671000,-120489000,None,None,738652000,None,None,128858000,62756000,3.54,0.0137,0,0,None,-0.593,0.41,461029000,589887000,2.83,2010-03-31,19.23,1264575000,18890000000.0,14418127000,421714000,113231000,104015000,104015000,None,39315000,None,None,None,None,513790000,None,None,258768000,None,None,None,0.0204,754651000,13996413000,421714000,380614000,2517842000,None,None,None,None,None,None,None,1.035,1.683,0.246,None,None,None,None,None,-7670000,None,0.0102,None,484412000,2025-11-05,quarterly,3.24,USD,pre-market,None,1538306000,0.0458,0.0716,0.111,1048.79,2176770000,1095049000,581259000,2354904000,258.69,259.34,14.4876,6869614000,4206186000,3219590000,4395509000,1748987000,514000000,14418127000,2474105000,24.21,-203364000,313.18,205.45
2025-12-28,HUM,10.69,126362001000.0,24.21,None,0.466,154.0,63315000,None,732016000,732016000,276554000,-389063000,None,None,0,None,None,None,29843000,164964169,None,11646671000,11646671000,-120489000,None,None,738652000,None,None,128858000,69694000,3.54,0.0137,0,0,None,-0.593,0.41,461029000,589887000,2.83,2009-12-31,19.23,1264575000,18890000000.0,14418127000,421714000,113231000,104015000,104015000,None,39315000,None,None,None,None,513790000,None,None,250659000,None,None,None,0.0204,274091000,13996413000,421714000,380614000,2517842000,None,None,None,None,None,None,None,1.035,1.683,0.246,None,None,None,None,None,-14571000,None,0.0102,None,484412000,2025-11-05,quarterly,3.24,USD,pre-market,None,1538306000,0.0458,0.0716,0.111,1048.79,2176770000,1095049000,581259000,2354904000,258.69,259.34,14.4876,6869614000,4206186000,3219590000,4395509000,1748987000,514000000,14418127000,2474105000,24.21,-203364000,313.18,205.45
2025-12-28,HUM,10.69,126362001000.0,24.21,None,0.466,154.0,39533000,None,732016000,732016000,-48093000,-1025121000,None,None,0,None,None,None,29843000,164964169,None,11646671000,11646671000,-120489000,None,None,738652000,None,None,128858000,62088000,3.54,0.0137,0,0,None,-0.593,0.41,461029000,589887000,2.83,2009-09-30,19.23,1264575000,18890000000.0,14418127000,421714000,113231000,104015000,104015000,None,39315000,None,None,None,None,513790000,None,None,301519000,None,None,None,0.0204,940111000,13996413000,421714000,380614000,2517842000,None,None,None,None,None,None,None,1.035,1.683,0.246,None,None,None,None,None,-2271000,None,0.0102,None,484412000,2025-11-05,quarterly,3.24,USD,pre-market,None,1538306000,0.0458,0.0716,0.111,1048.79,2176770000,1095049000,581259000,2354904000,258.69,259.34,14.4876,6869614000,4206186000,3219590000,4395509000,1748987000,514000000,14418127000,2474105000,24.21,-203364000,313.18,205.45
2025-12-28,HUM,10.69,126362001000.0,24.21,None,0.466,154.0,43555000,None,732016000,732016000,-299674000,-188279000,None,None,0,None,None,None,29843000,164964169,None,11646671000,11646671000,-120489000,None,None,738652000,None,None,128858000,60478000,3.54,0.0137,0,0,None,-0.593,0.41,461029000,589887000,2.83,2009-06-30,19.23,1264575000,18890000000.0,14418127000,421714000,113231000,104015000,104015000,None,39315000,None,None,None,None,513790000,None,None,281780000,None,None,None,0.0204,161860000,13996413000,421714000,380614000,2517842000,None,None,None,None,None,None,None,1.035,1.683,0.246,None,None,None,None,None,0,None,0.0102,None,484412000,2025-11-05,quarterly,3.24,USD,pre-market,None,1538306000,0.0458,0.0716,0.111,1048.79,2176770000,1095049000,581259000,2354904000,258.69,259.34,14.4876,6869614000,4206186000,3219590000,4395509000,1748987000,514000000,14418127000,2474105000,24.21,-203364000,313.18,205.45
2025-12-28,HUM,10.69,126362001000.0,24.21,None,0.466,154.0,39047000,None,732016000,732016000,152057000,-256798000,None,None,None,None,None,None,29843000,164964169,None,11646671000,11646671000,-120489000,None,None,738652000,None,None,128858000,58014000,3.54,0.0137,None,None,None,-0.593,0.41,461029000,589887000,2.83,2009-03-31,19.23,1264575000,18890000000.0,14418127000,421714000,113231000,104015000,104015000,None,39315000,None,None,None,None,513790000,None,None,205717000,None,None,None,0.0204,45520000,13996413000,421714000,380614000,2517842000,None,None,None,None,None,None,None,1.035,1.683,0.246,None,None,None,None,None,-5999000,None,0.0102,None,484412000,2025-11-05,quarterly,3.24,USD,pre-market,None,1538306000,0.0458,0.0716,0.111,1048.79,2176770000,1095049000,581259000,2354904000,258.69,259.34,14.4876,6869614000,4206186000,3219590000,4395509000,1748987000,514000000,14418127000,2474105000,24.21,-203364000,313.18,205.45
2025-12-28,HUM,10.69,126362001000.0,24.21,None,0.466,154.0,82025000,None,732016000,732016000,436962000,-306012000,None,None,11464000,None,None,None,29843000,164964169,None,11646671000,11646671000,-120489000,None,None,738652000,None,None,128858000,59808000,3.54,0.0137,758582000,758582000,None,-0.593,0.41,461029000,589887000,2.83,2008-12-31,19.23,1264575000,18890000000.0,14418127000,421714000,113231000,104015000,104015000,None,39315000,None,None,None,None,513790000,None,None,174080000,None,None,None,0.0204,296573000,13996413000,421714000,380614000,2517842000,None,None,None,None,None,None,None,1.035,1.683,0.246,None,None,None,None,None,-303000,None,0.0102,None,484412000,2025-11-05,quarterly,3.24,USD,pre-market,None,1538306000,0.0458,0.0716,0.111,1048.79,2176770000,1095049000,581259000,2354904000,258.69,259.34,14.4876,6869614000,4206186000,3219590000,4395509000,1748987000,514000000,14418127000,2474105000,24.21,-203364000,313.18,205.45
2025-12-28,HUM,10.69,126362001000.0,24.21,None,0.466,154.0,67500000,None,732016000,732016000,-458515000,249498000,None,None,None,None,None,None,29843000,164964169,None,11646671000,11646671000,-120489000,None,None,738652000,None,None,128858000,56126000,3.54,0.0137,None,None,None,-0.593,0.41,461029000,589887000,2.83,2008-09-30,19.23,1264575000,18890000000.0,14418127000,421714000,113231000,104015000,104015000,None,39315000,None,None,None,None,513790000,None,None,183008000,None,None,None,0.0204,577275000,13996413000,421714000,380614000,2517842000,None,None,None,None,None,None,None,1.035,1.683,0.246,None,None,None,None,None,-11106000,None,0.0102,None,484412000,2025-11-05,quarterly,3.24,USD,pre-market,None,1538306000,0.0458,0.0716,0.111,1048.79,2176770000,1095049000,581259000,2354904000,258.69,259.34,14.4876,6869614000,4206186000,3219590000,4395509000,1748987000,514000000,14418127000,2474105000,24.21,-203364000,313.18,205.45
2025-12-28,HUM,10.69,126362001000.0,24.21,None,0.466,154.0,64960000,None,732016000,732016000,-94482000,-523186000,None,None,None,None,None,None,29843000,164964169,None,11646671000,11646671000,-120489000,None,None,738652000,None,None,128858000,53458000,3.54,0.0137,None,None,None,-0.593,0.41,461029000,589887000,2.83,2008-06-30,19.23,1264575000,18890000000.0,14418127000,421714000,113231000,104015000,104015000,None,39315000,None,None,None,None,513790000,None,None,209896000,None,None,None,0.0204,104023000,13996413000,421714000,380614000,2517842000,None,None,None,None,None,None,None,1.035,1.683,0.246,None,None,None,None,None,-14714000,None,0.0102,None,484412000,2025-11-05,quarterly,3.24,USD,pre-market,None,1538306000,0.0458,0.0716,0.111,1048.79,2176770000,1095049000,581259000,2354904000,258.69,259.34,14.4876,6869614000,4206186000,3219590000,4395509000,1748987000,514000000,14418127000,2474105000,24.21,-203364000,313.18,205.45
2025-12-28,HUM,10.69,126362001000.0,24.21,None,0.466,154.0,47087000,None,732016000,732016000,-437981000,81376000,None,None,34756000,None,None,None,29843000,164964169,None,11646671000,11646671000,-120489000,None,None,738652000,None,None,128858000,50958000,3.54,0.0137,522020000,522020000,None,-0.593,0.41,461029000,589887000,2.83,2008-03-31,19.23,1264575000,18890000000.0,14418127000,421714000,113231000,104015000,104015000,None,39315000,None,None,None,None,513790000,None,None,80170000,None,None,None,0.0204,4439000,13996413000,421714000,380614000,2517842000,None,None,None,None,None,None,None,1.035,1.683,0.246,None,None,None,None,None,-79947000,None,0.0102,None,484412000,2025-11-05,quarterly,3.24,USD,pre-market,None,1538306000,0.0458,0.0716,0.111,1048.79,2176770000,1095049000,581259000,2354904000,258.69,259.34,14.4876,6869614000,4206186000,3219590000,4395509000,1748987000,514000000,14418127000,2474105000,24.21,-203364000,313.18,205.45
2025-12-28,HUM,10.69,126362001000.0,24.21,None,0.466,154.0,83188000,None,732016000,732016000,833927000,-1189312000,None,None,-70069000,None,None,None,29843000,164964169,None,11646671000,11646671000,-120489000,None,None,738652000,None,None,128858000,48234000,3.54,0.0137,1006460000,1006460000,None,-0.593,0.41,461029000,589887000,2.83,2007-12-31,19.23,1264575000,18890000000.0,14418127000,421714000,113231000,104015000,104015000,None,39315000,None,None,None,None,513790000,None,None,243219000,None,None,None,0.0204,-189832000,13996413000,421714000,380614000,2517842000,None,None,None,None,None,None,None,1.035,1.683,0.246,None,None,None,None,None,-13395000,None,0.0102,None,484412000,2025-11-05,quarterly,3.24,USD,pre-market,None,1538306000,0.0458,0.0716,0.111,1048.79,2176770000,1095049000,581259000,2354904000,258.69,259.34,14.4876,6869614000,4206186000,3219590000,4395509000,1748987000,514000000,14418127000,2474105000,24.21,-203364000,313.18,205.45
2025-12-28,HUM,10.69,126362001000.0,24.21,None,0.466,154.0,41339000,None,732016000,732016000,-873828000,376382000,None,None,-73062000,None,None,None,29843000,164964169,None,11646671000,11646671000,-120489000,None,None,738652000,None,None,128858000,42250000,3.54,0.0137,846517000,846517000,None,-0.593,0.41,461029000,589887000,2.83,2007-09-30,19.23,1264575000,18890000000.0,14418127000,421714000,113231000,104015000,104015000,None,39315000,None,None,None,None,513790000,None,None,302378000,None,None,None,0.0204,-637653000,13996413000,421714000,380614000,2517842000,None,None,None,None,None,None,None,1.035,1.683,0.246,None,None,None,None,None,-6814000,None,0.0102,None,484412000,2025-11-05,quarterly,3.24,USD,pre-market,None,1538306000,0.0458,0.0716,0.111,1048.79,2176770000,1095049000,581259000,2354904000,258.69,259.34,14.4876,6869614000,4206186000,3219590000,4395509000,1748987000,514000000,14418127000,2474105000,24.21,-203364000,313.18,205.45
2025-12-28,HUM,10.69,126362001000.0,24.21,None,0.466,154.0,43973000,None,732016000,732016000,141590000,-592146000,None,None,207499000,None,None,None,29843000,164964169,None,11646671000,11646671000,-120489000,None,None,738652000,None,None,128858000,54264000,3.54,0.0137,1252911000,1252911000,None,-0.593,0.41,461029000,589887000,2.83,2007-06-30,19.23,1264575000,18890000000.0,14418127000,421714000,113231000,104015000,104015000,None,39315000,None,None,None,None,513790000,None,None,216846000,None,None,None,0.0204,477266000,13996413000,421714000,380614000,2517842000,None,None,None,None,None,None,None,1.035,1.683,0.246,None,None,None,None,None,-16000,None,0.0102,None,484412000,2025-11-05,quarterly,3.24,USD,pre-market,None,1538306000,0.0458,0.0716,0.111,1048.79,2176770000,1095049000,581259000,2354904000,258.69,259.34,14.4876,6869614000,4206186000,3219590000,4395509000,1748987000,514000000,14418127000,2474105000,24.21,-203364000,313.18,205.45
2025-12-28,HUM,10.69,126362001000.0,24.21,None,0.466,154.0,70744000,None,732016000,732016000,819589000,-440315000,None,None,241774000,None,None,None,29843000,164964169,None,11646671000,11646671000,-120489000,None,None,738652000,None,None,128858000,40064000,3.54,0.0137,981205000,981205000,None,-0.593,0.41,461029000,589887000,2.83,2007-03-31,19.23,1264575000,18890000000.0,14418127000,421714000,113231000,104015000,104015000,None,39315000,None,None,None,None,513790000,None,None,71241000,None,None,None,0.0204,1574481000,13996413000,421714000,380614000,2517842000,None,None,None,None,None,None,None,1.035,1.683,0.246,None,None,None,None,None,-7187000,None,0.0102,None,484412000,2025-11-05,quarterly,3.24,USD,pre-market,None,1538306000,0.0458,0.0716,0.111,1048.79,2176770000,1095049000,581259000,2354904000,258.69,259.34,14.4876,6869614000,4206186000,3219590000,4395509000,1748987000,514000000,14418127000,2474105000,24.21,-203364000,313.18,205.45
2025-12-28,HUM,10.69,126362001000.0,24.21,None,0.466,154.0,56549000,None,732016000,732016000,-152811000,176980000,None,None,None,None,None,None,29843000,164964169,None,11646671000,11646671000,-120489000,None,None,738652000,None,None,128858000,39419000,3.54,0.0137,1375519000,1375519000,None,-0.593,0.41,461029000,589887000,2.83,2006-12-31,19.23,1264575000,18890000000.0,14418127000,421714000,113231000,104015000,104015000,None,39315000,None,None,None,None,513790000,None,None,155021000,None,None,None,0.0204,534901000,13996413000,421714000,380614000,2517842000,None,None,None,None,None,None,None,1.035,1.683,0.246,None,None,None,None,None,-10641000,None,0.0102,None,484412000,2025-11-05,quarterly,3.24,USD,pre-market,None,1538306000,0.0458,0.0716,0.111,1048.79,2176770000,1095049000,581259000,2354904000,258.69,259.34,14.4876,6869614000,4206186000,3219590000,4395509000,1748987000,514000000,14418127000,2474105000,24.21,-203364000,313.18,205.45
2025-12-28,HUM,10.69,126362001000.0,24.21,None,0.466,154.0,54629000,None,732016000,732016000,310380000,-996593000,None,None,-587936000,None,None,None,29843000,164964169,None,11646671000,11646671000,-120489000,None,None,738652000,None,None,128858000,37677000,3.54,0.0137,379170000,379170000,None,-0.593,0.41,461029000,589887000,2.83,2006-09-30,19.23,1264575000,18890000000.0,14418127000,421714000,113231000,104015000,104015000,None,39315000,None,None,None,None,513790000,None,None,159198000,None,None,None,0.0204,-391017000,13996413000,421714000,380614000,2517842000,None,None,None,None,None,None,None,1.035,1.683,0.246,None,None,None,None,None,-10633000,None,0.0102,None,484412000,2025-11-05,quarterly,3.24,USD,pre-market,None,1538306000,0.0458,0.0716,0.111,1048.79,2176770000,1095049000,581259000,2354904000,258.69,259.34,14.4876,6869614000,4206186000,3219590000,4395509000,1748987000,514000000,14418127000,2474105000,24.21,-203364000,313.18,205.45
2025-12-28,HUM,10.69,126362001000.0,24.21,None,0.466,154.0,36712000,None,732016000,732016000,274989000,-394785000,None,None,572688000,None,None,None,29843000,164964169,None,11646671000,11646671000,-120489000,None,None,738652000,None,None,128858000,36596000,3.54,0.0137,789072000,789072000,None,-0.593,0.41,461029000,589887000,2.83,2006-06-30,19.23,1264575000,18890000000.0,14418127000,421714000,113231000,104015000,104015000,None,39315000,None,None,None,None,513790000,None,None,89489000,None,None,None,0.0204,534855000,13996413000,421714000,380614000,2517842000,None,None,None,None,None,None,None,1.035,1.683,0.246,None,None,None,None,None,-4832000,None,0.0102,None,484412000,2025-11-05,quarterly,3.24,USD,pre-market,None,1538306000,0.0458,0.0716,0.111,1048.79,2176770000,1095049000,581259000,2354904000,258.69,259.34,14.4876,6869614000,4206186000,3219590000,4395509000,1748987000,514000000,14418127000,2474105000,24.21,-203364000,313.18,205.45
2025-12-28,HUM,10.69,126362001000.0,24.21,None,0.466,154.0,45261000,None,732016000,732016000,543084000,-439668000,None,None,1128687000,None,None,None,29843000,164964169,None,11646671000,11646671000,-120489000,None,None,738652000,None,None,128858000,34906000,3.54,0.0137,302712000,302712000,None,-0.593,0.41,461029000,589887000,2.83,2006-03-31,19.23,1264575000,18890000000.0,14418127000,421714000,113231000,104015000,104015000,None,39315000,None,None,None,None,513790000,None,None,83715000,None,None,None,0.0204,1007973000,13996413000,421714000,380614000,2517842000,None,None,None,None,None,None,None,1.035,1.683,0.246,None,None,None,None,None,-105000,None,0.0102,None,484412000,2025-11-05,quarterly,3.24,USD,pre-market,None,1538306000,0.0458,0.0716,0.111,1048.79,2176770000,1095049000,581259000,2354904000,258.69,259.34,14.4876,6869614000,4206186000,3219590000,4395509000,1748987000,514000000,14418127000,2474105000,24.21,-203364000,313.18,205.45
2025-12-28,HUM,10.69,126362001000.0,24.21,None,0.466,154.0,53528000,None,732016000,732016000,159227000,-159650000,None,None,None,None,None,None,29843000,164964169,None,11646671000,11646671000,-120489000,None,None,738652000,None,None,128858000,33727000,3.54,0.0137,527540000,527540000,None,-0.593,0.41,461029000,589887000,2.83,2005-12-31,19.23,1264575000,18890000000.0,14418127000,421714000,113231000,104015000,104015000,None,39315000,None,None,None,None,513790000,None,None,64607000,None,None,None,0.0204,-246497000,13996413000,421714000,380614000,2517842000,None,None,None,None,None,None,None,1.035,1.683,0.246,None,None,None,None,None,-293000,None,0.0102,None,484412000,2025-11-05,quarterly,3.24,USD,pre-market,None,1538306000,0.0458,0.0716,0.111,1048.79,2176770000,1095049000,581259000,2354904000,258.69,259.34,14.4876,6869614000,4206186000,3219590000,4395509000,1748987000,514000000,14418127000,2474105000,24.21,-203364000,313.18,205.45
2025-12-28,HUM,10.69,126362001000.0,24.21,None,0.466,154.0,45091000,None,732016000,732016000,-119498000,-96395000,None,None,555284000,None,None,None,29843000,164964169,None,11646671000,11646671000,-120489000,None,None,738652000,None,None,128858000,34119000,3.54,0.0137,None,None,None,-0.593,0.41,461029000,589887000,2.83,2005-09-30,19.23,1264575000,18890000000.0,14418127000,421714000,113231000,104015000,104015000,None,39315000,None,None,None,None,513790000,None,None,49944000,None,None,None,0.0204,591039000,13996413000,421714000,380614000,2517842000,None,None,None,None,None,None,None,1.035,1.683,0.246,None,None,None,None,None,-380000,None,0.0102,None,484412000,2025-11-05,quarterly,3.24,USD,pre-market,None,1538306000,0.0458,0.0716,0.111,1048.79,2176770000,1095049000,581259000,2354904000,258.69,259.34,14.4876,6869614000,4206186000,3219590000,4395509000,1748987000,514000000,14418127000,2474105000,24.21,-203364000,313.18,205.45
2025-12-28,HUM,10.69,126362001000.0,24.21,None,0.466,154.0,575000000,None,732016000,732016000,-2487000000,-2952000000,None,None,None,None,None,None,29843000,164964169,None,11646671000,11646671000,-120489000,None,None,738652000,None,None,128858000,968000000,3.54,0.0137,431000000,431000000,None,-0.593,0.41,461029000,589887000,2.83,2024-12-31,19.23,1264575000,18890000000.0,14418127000,421714000,113231000,104015000,104015000,None,39315000,None,None,None,None,513790000,None,None,1214000000,None,None,None,0.0204,2966000000,13996413000,421714000,380614000,2517842000,None,None,None,None,None,None,None,1.035,1.683,0.246,None,None,None,None,None,-817000000,None,0.0102,None,484412000,2025-11-05,annual,3.24,USD,pre-market,None,1538306000,0.0458,0.0716,0.111,1048.79,2176770000,1095049000,581259000,2354904000,258.69,259.34,14.4876,6869614000,4206186000,3219590000,4395509000,1748987000,514000000,14418127000,2474105000,24.21,-203364000,313.18,205.45
2025-12-28,HUM,10.69,126362001000.0,24.21,None,0.466,154.0,1004000000,None,732016000,732016000,-856000000,-3492000000,None,None,-364000000,None,None,None,29843000,164964169,None,11646671000,11646671000,-120489000,None,None,738652000,None,None,128858000,917000000,3.54,0.0137,431000000,431000000,None,-0.593,0.41,461029000,589887000,2.83,2023-12-31,19.23,1264575000,18890000000.0,14418127000,421714000,113231000,104015000,104015000,None,39315000,None,None,None,None,513790000,None,None,2489000000,None,None,None,0.0204,3981000000,13996413000,421714000,380614000,2517842000,None,None,None,None,None,None,None,1.035,1.683,0.246,None,None,None,None,None,-1573000000,None,0.0102,None,484412000,2025-11-05,annual,3.24,USD,pre-market,None,1538306000,0.0458,0.0716,0.111,1048.79,2176770000,1095049000,581259000,2354904000,258.69,259.34,14.4876,6869614000,4206186000,3219590000,4395509000,1748987000,514000000,14418127000,2474105000,24.21,-203364000,313.18,205.45
2025-12-28,HUM,10.69,126362001000.0,24.21,None,0.466,154.0,1120000000,None,732016000,732016000,-1914000000,-1006000000,1667000000,None,None,None,None,-54000000,29843000,164964169,None,11646671000,11646671000,-120489000,None,None,738652000,None,None,128858000,845000000,3.54,0.0137,392000000,392000000,None,-0.593,0.41,461029000,589887000,2.83,2022-12-31,19.23,1264575000,18890000000.0,14418127000,421714000,113231000,104015000,104015000,None,39315000,None,None,None,None,513790000,None,None,2802000000,None,None,None,0.0204,4587000000,13996413000,421714000,380614000,2517842000,None,None,None,None,None,None,None,1.035,1.683,0.246,None,None,None,None,None,-2096000000,None,0.0102,None,484412000,2025-11-05,annual,3.24,USD,pre-market,None,1538306000,0.0458,0.0716,0.111,1048.79,2176770000,1095049000,581259000,2354904000,258.69,259.34,14.4876,6869614000,4206186000,3219590000,4395509000,1748987000,514000000,14418127000,2474105000,24.21,-203364000,313.18,205.45
2025-12-28,HUM,10.69,126362001000.0,24.21,None,0.466,154.0,1316000000,None,732016000,732016000,3015000000,-6556000000,-1279000000,None,280000000,None,None,-280000000,29843000,164964169,None,11646671000,11646671000,-120489000,None,None,738652000,None,None,128858000,713000000,3.54,0.0137,354000000,354000000,None,-0.593,0.41,461029000,589887000,2.83,2021-12-31,19.23,1264575000,18890000000.0,14418127000,421714000,113231000,104015000,104015000,None,39315000,None,None,None,None,513790000,None,None,2934000000,None,None,None,0.0204,2262000000,13996413000,421714000,380614000,2517842000,None,None,None,None,None,None,None,1.035,1.683,0.246,None,None,None,None,None,-79000000,None,0.0102,None,484412000,2025-11-05,annual,3.24,USD,pre-market,None,1538306000,0.0458,0.0716,0.111,1048.79,2176770000,1095049000,581259000,2354904000,258.69,259.34,14.4876,6869614000,4206186000,3219590000,4395509000,1748987000,514000000,14418127000,2474105000,24.21,-203364000,313.18,205.45
2025-12-28,HUM,10.69,126362001000.0,24.21,None,0.466,154.0,964000000,None,732016000,732016000,-1955000000,-3065000000,619000000,None,None,None,None,-85000000,29843000,164964169,None,11646671000,11646671000,-120489000,None,None,738652000,None,None,128858000,616000000,3.54,0.0137,323000000,323000000,None,-0.593,0.41,461029000,589887000,2.83,2020-12-31,19.23,1264575000,18890000000.0,14418127000,421714000,113231000,104015000,104015000,None,39315000,None,None,None,None,513790000,None,None,3367000000,None,None,None,0.0204,5639000000,13996413000,421714000,380614000,2517842000,None,None,None,None,None,None,None,1.035,1.683,0.246,None,None,None,None,None,-1820000000,None,0.0102,None,484412000,2025-11-05,annual,3.24,USD,pre-market,None,1538306000,0.0458,0.0716,0.111,1048.79,2176770000,1095049000,581259000,2354904000,258.69,259.34,14.4876,6869614000,4206186000,3219590000,4395509000,1748987000,514000000,14418127000,2474105000,24.21,-203364000,313.18,205.45
2025-12-28,HUM,10.69,126362001000.0,24.21,None,0.466,154.0,736000000,None,732016000,732016000,-2295000000,-1278000000,1711000000,None,None,None,None,-32000000,29843000,164964169,None,11646671000,11646671000,-120489000,None,None,738652000,None,None,128858000,575000000,3.54,0.0137,291000000,291000000,None,-0.593,0.41,461029000,589887000,2.83,2019-12-31,19.23,1264575000,18890000000.0,14418127000,421714000,113231000,104015000,104015000,None,39315000,None,None,None,None,513790000,None,None,2707000000,None,None,None,0.0204,5284000000,13996413000,421714000,380614000,2517842000,None,None,None,None,None,None,None,1.035,1.683,0.246,None,None,None,None,None,-1070000000,None,0.0102,None,484412000,2025-11-05,annual,3.24,USD,pre-market,None,1538306000,0.0458,0.0716,0.111,1048.79,2176770000,1095049000,581259000,2354904000,258.69,259.34,14.4876,6869614000,4206186000,3219590000,4395509000,1748987000,514000000,14418127000,2474105000,24.21,-203364000,313.18,205.45
2025-12-28,HUM,10.69,126362001000.0,24.21,None,0.466,154.0,612000000,None,732016000,732016000,-785000000,-3087000000,-1699000000,None,None,None,None,-200000000,29843000,164964169,None,11646671000,11646671000,-120489000,None,None,738652000,None,None,128858000,534000000,3.54,0.0137,265000000,265000000,None,-0.593,0.41,461029000,589887000,2.83,2018-12-31,19.23,1264575000,18890000000.0,14418127000,421714000,113231000,104015000,104015000,None,39315000,None,None,None,None,513790000,None,None,1683000000,None,None,None,0.0204,2173000000,13996413000,421714000,380614000,2517842000,None,None,None,None,None,None,None,1.035,1.683,0.246,None,None,None,None,None,-1090000000,None,0.0102,None,484412000,2025-11-05,annual,3.24,USD,pre-market,None,1538306000,0.0458,0.0716,0.111,1048.79,2176770000,1095049000,581259000,2354904000,258.69,259.34,14.4876,6869614000,4206186000,3219590000,4395509000,1748987000,514000000,14418127000,2474105000,24.21,-203364000,313.18,205.45
2025-12-28,HUM,10.69,126362001000.0,24.21,None,0.466,154.0,526000000,None,732016000,732016000,-945000000,-2941000000,165000000,None,0,None,None,406000000,29843000,164964169,None,11646671000,11646671000,-120489000,None,None,738652000,None,None,128858000,485000000,3.54,0.0137,220000000,220000000,None,-0.593,0.41,461029000,589887000,2.83,2017-12-31,19.23,1264575000,18890000000.0,14418127000,421714000,113231000,104015000,104015000,None,39315000,None,None,None,None,513790000,None,None,2448000000,None,None,None,0.0204,4051000000,13996413000,421714000,380614000,2517842000,None,None,None,None,None,None,None,1.035,1.683,0.246,None,None,None,None,None,-3365000000,None,0.0102,None,484412000,2025-11-05,annual,3.24,USD,pre-market,None,1538306000,0.0458,0.0716,0.111,1048.79,2176770000,1095049000,581259000,2354904000,258.69,259.34,14.4876,6869614000,4206186000,3219590000,4395509000,1748987000,514000000,14418127000,2474105000,24.21,-203364000,313.18,205.45
2025-12-28,HUM,10.69,126362001000.0,24.21,None,0.466,154.0,527000000,None,732016000,732016000,732000000,-1362000000,1306000000,None,0,None,None,-158000000,29843000,164964169,None,11646671000,11646671000,-120489000,None,None,738652000,None,None,128858000,465000000,3.54,0.0137,177000000,177000000,None,-0.593,0.41,461029000,589887000,2.83,2016-12-31,19.23,1264575000,18890000000.0,14418127000,421714000,113231000,104015000,104015000,None,39315000,None,None,None,None,513790000,None,None,614000000,None,None,None,0.0204,1936000000,13996413000,421714000,380614000,2517842000,None,None,None,None,None,None,None,1.035,1.683,0.246,None,None,None,None,None,-104000000,None,0.0102,None,484412000,2025-11-05,annual,3.24,USD,pre-market,None,1538306000,0.0458,0.0716,0.111,1048.79,2176770000,1095049000,581259000,2354904000,258.69,259.34,14.4876,6869614000,4206186000,3219590000,4395509000,1748987000,514000000,14418127000,2474105000,24.21,-203364000,313.18,205.45
2025-12-28,HUM,10.69,126362001000.0,24.21,None,0.466,154.0,523000000,None,732016000,732016000,-552000000,320000000,636000000,None,0,None,None,-180000000,29843000,164964169,None,11646671000,11646671000,-120489000,None,None,738652000,None,None,128858000,447000000,3.54,0.0137,172000000,172000000,None,-0.593,0.41,461029000,589887000,2.83,2015-12-31,19.23,1264575000,18890000000.0,14418127000,421714000,113231000,104015000,104015000,None,39315000,None,None,None,None,513790000,None,None,1276000000,None,None,None,0.0204,868000000,13996413000,421714000,380614000,2517842000,None,None,None,None,None,None,None,1.035,1.683,0.246,None,None,None,None,None,-385000000,None,0.0102,None,484412000,2025-11-05,annual,3.24,USD,pre-market,None,1538306000,0.0458,0.0716,0.111,1048.79,2176770000,1095049000,581259000,2354904000,258.69,259.34,14.4876,6869614000,4206186000,3219590000,4395509000,1748987000,514000000,14418127000,2474105000,24.21,-203364000,313.18,205.45
2025-12-28,HUM,10.69,126362001000.0,24.21,None,0.466,154.0,528000000,None,732016000,732016000,-758000000,-63000000,797000000,None,0,None,None,-264000000,29843000,164964169,None,11646671000,11646671000,-120489000,None,None,738652000,None,None,128858000,449000000,3.54,0.0137,172000000,172000000,None,-0.593,0.41,461029000,589887000,2.83,2014-12-31,19.23,1264575000,18890000000.0,14418127000,421714000,113231000,104015000,104015000,None,39315000,None,None,None,None,513790000,None,None,1147000000,None,None,None,0.0204,1618000000,13996413000,421714000,380614000,2517842000,None,None,None,None,None,None,None,1.035,1.683,0.246,None,None,None,None,None,-872000000,None,0.0102,None,484412000,2025-11-05,annual,3.24,USD,pre-market,None,1538306000,0.0458,0.0716,0.111,1048.79,2176770000,1095049000,581259000,2354904000,258.69,259.34,14.4876,6869614000,4206186000,3219590000,4395509000,1748987000,514000000,14418127000,2474105000,24.21,-203364000,313.18,205.45
2025-12-28,HUM,10.69,126362001000.0,24.21,None,0.466,154.0,437000000,None,732016000,732016000,-702000000,-1182000000,-168000000,None,0,None,None,-251000000,29843000,164964169,None,11646671000,11646671000,-120489000,None,None,738652000,None,None,128858000,426000000,3.54,0.0137,168000000,168000000,None,-0.593,0.41,461029000,589887000,2.83,2013-12-31,19.23,1264575000,18890000000.0,14418127000,421714000,113231000,104015000,104015000,None,39315000,None,None,None,None,513790000,None,None,1231000000,None,None,None,0.0204,1716000000,13996413000,421714000,380614000,2517842000,None,None,None,None,None,None,None,1.035,1.683,0.246,None,None,None,None,None,-531000000,None,0.0102,None,484412000,2025-11-05,annual,3.24,USD,pre-market,None,1538306000,0.0458,0.0716,0.111,1048.79,2176770000,1095049000,581259000,2354904000,258.69,259.34,14.4876,6869614000,4206186000,3219590000,4395509000,1748987000,514000000,14418127000,2474105000,24.21,-203364000,313.18,205.45
2025-12-28,HUM,10.69,126362001000.0,24.21,None,0.466,154.0,410000000,None,732016000,732016000,-29000000,-1965000000,-71000000,None,0,None,None,326000000,29843000,164964169,None,11646671000,11646671000,-120489000,None,None,738652000,None,None,128858000,338000000,3.54,0.0137,165000000,165000000,None,-0.593,0.41,461029000,589887000,2.83,2012-12-31,19.23,1264575000,18890000000.0,14418127000,421714000,113231000,104015000,104015000,None,39315000,None,None,None,None,513790000,None,None,1222000000,None,None,None,0.0204,1923000000,13996413000,421714000,380614000,2517842000,None,None,None,None,None,None,None,1.035,1.683,0.246,None,None,None,None,None,-518000000,None,0.0102,None,484412000,2025-11-05,annual,3.24,USD,pre-market,None,1538306000,0.0458,0.0716,0.111,1048.79,2176770000,1095049000,581259000,2354904000,258.69,259.34,14.4876,6869614000,4206186000,3219590000,4395509000,1748987000,514000000,14418127000,2474105000,24.21,-203364000,313.18,205.45
2025-12-28,HUM,10.69,126362001000.0,24.21,None,0.466,154.0,336000000,None,732016000,732016000,-1017000000,-1358000000,-296000000,None,0,None,None,106000000,29843000,164964169,None,11646671000,11646671000,-120489000,None,None,738652000,None,None,128858000,303000000,3.54,0.0137,82000000,82000000,None,-0.593,0.41,461029000,589887000,2.83,2011-12-31,19.23,1264575000,18890000000.0,14418127000,421714000,113231000,104015000,104015000,None,39315000,None,None,None,None,513790000,None,None,1419000000,None,None,None,0.0204,2079000000,13996413000,421714000,380614000,2517842000,None,None,None,None,None,None,None,1.035,1.683,0.246,None,None,None,None,None,-541000000,None,0.0102,None,484412000,2025-11-05,annual,3.24,USD,pre-market,None,1538306000,0.0458,0.0716,0.111,1048.79,2176770000,1095049000,581259000,2354904000,258.69,259.34,14.4876,6869614000,4206186000,3219590000,4395509000,1748987000,514000000,14418127000,2474105000,24.21,-203364000,313.18,205.45
2025-12-28,HUM,10.69,126362001000.0,24.21,None,0.466,154.0,222302000,None,732016000,732016000,-371256000,-1810989000,59549000,None,0,None,None,-45535000,29843000,164964169,None,11646671000,11646671000,-120489000,None,None,738652000,None,None,128858000,262910000,3.54,0.0137,0,0,None,-0.593,0.41,461029000,589887000,2.83,2010-12-31,19.23,1264575000,18890000000.0,14418127000,421714000,113231000,104015000,104015000,None,39315000,None,None,None,None,513790000,None,None,1099390000,None,None,None,0.0204,2241794000,13996413000,421714000,380614000,2517842000,None,None,None,None,None,None,None,1.035,1.683,0.246,None,None,None,None,None,-108545000,None,0.0102,None,484412000,2025-11-05,annual,3.24,USD,pre-market,None,1538306000,0.0458,0.0716,0.111,1048.79,2176770000,1095049000,581259000,2354904000,258.69,259.34,14.4876,6869614000,4206186000,3219590000,4395509000,1748987000,514000000,14418127000,2474105000,24.21,-203364000,313.18,205.45
2025-12-28,HUM,10.69,126362001000.0,24.21,None,0.466,154.0,185450000,None,732016000,732016000,80844000,-1859261000,-356835000,None,0,None,None,-59966000,29843000,164964169,None,11646671000,11646671000,-120489000,None,None,738652000,None,None,128858000,250274000,3.54,0.0137,0,0,None,-0.593,0.41,461029000,589887000,2.83,2009-12-31,19.23,1264575000,18890000000.0,14418127000,421714000,113231000,104015000,104015000,None,39315000,None,None,None,None,513790000,None,None,1039675000,None,None,None,0.0204,1421582000,13996413000,421714000,380614000,2517842000,None,None,None,None,None,None,None,1.035,1.683,0.246,None,None,None,None,None,-22841000,None,0.0102,None,484412000,2025-11-05,annual,3.24,USD,pre-market,None,1538306000,0.0458,0.0716,0.111,1048.79,2176770000,1095049000,581259000,2354904000,258.69,259.34,14.4876,6869614000,4206186000,3219590000,4395509000,1748987000,514000000,14418127000,2474105000,24.21,-203364000,313.18,205.45
2025-12-28,HUM,10.69,126362001000.0,24.21,None,0.466,154.0,261572000,None,732016000,732016000,-554016000,-498324000,None,None,None,None,None,None,29843000,164964169,None,11646671000,11646671000,-120489000,None,None,738652000,None,None,128858000,220350000,3.54,0.0137,None,None,None,-0.593,0.41,461029000,589887000,2.83,2008-12-31,19.23,1264575000,18890000000.0,14418127000,421714000,113231000,104015000,104015000,None,39315000,None,None,None,None,513790000,None,None,647154000,None,None,None,0.0204,982310000,13996413000,421714000,380614000,2517842000,None,None,None,None,None,None,None,1.035,1.683,0.246,None,None,None,None,None,-106070000,None,0.0102,None,484412000,2025-11-05,annual,3.24,USD,pre-market,None,1538306000,0.0458,0.0716,0.111,1048.79,2176770000,1095049000,581259000,2354904000,258.69,259.34,14.4876,6869614000,4206186000,3219590000,4395509000,1748987000,514000000,14418127000,2474105000,24.21,-203364000,313.18,205.45
2025-12-28,HUM,10.69,126362001000.0,24.21,None,0.466,154.0,239244000,None,732016000,732016000,921278000,-1845391000,None,None,306142000,None,None,None,29843000,164964169,None,11646671000,11646671000,-120489000,None,None,738652000,None,None,128858000,184812000,3.54,0.0137,2394059000,2394059000,None,-0.593,0.41,461029000,589887000,2.83,2007-12-31,19.23,1264575000,18890000000.0,14418127000,421714000,113231000,104015000,104015000,None,39315000,None,None,None,None,513790000,None,None,833684000,None,None,None,0.0204,1224262000,13996413000,421714000,380614000,2517842000,None,None,None,None,None,None,None,1.035,1.683,0.246,None,None,None,None,None,-27412000,None,0.0102,None,484412000,2025-11-05,annual,3.24,USD,pre-market,None,1538306000,0.0458,0.0716,0.111,1048.79,2176770000,1095049000,581259000,2354904000,258.69,259.34,14.4876,6869614000,4206186000,3219590000,4395509000,1748987000,514000000,14418127000,2474105000,24.21,-203364000,313.18,205.45
2025-12-28,HUM,10.69,126362001000.0,24.21,None,0.466,154.0,193151000,None,732016000,732016000,975642000,-1654066000,None,None,None,None,None,None,29843000,164964169,None,11646671000,11646671000,-120489000,None,None,738652000,None,None,128858000,148598000,3.54,0.0137,95435000,95435000,None,-0.593,0.41,461029000,589887000,2.83,2006-12-31,19.23,1264575000,18890000000.0,14418127000,421714000,113231000,104015000,104015000,None,39315000,None,None,None,None,513790000,None,None,487423000,None,None,None,0.0204,1686712000,13996413000,421714000,380614000,2517842000,None,None,None,None,None,None,None,1.035,1.683,0.246,None,None,None,None,None,-26211000,None,0.0102,None,484412000,2025-11-05,annual,3.24,USD,pre-market,None,1538306000,0.0458,0.0716,0.111,1048.79,2176770000,1095049000,581259000,2354904000,258.69,259.34,14.4876,6869614000,4206186000,3219590000,4395509000,1748987000,514000000,14418127000,2474105000,24.21,-203364000,313.18,205.45
2025-12-28,HUM,10.69,126362001000.0,24.21,None,0.466,154.0,165846000,None,732016000,732016000,293586000,-767276000,None,None,None,None,None,None,29843000,164964169,None,11646671000,11646671000,-120489000,None,None,738652000,None,None,128858000,128858000,3.54,0.0137,None,None,None,-0.593,0.41,461029000,589887000,2.83,2005-12-31,19.23,1264575000,18890000000.0,14418127000,421714000,113231000,104015000,104015000,None,39315000,None,None,None,None,513790000,None,None,308483000,None,None,None,0.0204,625627000,13996413000,421714000,380614000,2517842000,None,None,None,None,None,None,None,1.035,1.683,0.246,None,None,None,None,None,-2364000,None,0.0102,None,484412000,2025-11-05,annual,3.24,USD,pre-market,None,1538306000,0.0458,0.0716,0.111,1048.79,2176770000,1095049000,581259000,2354904000,258.69,259.34,14.4876,6869614000,4206186000,3219590000,4395509000,1748987000,514000000,14418127000,2474105000,24.21,-203364000,313.18,205.45
