date,symbol,eps,revenue_ttm,pe_ratio,accumulateddepreciationamortizationppe,beta,book_value,capitalexpenditures,capitalleaseobligations,cashandcashequivalentsatcarryingvalue,cashandshortterminvestments,cashflowfromfinancing,cashflowfrominvestment,changeincashandcashequivalents,changeinexchangerate,changeininventory,changeinoperatingassets,changeinoperatingliabilities,changeinreceivables,commonstock,commonstocksharesoutstanding,comprehensiveincomenetoftax,costofgoodsandservicessold,costofrevenue,currentaccountspayable,currentdebt,currentlongtermdebt,currentnetreceivables,deferredrevenue,depreciation,depreciationandamortization,depreciationdepletionandamortization,dividend_per_share,dividend_yield,dividendpayout,dividendpayoutcommonstock,dividendpayoutpreferredstock,earnings_growth_yoy,earnings_surprise,ebit,ebitda,estimated_eps,fiscaldateending,forward_pe,goodwill,gross_profit_ttm,grossprofit,incomebeforetax,incometaxexpense,intangibleassets,intangibleassetsexcludinggoodwill,interestanddebtexpense,interestexpense,interestincome,inventory,investmentincomenet,investments,longtermdebt,longtermdebtnoncurrent,longterminvestments,netincome,netincomefromcontinuingoperations,netinterestincome,noninterestincome,operating_margin_ttm,operatingcashflow,operatingexpenses,operatingincome,othercurrentassets,othercurrentliabilities,othernoncurrentassets,othernoncurrentliabilities,othernonoperatingincome,paymentsforoperatingactivities,paymentsforrepurchaseofcommonstock,paymentsforrepurchaseofequity,paymentsforrepurchaseofpreferredstock,peg_ratio,price_to_book,price_to_sales_ttm,proceedsfromissuanceofcommonstock,proceedsfromissuanceoflongtermdebtandcapitalsecuritiesnet,proceedsfromissuanceofpreferredstock,proceedsfromoperatingactivities,proceedsfromrepaymentsofshorttermdebt,proceedsfromrepurchaseofequity,proceedsfromsaleoftreasurystock,profit_margin,profitloss,propertyplantequipment,report_date,report_type,reported_eps,reportedcurrency,reporttime,researchanddevelopment,retainedearnings,return_on_assets_ttm,return_on_equity_ttm,revenue_growth_yoy,revenue_per_share_ttm,sellinggeneralandadministrative,shortlongtermdebttotal,shorttermdebt,shortterminvestments,sma_200,sma_50,surprise_pct,totalassets,totalcurrentassets,totalcurrentliabilities,totalliabilities,totalnoncurrentassets,totalnoncurrentliabilities,totalrevenue,totalshareholderequity,trailing_pe,treasurystock,week_52_high,week_52_low
2005-09-30,ICE,,,,,,,,,,,,,,,,,,,,,,,,,,,,,,,,,,,,,,0.0,,,,,,,,,,,,,,,,,,,,,,,,,,,,,,,,,,,,,,,,,,,,,,,,,,,,2005-11-30,,0.0099,,pre-market,,,,,,,,,,,,,,,,,,,,,,,,,
2005-12-31,ICE,,,,,,,,,,,,,,,,,,,,,,,,,,,,,,,,,,,,,,0.0,,,0.05,,,,,,,,,,,,,,,,,,,,,,,,,,,,,,,,,,,,,,,,,,,,,,,,,2006-02-23,,0.05,,pre-market,,,,,,,,,,,,,0.0,,,,,,,,,,,,
2006-03-31,ICE,,,,,,,,,,,,,,,,,,,,,,,,,,,,,,,,,,,,,,0.01,,,0.06,,,,,,,,,,,,,,,,,,,,,,,,,,,,,,,,,,,,,,,,,,,,,,,,,2006-05-02,,0.07,,pre-market,,,,,,,,,,,,,16.6667,,,,,,,,,,,,
2006-06-30,ICE,,,,,,,,,,,,,,,,,,,,,,,,,,,,,,,,,,,,,,0.0,,,0.1,,,,,,,,,,,,,,,,,,,,,,,,,,,,,,,,,,,,,,,,,,,,,,,,,2006-07-26,,0.1,,pre-market,,,,,,,,,,,,,0.0,,,,,,,,,,,,
2006-09-30,ICE,,,,,,,,,,,,,,,,,,,,,,,,,,,,,,,,,,,,,,0.01,,,0.14,,,,,,,,,,,,,,,,,,,,,,,,,,,,,,,,,,,,,,,,,,,,,,,,,2006-11-02,,0.15,,pre-market,,,,,,,,,,,,,7.1429,,,,,,,,,,,,
2006-12-31,ICE,,,,,,,,,,,,,,,,,,,,,,,,,,,,,,,,,,,,,,0.01,,,0.15,,,,,,,,,,,,,,,,,,,,,,,,,,,,,,,,,,,,,,,,,,,,,,,,,2007-02-07,,0.16,,pre-market,,,,,,,,,,,,,6.6667,,,,,,,,,,,,
2007-03-31,ICE,,,,,,,,,,,,,,,,,,,,,,,,,,,,,,,,,,,,,,0.0,,,0.14,,,,,,,,,,,,,,,,,,,,,,,,,,,,,,,,,,,,,,,,,,,,,,,,,2007-05-02,,0.14,,pre-market,,,,,,,,,,,,,0.0,,,,,,,,,,,,
2007-06-30,ICE,,,,,,,,,,,,,,,,,,,,,,,,,,,,,,,,,,,,,,0.0,,,0.15,,,,,,,,,,,,,,,,,,,,,,,,,,,,,,,,,,,,,,,,,,,,,,,,,2007-07-26,,0.15,,pre-market,,,,,,,,,,,,,0.0,,,,,,,,,,,,
2007-09-30,ICE,,,,,,,,,,,,,,,,,,,,,,,,,,,,,,,,,,,,,,0.01,,,0.18,,,,,,,,,,,,,,,,,,,,,,,,,,,,,,,,,,,,,,,,,,,,,,,,,2007-10-25,,0.19,,pre-market,,,,,,,,,,,,,5.5556,,,,,,,,,,,,
2007-12-31,ICE,,,,,,,,,,,,,,,,,,,,,,,,,,,,,,,,,,,,,,0.0,,,0.18,,,,,,,,,,,,,,,,,,,,,,,,,,,,,,,,,,,,,,,,,,,,,,,,,2008-01-31,,0.18,,pre-market,,,,,,,,,,,,,0.0,,,,,,,,,,,,
2008-03-31,ICE,,,,,,,,,,,,,,,,,,,,,,,,,,,,,,,,,,,,,,0.0,,,0.26,,,,,,,,,,,,,,,,,,,,,,,,,,,,,,,,,,,,,,,,,,,,,,,,,2008-05-02,,0.26,,pre-market,,,,,,,,,,,,,0.0,,,,,,,,,,,,
2008-06-30,ICE,,,,,,,,,,,,,,,,,,,,,,,,,,,,,,,,,,,,,,0.0,,,0.24,,,,,,,,,,,,,,,,,,,,,,,,,,,,,,,,,,,,,,,,,,,,,,,,,2008-08-04,,0.24,,pre-market,,,,,,,,,,,,,0.0,,,,,,,,,,,,
2008-09-30,ICE,,,,,,,,,,,,,,,,,,,,,,,,,,,,,,,,,,,,,,0.0,,,0.21,,,,,,,,,,,,,,,,,,,,,,,,,,,,,,,,,,,,,,,,,,,,,,,,,2008-10-30,,0.21,,pre-market,,,,,,,,,,,,,0.0,,,,,,,,,,,,
2008-12-31,ICE,,,,,,,,,,,,,,,,,,,,,,,,,,,,,,,,,,,,,,-0.01,,,0.17,,,,,,,,,,,,,,,,,,,,,,,,,,,,,,,,,,,,,,,,,,,,,,,,,2009-02-10,,0.16,,pre-market,,,,,,,,,,,,,-5.8824,,,,,,,,,,,,
2009-03-31,ICE,,,,,,,,,,,,,,,,,,,,,,,,,,,,,,,,,,,,,,0.03,,,0.19,,,,,,,,,,,,,,,,,,,,,,,,,,,,,,,,,,,,,,,,,,,,,,,,,2009-05-05,,0.22,,pre-market,,,,,,,,,,,,,15.7895,,,,,,,,,,,,
2009-06-30,ICE,,,,,,,,,,,,,,,,,,,,,,,,,,,,,,,,,,,,,,-0.01,,,0.23,,,,,,,,,,,,,,,,,,,,,,,,,,,,,,,,,,,,,,,,,,,,,,,,,2009-08-04,,0.22,,pre-market,,,,,,,,,,,,,-4.3478,,,,,,,,,,,,
2009-09-30,ICE,,,,,,,,,,,,,,,,,,,,,,,,,,,,,,,,,,,,,,0.01,,,0.23,,,,,,,,,,,,,,,,,,,,,,,,,,,,,,,,,,,,,,,,,,,,,,,,,2009-11-03,,0.24,,pre-market,,,,,,,,,,,,,4.3478,,,,,,,,,,,,
2009-12-31,ICE,,,,,,,,,,,,,,,,,,,,,,,,,,,,,,,,,,,,,,-0.01,,,0.23,,,,,,,,,,,,,,,,,,,,,,,,,,,,,,,,,,,,,,,,,,,,,,,,,2010-02-10,,0.22,,pre-market,,,,,,,,,,,,,-4.3478,,,,,,,,,,,,
2010-03-31,ICE,,,,,,,,,,,,,,,,,,,,,,,,,,,,,,,,,,,,,,0.01,,,0.26,,,,,,,,,,,,,,,,,,,,,,,,,,,,,,,,,,,,,,,,,,,,,,,,,2010-05-05,,0.27,,pre-market,,,,,,,,,,,,,3.8462,,,,,,,,,,,,
2010-06-30,ICE,,,,,,,,,,,,,,,,,,,,,,,,,,,,,,,,,,,,,,0.02,,,0.28,,,,,,,,,,,,,,,,,,,,,,,,,,,,,,,,,,,,,,,,,,,,,,,,,2010-08-04,,0.3,,pre-market,,,,,,,,,,,,,7.1429,,,,,,,,,,,,
2010-09-30,ICE,,,,,,,,,,,,,,,,,,,,,,,,,,,,,,,,,,,,,,0.01,,,0.27,,,,,,,,,,,,,,,,,,,,,,,,,,,,,,,,,,,,,,,,,,,,,,,,,2010-11-01,,0.28,,pre-market,,,,,,,,,,,,,3.7037,,,,,,,,,,,,
2010-12-31,ICE,,,,,,,,,,,,,,,,,,,,,,,,,,,,,,,,,,,,,,0.0,,,0.27,,,,,,,,,,,,,,,,,,,,,,,,,,,,,,,,,,,,,,,,,,,,,,,,,2011-02-09,,0.27,,pre-market,,,,,,,,,,,,,0.0,,,,,,,,,,,,
2011-03-31,ICE,,,,,,,,,,,,,,,,,,,,,,,,,,,,,,,,,,,,,,0.01,,,0.34,,,,,,,,,,,,,,,,,,,,,,,,,,,,,,,,,,,,,,,,,,,,,,,,,2011-05-04,,0.35,,pre-market,,,,,,,,,,,,,2.9412,,,,,,,,,,,,
2011-06-30,ICE,,,,,,,,,,,,,,,,,,,,,,,,,,,,,,,,,,,,,,0.01,,,0.33,,,,,,,,,,,,,,,,,,,,,,,,,,,,,,,,,,,,,,,,,,,,,,,,,2011-08-03,,0.34,,pre-market,,,,,,,,,,,,,3.0303,,,,,,,,,,,,
2011-09-30,ICE,,,,,,,,,,,,,,,,,,,,,,,,,,,,,,,,,,,,,,0.02,,,0.35,,,,,,,,,,,,,,,,,,,,,,,,,,,,,,,,,,,,,,,,,,,,,,,,,2011-11-02,,0.37,,pre-market,,,,,,,,,,,,,5.7143,,,,,,,,,,,,
2011-12-31,ICE,,,,,,,,,,,,,,,,,,,,,,,,,,,,,,,,,,,,,,0.01,,,0.34,,,,,,,,,,,,,,,,,,,,,,,,,,,,,,,,,,,,,,,,,,,,,,,,,2012-02-08,,0.35,,pre-market,,,,,,,,,,,,,2.9412,,,,,,,,,,,,
2012-03-31,ICE,,,,,,,,,,,,,,,,,,,,,,,,,,,,,,,,,,,,,,0.0,,,0.4,,,,,,,,,,,,,,,,,,,,,,,,,,,,,,,,,,,,,,,,,,,,,,,,,2012-05-02,,0.4,,pre-market,,,,,,,,,,,,,0.0,,,,,,,,,,,,
2012-06-30,ICE,,,,,,,,,,,,,,,,,,,,,,,,,,,,,,,,,,,,,,0.01,,,0.38,,,,,,,,,,,,,,,,,,,,,,,,,,,,,,,,,,,,,,,,,,,,,,,,,2012-08-01,,0.39,,pre-market,,,,,,,,,,,,,2.6316,,,,,,,,,,,,
2012-09-30,ICE,,,,,,,,,,,,,,,,,,,,,,,,,,,,,,,,,,,,,,0.02,,,0.34,,,,,,,,,,,,,,,,,,,,,,,,,,,,,,,,,,,,,,,,,,,,,,,,,2012-11-05,,0.36,,pre-market,,,,,,,,,,,,,5.8824,,,,,,,,,,,,
2012-12-31,ICE,,,,,,,,,,,,,,,,,,,,,,,,,,,,,,,,,,,,,,0.0,,,0.35,,,,,,,,,,,,,,,,,,,,,,,,,,,,,,,,,,,,,,,,,,,,,,,,,2013-02-06,,0.35,,pre-market,,,,,,,,,,,,,0.0,,,,,,,,,,,,
2013-03-31,ICE,,,,,,,,,,,,,,,,,,,,,,,,,,,,,,,,,,,,,,0.02,,,0.39,,,,,,,,,,,,,,,,,,,,,,,,,,,,,,,,,,,,,,,,,,,,,,,,,2013-05-01,,0.41,,pre-market,,,,,,,,,,,,,5.1282,,,,,,,,,,,,
2013-06-30,ICE,,,,,,,,,,,,,,,,,,,,,,,,,,,,,,,,,,,,,,0.01,,,0.43,,,,,,,,,,,,,,,,,,,,,,,,,,,,,,,,,,,,,,,,,,,,,,,,,2013-08-06,,0.44,,pre-market,,,,,,,,,,,,,2.3256,,,,,,,,,,,,
2013-09-30,ICE,,,,,,,,,,,,,,,,,,,,,,,,,,,,,,,,,,,,,,0.02,,,0.37,,,,,,,,,,,,,,,,,,,,,,,,,,,,,,,,,,,,,,,,,,,,,,,,,2013-11-05,,0.39,,pre-market,,,,,,,,,,,,,5.4054,,,,,,,,,,,,
2013-12-31,ICE,,,,,,,,,,,,,,,,,,,,,,,,,,,,,,,,,,,,,,0.01,,,0.39,,,,,,,,,,,,,,,,,,,,,,,,,,,,,,,,,,,,,,,,,,,,,,,,,2014-02-11,,0.4,,pre-market,,,,,,,,,,,,,2.5641,,,,,,,,,,,,
2014-03-31,ICE,,,,,,,,,,,,,,,,,,,,,,,,,,,,,,,,,,,,,,0.0,,,0.52,,,,,,,,,,,,,,,,,,,,,,,,,,,,,,,,,,,,,,,,,,,,,,,,,2014-05-08,,0.52,,pre-market,,,,,,,,,,,,,0.0,,,,,,,,,,,,
2014-06-30,ICE,,,,,,,,,,,,,,,,,,,,,,,,,,,,,,,,,,,,,,0.02,,,0.4,,,,,,,,,,,,,,,,,,,,,,,,,,,,,,,,,,,,,,,,,,,,,,,,,2014-08-07,,0.42,,pre-market,,,,,,,,,,,,,5.0,,,,,,,,,,,,
2014-09-30,ICE,,,,,,,,,,,,,,,,,,,,,,,,,,,,,,,,,,,,,,0.03,,,0.4,,,,,,,,,,,,,,,,,,,,,,,,,,,,,,,,,,,,,,,,,,,,,,,,,2014-11-04,,0.43,,pre-market,,,,,,,,,,,,,7.5,,,,,,,,,,,,
2014-12-31,ICE,,,,,,,,,,,,,,,,,,,,,,,,,,,,,,,,,,,,,,0.01,,,0.51,,,,,,,,,,,,,,,,,,,,,,,,,,,,,,,,,,,,,,,,,,,,,,,,,2015-02-05,,0.52,,pre-market,,,,,,,,,,,,,1.9608,,,,,,,,,,,,
2015-03-31,ICE,,,,,,,,,,,,,,,,,,,,,,,,,,,,,,,,,,,,,,0.02,,,0.59,,,,,,,,,,,,,,,,,,,,,,,,,,,,,,,,,,,,,,,,,,,,,,,,,2015-05-05,,0.61,,pre-market,,,,,,,,,,,,,3.3898,,,,,,,,,,,,
2015-06-30,ICE,,,,,,,,,,,,,,,,,,,,,,,,,,,,,,,,,,,,,,0.03,,,0.55,,,,,,,,,,,,,,,,,,,,,,,,,,,,,,,,,,,,,,,,,,,,,,,,,2015-08-05,,0.58,,pre-market,,,,,,,,,,,,,5.4545,,,,,,,,,,,,
2015-09-30,ICE,,,,,,,,,,,,,,,,,,,,,,,,,,,,,,,,,,,,,,0.0,,,0.58,,,,,,,,,,,,,,,,,,,,,,,,,,,,,,,,,,,,,,,,,,,,,,,,,2015-10-28,,0.58,,pre-market,,,,,,,,,,,,,0.0,,,,,,,,,,,,
2015-12-31,ICE,,,,,,,,,,,,,,,,,,,,,,,,,,,,,,,,,,,,,,0.05,,,0.6,,,,,,,,,,,,,,,,,,,,,,,,,,,,,,,,,,,,,,,,,,,,,,,,,2016-02-04,,0.65,,pre-market,,,,,,,,,,,,,8.3333,,,,,,,,,,,,
2016-03-31,ICE,,,,,,,,,,,,,,,,,,,,,,,,,,,,,,,,,,,,,,0.01,,,0.73,,,,,,,,,,,,,,,,,,,,,,,,,,,,,,,,,,,,,,,,,,,,,,,,,2016-05-04,,0.74,,pre-market,,,,,,,,,,,,,1.3699,,,,,,,,,,,,
2016-06-30,ICE,,,,,,,,,,,,,,,,,,,,,,,,,,,,,,,,,,,,,,0.01,,,0.68,,,,,,,,,,,,,,,,,,,,,,,,,,,,,,,,,,,,,,,,,,,,,,,,,2016-08-03,,0.69,,pre-market,,,,,,,,,,,,,1.4706,,,,,,,,,,,,
2016-09-30,ICE,,,,,,,,,,,,,,,,,,,,,,,,,,,,,,,,,,,,,,0.0,,,0.64,,,,,,,,,,,,,,,,,,,,,,,,,,,,,,,,,,,,,,,,,,,,,,,,,2016-11-01,,0.64,,pre-market,,,,,,,,,,,,,0.0,,,,,,,,,,,,
2016-12-31,ICE,,,,,,,,,,,,,,,,,,,,,,,,,,,,,,,,,,,,,,0.02,,,0.69,,,,,,,,,,,,,,,,,,,,,,,,,,,,,,,,,,,,,,,,,,,,,,,,,2017-02-07,,0.71,,pre-market,,,,,,,,,,,,,2.8986,,,,,,,,,,,,
2017-03-31,ICE,,,,,,,,,,,,,,,,,,,,,,,,,,,,,,,,,,,,,,0.01,,,0.73,,,,,,,,,,,,,,,,,,,,,,,,,,,,,,,,,,,,,,,,,,,,,,,,,2017-05-03,,0.74,,pre-market,,,,,,,,,,,,,1.3699,,,,,,,,,,,,
2017-06-30,ICE,,,,,,,,,,,,,,,,,,,,,,,,,,,,,,,,,,,,,,-0.01,,,0.76,,,,,,,,,,,,,,,,,,,,,,,,,,,,,,,,,,,,,,,,,,,,,,,,,2017-08-03,,0.75,,pre-market,,,,,,,,,,,,,-1.3158,,,,,,,,,,,,
2017-09-30,ICE,,,,,,,,,,,,,,,,,,,,,,,,,,,,,,,,,,,,,,0.03,,,0.7,,,,,,,,,,,,,,,,,,,,,,,,,,,,,,,,,,,,,,,,,,,,,,,,,2017-11-02,,0.73,,pre-market,,,,,,,,,,,,,4.2857,,,,,,,,,,,,
2017-12-31,ICE,,,,,,,,,,,,,,,,,,,,,,,,,,,,,,,,,,,,,,0.01,,,0.72,,,,,,,,,,,,,,,,,,,,,,,,,,,,,,,,,,,,,,,,,,,,,,,,,2018-02-06,,0.73,,post-market,,,,,,,,,,,,,1.3889,,,,,,,,,,,,
2018-03-31,ICE,,,,,,,,,,,,,,,,,,,,,,,,,,,,,,,,,,,,,,0.02,,,0.88,,,,,,,,,,,,,,,,,,,,,,,,,,,,,,,,,,,,,,,,,,,,,,,,,2018-05-03,,0.9,,pre-market,,,,,,,,,,,,,2.2727,,,,,,,,,,,,
2018-06-30,ICE,,,,,,,,,,,,,,,,,,,,,,,,,,,,,,,,,,,,,,0.01,,,0.89,,,,,,,,,,,,,,,,,,,,,,,,,,,,,,,,,,,,,,,,,,,,,,,,,2018-08-02,,0.9,,pre-market,,,,,,,,,,,,,1.1236,,,,,,,,,,,,
2018-09-30,ICE,,,,,,,,,,,,,,,,,,,,,,,,,,,,,,,,,,,,,,0.05,,,0.8,,,,,,,,,,,,,,,,,,,,,,,,,,,,,,,,,,,,,,,,,,,,,,,,,2018-10-31,,0.85,,pre-market,,,,,,,,,,,,,6.25,,,,,,,,,,,,
2018-12-31,ICE,,,,,,,,,,,,,,,,,,,,,,,,,,,,,,,,,,,,,,0.02,,,0.92,,,,,,,,,,,,,,,,,,,,,,,,,,,,,,,,,,,,,,,,,,,,,,,,,2019-02-07,,0.94,,pre-market,,,,,,,,,,,,,2.1739,,,,,,,,,,,,
2019-03-31,ICE,,,,,,,,,,,,,,,,,,,,,,,,,,,,,,,,,,,,,,0.02,,,0.9,,,,,,,,,,,,,,,,,,,,,,,,,,,,,,,,,,,,,,,,,,,,,,,,,2019-05-02,,0.92,,pre-market,,,,,,,,,,,,,2.2222,,,,,,,,,,,,
2019-06-30,ICE,,,,,,,,,,,,,,,,,,,,,,,,,,,,,,,,,,,,,,0.02,,,0.92,,,,,,,,,,,,,,,,,,,,,,,,,,,,,,,,,,,,,,,,,,,,,,,,,2019-08-01,,0.94,,pre-market,,,,,,,,,,,,,2.1739,,,,,,,,,,,,
2019-09-30,ICE,,,,,,,,,,,,,,,,,,,,,,,,,,,,,,,,,,,,,,0.1,,,0.96,,,,,,,,,,,,,,,,,,,,,,,,,,,,,,,,,,,,,,,,,,,,,,,,,2019-10-31,,1.06,,pre-market,,,,,,,,,,,,,10.4167,,,,,,,,,,,,
2019-12-31,ICE,,,,,,,,,,,,,,,,,,,,,,,,,,,,,,,,,,,,,,0.0,,,0.95,,,,,,,,,,,,,,,,,,,,,,,,,,,,,,,,,,,,,,,,,,,,,,,,,2020-02-06,,0.95,,pre-market,,,,,,,,,,,,,0.0,,,,,,,,,,,,
2020-03-31,ICE,,,,,,,,,,,,,,,,,,,,,,,,,,,,,,,,,,,,,,0.04,,,1.24,,,,,,,,,,,,,,,,,,,,,,,,,,,,,,,,,,,,,,,,,,,,,,,,,2020-04-30,,1.28,,pre-market,,,,,,,,,,,,,3.2258,,,,,,,,,,,,
2020-06-30,ICE,,,,,,,,,,,,,,,,,,,,,,,,,,,,,,,,,,,,,,0.03,,,1.04,,,,,,,,,,,,,,,,,,,,,,,,,,,,,,,,,,,,,,,,,,,,,,,,,2020-07-30,,1.07,,pre-market,,,,,,,,,,,,,2.8846,,,,,,,,,,,,
2020-09-30,ICE,,,,,,,,,,,,,,,,,,,,,,,,,,,,,,,,,,,,,,0.04,,,0.99,,,,,,,,,,,,,,,,,,,,,,,,,,,,,,,,,,,,,,,,,,,,,,,,,2020-10-29,,1.03,,pre-market,,,,,,,,,,,,,4.0404,,,,,,,,,,,,
2020-12-31,ICE,,,,,,,,,,,,,,,,,,,,,,,,,,,,,,,,,,,,,,0.05,,,1.08,,,,,,,,,,,,,,,,,,,,,,,,,,,,,,,,,,,,,,,,,,,,,,,,,2021-02-04,,1.13,,pre-market,,,,,,,,,,,,,4.6296,,,,,,,,,,,,
2021-03-31,ICE,,,,,,,,,,,,,,,,,,,,,,,,,,,,,,,,,,,,,,0.04,,,1.3,,,,,,,,,,,,,,,,,,,,,,,,,,,,,,,,,,,,,,,,,,,,,,,,,2021-04-29,,1.34,,pre-market,,,,,,,,,,,,,3.0769,,,,,,,,,,,,
2021-06-30,ICE,,,,,,,,,,,,,,,,,,,,,,,,,,,,,,,,,,,,,,0.0,,,1.16,,,,,,,,,,,,,,,,,,,,,,,,,,,,,,,,,,,,,,,,,,,,,,,,,2021-07-29,,1.16,,pre-market,,,,,,,,,,,,,0.0,,,,,,,,,,,,
2021-09-30,ICE,,,,,,,,,,,,,,,,,,,,,,,,,,,,,,,,,,,,,,0.08,,,1.22,,,,,,,,,,,,,,,,,,,,,,,,,,,,,,,,,,,,,,,,,,,,,,,,,2021-10-28,,1.3,,pre-market,,,,,,,,,,,,,6.5574,,,,,,,,,,,,
2021-12-31,ICE,,,,,,,,,,,,,,,,,,,,,,,,,,,,,,,,,,,,,,0.02,,,1.32,,,,,,,,,,,,,,,,,,,,,,,,,,,,,,,,,,,,,,,,,,,,,,,,,2022-02-03,,1.34,,pre-market,,,,,,,,,,,,,1.5152,,,,,,,,,,,,
2022-03-31,ICE,,,,,,,,,,,,,,,,,,,,,,,,,,,,,,,,,,,,,,0.01,,,1.42,,,,,,,,,,,,,,,,,,,,,,,,,,,,,,,,,,,,,,,,,,,,,,,,,2022-05-05,,1.43,,pre-market,,,,,,,,,,,,,0.7042,,,,,,,,,,,,
2022-06-30,ICE,,,,,,,,,,,,,,,,,,,,,,,,,,,,,,,,,,,,,,0.05,,,1.27,,,,,,,,,,,,,,,,,,,,,,,,,,,,,,,,,,,,,,,,,,,,,,,,,2022-08-04,,1.32,,pre-market,,,,,,,,,,,,,3.937,,,,,,,,,,,,
2022-09-30,ICE,,,,,,,,,,,,,,,,,,,,,,,,,,,,,,,,,,,,,,0.04,,,1.27,,,,,,,,,,,,,,,,,,,,,,,,,,,,,,,,,,,,,,,,,,,,,,,,,2022-11-03,,1.31,,pre-market,,,,,,,,,,,,,3.1496,,,,,,,,,,,,
2022-12-31,ICE,,,,,,,,,,,,,,,,,,,,,,,,,,,,,,,,,,,,,,-0.01,,,1.26,,,,,,,,,,,,,,,,,,,,,,,,,,,,,,,,,,,,,,,,,,,,,,,,,2023-02-02,,1.25,,pre-market,,,,,,,,,,,,,-0.7937,,,,,,,,,,,,
2023-03-31,ICE,,,,,,,,,,,,,,,,,,,,,,,,,,,,,,,,,,,,,,0.01,,,1.4,,,,,,,,,,,,,,,,,,,,,,,,,,,,,,,,,,,,,,,,,,,,,,,,,2023-05-04,,1.41,,pre-market,,,,,,,,,,,,,0.7143,,,,,,,,,,,,
2023-06-30,ICE,,,,,,,,,,,,,,,,,,,,,,,,,,,,,,,,,,,,,,0.06,,,1.37,,,,,,,,,,,,,,,,,,,,,,,,,,,,,,,,,,,,,,,,,,,,,,,,,2023-08-03,,1.43,,pre-market,,,,,,,,,,,,,4.3796,,,,,,,,,,,,
2023-09-30,ICE,,,,,,,,,,,,,,,,,,,,,,,,,,,,,,,,,,,,,,0.07,,,1.39,,,,,,,,,,,,,,,,,,,,,,,,,,,,,,,,,,,,,,,,,,,,,,,,,2023-11-02,,1.46,,pre-market,,,,,,,,,,,,,5.036,,,,,,,,,,,,
2023-12-31,ICE,,,,,,,,,,,,,,,,,,,,,,,,,,,,,,,,,,,,,,0.04,,,1.29,,,,,,,,,,,,,,,,,,,,,,,,,,,,,,,,,,,,,,,,,,,,,,,,,2024-02-08,,1.33,,pre-market,,,,,,,,,,,,,3.1008,,,,,,,,,,,,
2024-03-31,ICE,,,,,,,,,,,,,,,,,,,,,,,,,,,,,,,,,,,,,,0.0,,,1.48,,,,,,,,,,,,,,,,,,,,,,,,,,,,,,,,,,,,,,,,,,,,,,,,,2024-05-02,,1.48,,pre-market,,,,,,,,,,,,,0.0,,,,,,,,,,,,
2024-06-30,ICE,,,,,,,,,,,,,,,,,,,,,,,,,,,,,,,,,,,,,,0.03,,,1.49,,,,,,,,,,,,,,,,,,,,,,,,,,,,,,,,,,,,,,,,,,,,,,,,,2024-08-01,,1.52,,pre-market,,,,,,,,,,,,,2.0134,,,,,,,,,,,,
2024-09-30,ICE,,,,,,,,,,,,,,,,,,,,,,,,,,,,,,,,,,,,,,0.0,,,1.55,,,,,,,,,,,,,,,,,,,,,,,,,,,,,,,,,,,,,,,,,,,,,,,,,2024-10-31,,1.55,,pre-market,,,,,,,,,,,,,0.0,,,,,,,,,,,,
2024-12-31,ICE,,,,,,,,,,,,,,,,,,,,,,,,,,,,,,,,,,,,,,0.03,,,1.49,,,,,,,,,,,,,,,,,,,,,,,,,,,,,,,,,,,,,,,,,,,,,,,,,2025-02-06,,1.52,,pre-market,,,,,,,,,,,,,2.0134,,,,,,,,,,,,
2025-03-31,ICE,,,,,,,,,,,,,,,,,,,,,,,,,,,,,,,,,,,,,,0.02,,,1.7,,,,,,,,,,,,,,,,,,,,,,,,,,,,,,,,,,,,,,,,,,,,,,,,,2025-05-01,,1.72,,pre-market,,,,,,,,,,,,,1.1765,,,,,,,,,,,,
2025-06-30,ICE,,,,,,,,,,,,,,,,,,,,,,,,,,,,,,,,,,,,,,0.04,,,1.77,,,,,,,,,,,,,,,,,,,,,,,,,,,,,,,,,,,,,,,,,,,,,,,,,2025-07-31,,1.81,,pre-market,,,,,,,,,,,,,2.2599,,,,,,,,,,,,
2025-09-30,ICE,,,,,,,,,,,,,,,,,,,,,,,,,,,,,,,,,,,,,,0.02,,,1.69,,,,,,,,,,,,,,,,,,,,,,,,,,,,,,,,,,,,,,,,,,,,,,,,,2025-10-30,,1.71,,pre-market,,,,,,,,,,,,,1.1834,,,,,,,,,,,,
2025-12-28,ICE,5.49,9750000000.0,29.79,,1.052,50.25,,,,,,,,,,,,,,,,,,,,,,,,,,1.89,0.0116,,,,0.246,0.02,,,1.69,,22.03,,9750000000.0,,,,,,,,,,,,,,,,,,,0.491,,,,,,,,,,,,,2.208,3.255,9.6,,,,,,,,0.324,,,2025-10-30,,1.71,,pre-market,,,0.0219,0.115,0.026,17.02,,,,,169.43,155.37,1.1834,,,,,,,,,29.79,,188.26,140.7
2025-12-28,ICE,5.49,9750000000.0,29.79,,1.052,50.25,,,,,,,,,,,,,,,None,1298000000,1298000000,,,,,,None,387000000,,1.89,0.0116,,,,0.246,0.02,1273000000,1660000000,1.69,2025-09-30,22.03,,9750000000.0,1709000000,1081000000,250000000,,,None,192000000,28000000,,None,,,,,816000000,831000000,-164000000,None,0.491,,535000000,1174000000,,,,,None,,,,,2.208,3.255,9.6,,,,,,,,0.324,,,2025-10-30,quarterly,1.71,USD,pre-market,None,,0.0219,0.115,0.026,17.02,139000000,,,,169.43,155.37,1.1834,,,,,,,3007000000,,29.79,,188.26,140.7
2025-12-28,ICE,5.49,9750000000.0,29.79,,1.052,50.25,,,,,,,,,,,,,,,None,1433000000,1433000000,,,,,,None,395000000,,1.89,0.0116,,,,0.246,0.02,1333000000,1728000000,1.69,2025-06-30,22.03,,9750000000.0,1829000000,1132000000,267000000,,,None,201000000,31000000,,None,,,,,851000000,865000000,-170000000,None,0.491,,532000000,1297000000,,,,,None,,,,,2.208,3.255,9.6,,,,,,,,0.324,,,2025-10-30,quarterly,1.71,USD,pre-market,None,,0.0219,0.115,0.026,17.02,127000000,,,,169.43,155.37,1.1834,,,,,,,3262000000,,29.79,,188.26,140.7
2025-12-28,ICE,5.49,9750000000.0,29.79,,1.052,50.25,,,,,,,,,,,,,,,None,1450000000,1450000000,,,,,,None,389000000,,1.89,0.0116,,,,0.246,0.02,1273000000,1662000000,1.69,2025-03-31,22.03,,9750000000.0,1779000000,1067000000,255000000,,,None,206000000,33000000,,None,,,,,797000000,812000000,-173000000,None,0.491,,558000000,1221000000,,,,,None,,,,,2.208,3.255,9.6,,,,,,,,0.324,,,2025-10-30,quarterly,1.71,USD,pre-market,None,,0.0219,0.115,0.026,17.02,137000000,,,,169.43,155.37,1.1834,,,,,,,3229000000,,29.79,,188.26,140.7
2025-12-28,ICE,5.49,9750000000.0,29.79,,1.052,50.25,,,,,,,,,,,,,,,None,1411000000,1411000000,,,,,,None,389000000,,1.89,0.0116,,,,0.246,0.02,1118000000,1507000000,1.69,2024-12-31,22.03,,9750000000.0,1619000000,905000000,196000000,,,None,213000000,36000000,,None,,,,,698000000,709000000,-177000000,None,0.491,,542000000,1077000000,,,,,None,,,,,2.208,3.255,9.6,,,,,,,,0.324,,,2025-10-30,quarterly,1.71,USD,pre-market,None,,0.0219,0.115,0.026,17.02,137000000,,,,169.43,155.37,1.1834,,,,,,,3030000000,,29.79,,188.26,140.7
2025-12-28,ICE,5.49,9750000000.0,29.79,,1.052,50.25,,,,,,,,,,,,,,,None,1383000000,1383000000,,,,,,None,386000000,,1.89,0.0116,,,,0.246,0.02,1121000000,1507000000,1.69,2024-09-30,22.03,,9750000000.0,1650000000,898000000,227000000,,,None,223000000,39000000,,None,,,,,657000000,671000000,-184000000,None,0.491,,547000000,1103000000,,,,,None,,,,,2.208,3.255,9.6,,,,,,,,0.324,,,2025-10-30,quarterly,1.71,USD,pre-market,None,,0.0219,0.115,0.026,17.02,124000000,,,,169.43,155.37,1.1834,,,,,,,3033000000,,29.79,,188.26,140.7
2025-12-28,ICE,5.49,9750000000.0,29.79,,1.052,50.25,,,,,,,,,,,,,,,None,1267000000,1267000000,,,,,,None,381000000,,1.89,0.0116,,,,0.246,0.02,1094000000,1475000000,1.69,2024-06-30,22.03,,9750000000.0,1630000000,861000000,222000000,,,None,233000000,36000000,,None,,,,,632000000,639000000,-197000000,None,0.491,,564000000,1066000000,,,,,None,,,,,2.208,3.255,9.6,,,,,,,,0.324,,,2025-10-30,quarterly,1.71,USD,pre-market,None,,0.0219,0.115,0.026,17.02,168000000,,,,169.43,155.37,1.1834,,,,,,,2897000000,,29.79,,188.26,140.7
2025-12-28,ICE,5.49,9750000000.0,29.79,,1.052,50.25,,,,,,,,,,,,,,,None,1178000000,1178000000,,,,,,None,381000000,,1.89,0.0116,,,,0.246,0.02,1205000000,1586000000,1.69,2024-03-31,22.03,,9750000000.0,1623000000,964000000,181000000,,,None,241000000,30000000,,None,,,,,767000000,783000000,-211000000,None,0.491,,560000000,1063000000,,,,,None,,,,,2.208,3.255,9.6,,,,,,,,0.324,,,2025-10-30,quarterly,1.71,USD,pre-market,None,,0.0219,0.115,0.026,17.02,143000000,,,,169.43,155.37,1.1834,,,,,,,2801000000,,29.79,,188.26,140.7
2025-12-28,ICE,5.49,9750000000.0,29.79,,1.052,50.25,,,,,,,,,,,,,,,None,1162000000,1162000000,,,,,,None,379000000,,1.89,0.0116,,,,0.246,0.02,767000000,1146000000,1.69,2023-12-31,22.03,,9750000000.0,1504000000,516000000,126000000,,,None,251000000,32000000,,None,,,,,373000000,390000000,-219000000,None,0.491,,579000000,925000000,,,,,None,,,,,2.208,3.255,9.6,,,,,,,,0.324,,,2025-10-30,quarterly,1.71,USD,pre-market,None,,0.0219,0.115,0.026,17.02,132000000,,,,169.43,155.37,1.1834,,,,,,,2666000000,,29.79,,188.26,140.7
2025-12-28,ICE,5.49,9750000000.0,29.79,,1.052,50.25,,,,,,,,,,,,,,,None,1010000000,1010000000,,,,,,None,309000000,,1.89,0.0116,,,,0.246,0.02,888000000,1197000000,1.69,2023-09-30,22.03,,9750000000.0,1419000000,682000000,123000000,,,None,206000000,94000000,,None,,,,,541000000,559000000,-112000000,None,0.491,,574000000,845000000,,,,,None,,,,,2.208,3.255,9.6,,,,,,,,0.324,,,2025-10-30,quarterly,1.71,USD,pre-market,None,,0.0219,0.115,0.026,17.02,110000000,,,,169.43,155.37,1.1834,,,,,,,2429000000,,29.79,,188.26,140.7
2025-12-28,ICE,5.49,9750000000.0,29.79,,1.052,50.25,,,,,,,,,,,,,,,None,972000000,972000000,,,,,,None,267000000,,1.89,0.0116,,,,0.246,0.02,1022000000,1289000000,1.69,2023-06-30,22.03,,9750000000.0,1364000000,847000000,32000000,,,None,175000000,102000000,,None,,,,,799000000,815000000,-73000000,None,0.491,,409000000,955000000,,,,,67000000,,,,,2.208,3.255,9.6,,,,,,,,0.324,,,2025-10-30,quarterly,1.71,USD,pre-market,None,,0.0219,0.115,0.026,17.02,117000000,,,,169.43,155.37,1.1834,,,,,,,2336000000,,29.79,,188.26,140.7
2025-12-28,ICE,5.49,9750000000.0,29.79,,1.052,50.25,,,,,,,,,,,,,,,None,1100000000,1100000000,,,,,,None,260000000,,1.89,0.0116,,,,0.246,0.02,1025000000,1285000000,1.69,2023-03-31,22.03,,9750000000.0,1372000000,849000000,175000000,,,None,176000000,51000000,,None,,,,,655000000,674000000,-85000000,None,0.491,,403000000,969000000,,,,,56000000,,,,,2.208,3.255,9.6,,,,,,,,0.324,,,2025-10-30,quarterly,1.71,USD,pre-market,None,,0.0219,0.115,0.026,17.02,122000000,,,,169.43,155.37,1.1834,,,,,,,2472000000,,29.79,,188.26,140.7
2025-12-28,ICE,5.49,9750000000.0,29.79,,1.052,50.25,,,,,,,,,,,,,,,None,1128000000,1128000000,,,,,,None,263000000,,1.89,0.0116,,,,0.246,0.02,740000000,1003000000,1.69,2022-12-31,22.03,,9750000000.0,1249000000,564000000,124000000,,,None,176000000,310000000,,None,,,,,425000000,440000000,-110000000,None,0.491,,385000000,864000000,,,,,-124000000,,,,,2.208,3.255,9.6,,,,,,,,0.324,,,2025-10-30,quarterly,1.71,USD,pre-market,None,,0.0219,0.115,0.026,17.02,110000000,,,,169.43,155.37,1.1834,,,,,,,2377000000,,29.79,,188.26,140.7
2025-12-28,ICE,5.49,9750000000.0,29.79,,1.052,50.25,,,,,,,,,,,,,,,None,1089000000,1089000000,,,,,,None,258000000,,1.89,0.0116,,,,0.246,0.02,-151000000,107000000,1.69,2022-09-30,22.03,,9750000000.0,1298000000,-327000000,-152000000,,,None,176000000,1243000000,,None,,,,,-191000000,-175000000,-143000000,None,0.491,,385000000,913000000,,,,,-1064000000,,,,,2.208,3.255,9.6,,,,,,,,0.324,,,2025-10-30,quarterly,1.71,USD,pre-market,None,,0.0219,0.115,0.026,17.02,108000000,,,,169.43,155.37,1.1834,,,,,,,2387000000,,29.79,,188.26,140.7
2025-12-28,ICE,5.49,9750000000.0,29.79,,1.052,50.25,,,,,,,,,,,,,,,None,1123000000,1123000000,,,,,,None,256000000,,1.89,0.0116,,,,0.246,0.02,900000000,1156000000,1.69,2022-06-30,22.03,,9750000000.0,1290000000,739000000,173000000,,,None,161000000,8000000,,None,,,,,555000000,566000000,-153000000,None,0.491,,421000000,869000000,,,,,31000000,,,,,2.208,3.255,9.6,,,,,,,,0.324,,,2025-10-30,quarterly,1.71,USD,pre-market,None,,0.0219,0.115,0.026,17.02,112000000,,,,169.43,155.37,1.1834,,,,,,,2413000000,,29.79,,188.26,140.7
2025-12-28,ICE,5.49,9750000000.0,29.79,,1.052,50.25,,,,,,,,,,,,,,,None,1094000000,1094000000,,,,,,None,254000000,,1.89,0.0116,,,,0.246,0.02,935000000,1189000000,1.69,2022-03-31,22.03,,9750000000.0,1365000000,832000000,165000000,,,None,103000000,1000000,,None,,,,,657000000,667000000,-102000000,None,0.491,,373000000,992000000,,,,,-57000000,,,,,2.208,3.255,9.6,,,,,,,,0.324,,,2025-10-30,quarterly,1.71,USD,pre-market,None,,0.0219,0.115,0.026,17.02,110000000,,,,169.43,155.37,1.1834,,,,,,,2459000000,,29.79,,188.26,140.7
2025-12-28,ICE,5.49,9750000000.0,29.79,,1.052,50.25,,,,,,,,,,,,,,,None,1028000000,1028000000,,,,,,None,250000000,,1.89,0.0116,,,,0.246,0.02,2211000000,2461000000,1.69,2021-12-31,22.03,,9750000000.0,1300000000,2109000000,580000000,,,None,102000000,187000000,,None,,,,,1527000000,1529000000,-101000000,None,0.491,,420000000,880000000,,,,,1331000000,,,,,2.208,3.255,9.6,,,,,,,,0.324,,,2025-10-30,quarterly,1.71,USD,pre-market,None,,0.0219,0.115,0.026,17.02,110000000,,,,169.43,155.37,1.1834,,,,,,,2328000000,,29.79,,188.26,140.7
2025-12-28,ICE,5.49,9750000000.0,29.79,,1.052,50.25,,,,,,,,,,,,,,,None,1017000000,1017000000,,,,,,None,253000000,,1.89,0.0116,,,,0.246,0.02,932000000,1185000000,1.69,2021-09-30,22.03,,9750000000.0,1260000000,824000000,187000000,,,None,108000000,72000000,,None,,,,,633000000,637000000,-108000000,None,0.491,,382000000,878000000,,,,,54000000,,,,,2.208,3.255,9.6,,,,,,,,0.324,,,2025-10-30,quarterly,1.71,USD,pre-market,None,,0.0219,0.115,0.026,17.02,115000000,,,,169.43,155.37,1.1834,,,,,,,2277000000,,29.79,,188.26,140.7
2025-12-28,ICE,5.49,9750000000.0,29.79,,1.052,50.25,,,,,,,,,,,,,,,None,957000000,957000000,,,,,,None,251000000,,1.89,0.0116,,,,0.246,0.02,2038000000,2289000000,1.69,2021-06-30,22.03,,9750000000.0,1177000000,1932000000,679000000,,,None,106000000,100000000,,None,,,,,1252000000,1253000000,-106000000,None,0.491,,378000000,799000000,,,,,1239000000,,,,,2.208,3.255,9.6,,,,,,,,0.324,,,2025-10-30,quarterly,1.71,USD,pre-market,None,,0.0219,0.115,0.026,17.02,117000000,,,,169.43,155.37,1.1834,,,,,,,2134000000,,29.79,,188.26,140.7
2025-12-28,ICE,5.49,9750000000.0,29.79,,1.052,50.25,,,,,,,,,,,,,,,None,1148000000,1148000000,,,,,,None,255000000,,1.89,0.0116,,,,0.246,0.02,940000000,1195000000,1.69,2021-03-31,22.03,,9750000000.0,1281000000,833000000,183000000,,,None,107000000,88000000,,None,,,,,646000000,650000000,-107000000,None,0.491,,389000000,892000000,,,,,48000000,,,,,2.208,3.255,9.6,,,,,,,,0.324,,,2025-10-30,quarterly,1.71,USD,pre-market,None,,0.0219,0.115,0.026,17.02,116000000,,,,169.43,155.37,1.1834,,,,,,,2429000000,,29.79,,188.26,140.7
2025-12-28,ICE,5.49,9750000000.0,29.79,,1.052,50.25,,,,,,,,,,,,,,,None,1062000000,1062000000,,,,,,None,257000000,,1.89,0.0116,,,,0.246,0.02,786000000,1043000000,1.69,2020-12-31,22.03,,9750000000.0,1171000000,674000000,146000000,,,None,112000000,1000000,,None,,,,,526000000,528000000,-111000000,None,0.491,,391000000,780000000,,,,,None,,,,,2.208,3.255,9.6,,,,,,,,0.324,,,2025-10-30,quarterly,1.71,USD,pre-market,None,,0.0219,0.115,0.026,17.02,119000000,,,,169.43,155.37,1.1834,,,,,,,2233000000,,29.79,,188.26,140.7
2025-12-28,ICE,5.49,9750000000.0,29.79,,1.052,50.25,,,,,,,,,,,,,,,None,948000000,948000000,,,,,,None,180000000,,1.89,0.0116,,,,0.246,0.02,672000000,852000000,1.69,2020-09-30,22.03,,9750000000.0,982000000,583000000,189000000,,,None,89000000,36000000,,None,,,,,390000000,394000000,-88000000,None,0.491,,355000000,627000000,,,,,45000000,,,,,2.208,3.255,9.6,,,,,,,,0.324,,,2025-10-30,quarterly,1.71,USD,pre-market,None,,0.0219,0.115,0.026,17.02,99000000,,,,169.43,155.37,1.1834,,,,,,,1930000000,,29.79,,188.26,140.7
2025-12-28,ICE,5.49,9750000000.0,29.79,,1.052,50.25,,,,,,,,,,,,,,,None,970000000,970000000,,,,,,None,157000000,,1.89,0.0116,,,,0.246,0.02,757000000,914000000,1.69,2020-06-30,22.03,,9750000000.0,996000000,673000000,145000000,,,None,84000000,2000000,,None,,,,,523000000,528000000,-82000000,None,0.491,,252000000,744000000,,,,,13000000,,,,,2.208,3.255,9.6,,,,,,,,0.324,,,2025-10-30,quarterly,1.71,USD,pre-market,None,,0.0219,0.115,0.026,17.02,93000000,,,,169.43,155.37,1.1834,,,,,,,1966000000,,29.79,,188.26,140.7
2025-12-28,ICE,5.49,9750000000.0,29.79,,1.052,50.25,,,,,,,,,,,,,,,None,965000000,965000000,,,,,,None,157000000,,1.89,0.0116,,,,0.246,0.02,908000000,1065000000,1.69,2020-03-31,22.03,,9750000000.0,1150000000,836000000,178000000,,,None,72000000,6000000,,None,,,,,650000000,658000000,-66000000,None,0.491,,268000000,882000000,,,,,26000000,,,,,2.208,3.255,9.6,,,,,,,,0.324,,,2025-10-30,quarterly,1.71,USD,pre-market,None,,0.0219,0.115,0.026,17.02,99000000,,,,169.43,155.37,1.1834,,,,,,,2115000000,,29.79,,188.26,140.7
2025-12-28,ICE,5.49,9750000000.0,29.79,,1.052,50.25,,,,,,,,,,,,,,,None,766000000,766000000,,,,,,None,189000000,,1.89,0.0116,,,,0.246,0.02,658000000,847000000,1.69,2019-12-31,22.03,,9750000000.0,901000000,587000000,134000000,,,None,71000000,8000000,,None,,,,,448000000,453000000,-63000000,None,0.491,,279000000,622000000,,,,,36000000,,,,,2.208,3.255,9.6,,,,,,,,0.324,,,2025-10-30,quarterly,1.71,USD,pre-market,None,,0.0219,0.115,0.026,17.02,89000000,,,,169.43,155.37,1.1834,,,,,,,1667000000,,29.79,,188.26,140.7
2025-12-28,ICE,5.49,9750000000.0,29.79,,1.052,50.25,,,,,,,,,,,,,,,None,714000000,714000000,,,,,,None,158000000,,1.89,0.0116,,,,0.246,0.02,712000000,870000000,1.69,2019-09-30,22.03,,9750000000.0,949000000,640000000,103000000,,,None,72000000,8000000,,None,,,,,529000000,537000000,-64000000,None,0.491,,243000000,706000000,,,,,6000000,,,,,2.208,3.255,9.6,,,,,,,,0.324,,,2025-10-30,quarterly,1.71,USD,pre-market,None,,0.0219,0.115,0.026,17.02,85000000,,,,169.43,155.37,1.1834,,,,,,,1663000000,,29.79,,188.26,140.7
2025-12-28,ICE,5.49,9750000000.0,29.79,,1.052,50.25,,,,,,,,,,,,,,,None,708000000,708000000,,,,,,None,157000000,,1.89,0.0116,,,,0.246,0.02,699000000,856000000,1.69,2019-06-30,22.03,,9750000000.0,926000000,628000000,150000000,,,None,71000000,10000000,,None,,,,,472000000,478000000,-61000000,None,0.491,,246000000,680000000,,,,,19000000,,,,,2.208,3.255,9.6,,,,,,,,0.324,,,2025-10-30,quarterly,1.71,USD,pre-market,None,,0.0219,0.115,0.026,17.02,88000000,,,,169.43,155.37,1.1834,,,,,,,1634000000,,29.79,,188.26,140.7
2025-12-28,ICE,5.49,9750000000.0,29.79,,1.052,50.25,,,,,,,,,,,,,,,None,668000000,668000000,,,,,,None,158000000,,1.89,0.0116,,,,0.246,0.02,697000000,855000000,1.69,2019-03-31,22.03,,9750000000.0,915000000,626000000,134000000,,,None,71000000,62000000,,None,,,,,484000000,492000000,-62000000,None,0.491,,250000000,665000000,,,,,32000000,,,,,2.208,3.255,9.6,,,,,,,,0.324,,,2025-10-30,quarterly,1.71,USD,pre-market,None,,0.0219,0.115,0.026,17.02,92000000,,,,169.43,155.37,1.1834,,,,,,,1583000000,,29.79,,188.26,140.7
2025-12-28,ICE,5.49,9750000000.0,29.79,,1.052,50.25,,,,,,,,,,,,,,,None,743000000,743000000,,,,,,None,157000000,,1.89,0.0116,,,,0.246,0.02,809000000,966000000,1.69,2018-12-31,22.03,,9750000000.0,934000000,738000000,119000000,,,None,71000000,None,,None,,,,,611000000,619000000,None,None,0.491,,258000000,676000000,,,,,133000000,,,,,2.208,3.255,9.6,,,,,,,,0.324,,,2025-10-30,quarterly,1.71,USD,pre-market,0,,0.0219,0.115,0.026,17.02,100000000,,,,169.43,155.37,1.1834,,,,,,,1677000000,,29.79,,188.26,140.7
2025-12-28,ICE,5.49,9750000000.0,29.79,,1.052,50.25,,,,,,,,,,,,,,,None,621000000,621000000,,,,,,None,148000000,,1.89,0.0116,,,,0.246,0.02,620000000,768000000,1.69,2018-09-30,22.03,,9750000000.0,842000000,554000000,89000000,,,None,66000000,None,,None,,,,,458000000,465000000,None,None,0.491,,240000000,602000000,,,,,18000000,,,,,2.208,3.255,9.6,,,,,,,,0.324,,,2025-10-30,quarterly,1.71,USD,pre-market,0,,0.0219,0.115,0.026,17.02,86000000,,,,169.43,155.37,1.1834,,,,,,,1463000000,,29.79,,188.26,140.7
2025-12-28,ICE,5.49,9750000000.0,29.79,,1.052,50.25,,,,,,,,,,,,,,,None,659000000,659000000,,,,,,None,143000000,,1.89,0.0116,,,,0.246,0.02,666000000,809000000,1.69,2018-06-30,22.03,,9750000000.0,897000000,611000000,149000000,,,None,55000000,None,,None,,,,,455000000,462000000,None,None,0.491,,242000000,655000000,,,,,11000000,,,,,2.208,3.255,9.6,,,,,,,,0.324,,,2025-10-30,quarterly,1.71,USD,pre-market,0,,0.0219,0.115,0.026,17.02,84000000,,,,169.43,155.37,1.1834,,,,,,,1556000000,,29.79,,188.26,140.7
2025-12-28,ICE,5.49,9750000000.0,29.79,,1.052,50.25,,,,,,,,,,,,,,,None,700000000,700000000,,,,,,None,138000000,,1.89,0.0116,,,,0.246,0.02,669000000,807000000,1.69,2018-03-31,22.03,,9750000000.0,880000000,617000000,143000000,,,None,52000000,None,,None,,,,,464000000,474000000,None,None,0.491,,230000000,650000000,,,,,19000000,,,,,2.208,3.255,9.6,,,,,,,,0.324,,,2025-10-30,quarterly,1.71,USD,pre-market,105000000,,0.0219,0.115,0.026,17.02,80000000,,,,169.43,155.37,1.1834,,,,,,,1580000000,,29.79,,188.26,140.7
2025-12-28,ICE,5.49,9750000000.0,29.79,,1.052,50.25,,,,,,,,,,,,,,,None,625000000,625000000,,,,,,None,131000000,,1.89,0.0116,,,,0.246,0.02,719000000,850000000,1.69,2017-12-31,22.03,,9750000000.0,814000000,669000000,-562000000,,,None,50000000,None,,None,,,,,1225000000,527000000,None,None,0.491,,222000000,592000000,,,,,127000000,,,,,2.208,3.255,9.6,,,,,,,,0.324,,,2025-10-30,quarterly,1.71,USD,pre-market,103000000,,0.0219,0.115,0.026,17.02,82000000,,,,169.43,155.37,1.1834,,,,,,,1439000000,,29.79,,188.26,140.7
2025-12-28,ICE,5.49,9750000000.0,29.79,,1.052,50.25,,,,,,,,,,,,,,,None,622000000,622000000,,,,,,None,128000000,,1.89,0.0116,,,,0.246,0.02,610000000,738000000,1.69,2017-09-30,22.03,,9750000000.0,813000000,563000000,186000000,,,None,47000000,None,,None,,,,,371000000,375000000,None,None,0.491,,217000000,596000000,,,,,11000000,,,,,2.208,3.255,9.6,,,,,,,,0.324,,,2025-10-30,quarterly,1.71,USD,pre-market,99000000,,0.0219,0.115,0.026,17.02,85000000,,,,169.43,155.37,1.1834,,,,,,,1435000000,,29.79,,188.26,140.7
2025-12-28,ICE,5.49,9750000000.0,29.79,,1.052,50.25,,,,,,,,,,,,,,,None,649000000,649000000,,,,,,None,142000000,,1.89,0.0116,,,,0.246,0.02,612000000,754000000,1.69,2017-06-30,22.03,,9750000000.0,847000000,567000000,140000000,,,None,45000000,None,,None,,,,,419000000,704000000,None,None,0.491,,238000000,609000000,,,,,1000000,,,,,2.208,3.255,9.6,,,,,,,,0.324,,,2025-10-30,quarterly,1.71,USD,pre-market,97000000,,0.0219,0.115,0.026,17.02,87000000,,,,169.43,155.37,1.1834,,,,,,,1496000000,,29.79,,188.26,140.7
2025-12-28,ICE,5.49,9750000000.0,29.79,,1.052,50.25,,,,,,,,,,,,,,,None,650000000,650000000,,,,,,None,134000000,,1.89,0.0116,,,,0.246,0.02,770000000,904000000,1.69,2017-03-31,22.03,,9750000000.0,821000000,725000000,214000000,,,None,45000000,None,,None,,,,,503000000,936000000,None,None,0.491,,239000000,582000000,,,,,186000000,,,,,2.208,3.255,9.6,,,,,,,,0.324,,,2025-10-30,quarterly,1.71,USD,pre-market,98000000,,0.0219,0.115,0.026,17.02,91000000,,,,169.43,155.37,1.1834,,,,,,,1471000000,,29.79,,188.26,140.7
2025-12-28,ICE,5.49,9750000000.0,29.79,,1.052,50.25,,,,,,,,,,,,,,,None,680000000,680000000,,,,,,None,140000000,,1.89,0.0116,,,,0.246,0.02,574000000,714000000,1.69,2016-12-31,22.03,,9750000000.0,804000000,530000000,171000000,,,None,44000000,None,,None,,,,,352000000,-459000000,None,None,0.491,,246000000,558000000,,,,,25000000,,,,,2.208,3.255,9.6,,,,,,,,0.324,,,2025-10-30,quarterly,1.71,USD,pre-market,97000000,,0.0219,0.115,0.026,17.02,87000000,,,,169.43,155.37,1.1834,,,,,,,1484000000,,29.79,,188.26,140.7
2025-12-28,ICE,5.49,9750000000.0,29.79,,1.052,50.25,,,,,,,,,,,,,,,None,667000000,667000000,,,,,,None,181000000,,1.89,0.0116,,,,0.246,0.02,487000000,668000000,1.69,2016-09-30,22.03,,9750000000.0,749000000,443000000,93000000,,,None,44000000,None,,None,,,,,344000000,536000000,None,None,0.491,,275000000,474000000,,,,,13000000,,,,,2.208,3.255,9.6,,,,,,,,0.324,,,2025-10-30,quarterly,1.71,USD,pre-market,93000000,,0.0219,0.115,0.026,17.02,80000000,,,,169.43,155.37,1.1834,,,,,,,1416000000,,29.79,,188.26,140.7
2025-12-28,ICE,5.49,9750000000.0,29.79,,1.052,50.25,,,,,,,,,,,,,,,None,703000000,703000000,,,,,,None,146000000,,1.89,0.0116,,,,0.246,0.02,560000000,706000000,1.69,2016-06-30,22.03,,9750000000.0,801000000,516000000,153000000,,,None,44000000,None,,None,,,,,357000000,669000000,None,None,0.491,,250000000,551000000,,,,,None,,,,,2.208,3.255,9.6,,,,,,,,0.324,,,2025-10-30,quarterly,1.71,USD,pre-market,92000000,,0.0219,0.115,0.026,17.02,84000000,,,,169.43,155.37,1.1834,,,,,,,1504000000,,29.79,,188.26,140.7
2025-12-28,ICE,5.49,9750000000.0,29.79,,1.052,50.25,,,,,,,,,,,,,,,None,728000000,728000000,,,,,,None,143000000,,1.89,0.0116,,,,0.246,0.02,586000000,729000000,1.69,2016-03-31,22.03,,9750000000.0,826000000,540000000,163000000,,,None,46000000,None,,None,,,,,369000000,703000000,None,None,0.491,,242000000,584000000,,,,,2000000,,,,,2.208,3.255,9.6,,,,,,,,0.324,,,2025-10-30,quarterly,1.71,USD,pre-market,92000000,,0.0219,0.115,0.026,17.02,72000000,,,,169.43,155.37,1.1834,,,,,,,1554000000,,29.79,,188.26,140.7
2025-12-28,ICE,5.49,9750000000.0,29.79,,1.052,50.25,,,,,,,,,,,,,,,None,649000000,649000000,,,,,,None,98000000,,1.89,0.0116,,,,0.246,0.02,421000000,519000000,1.69,2015-12-31,22.03,,9750000000.0,653000000,391000000,18000000,,,None,30000000,None,,None,,,,,370000000,373000000,None,None,0.491,,235000000,418000000,,,,,None,,,,,2.208,3.255,9.6,,,,,,,,0.324,,,2025-10-30,quarterly,1.71,USD,pre-market,56000000,,0.0219,0.115,0.026,17.02,83000000,,,,169.43,155.37,1.1834,,,,,,,1302000000,,29.79,,188.26,140.7
2025-12-28,ICE,5.49,9750000000.0,29.79,,1.052,50.25,,,,,,,,,,,,,,,None,570000000,570000000,,,,,,None,94000000,,1.89,0.0116,,,,0.246,0.02,444000000,538000000,1.69,2015-09-30,22.03,,9750000000.0,617000000,423000000,113000000,,,None,21000000,None,,None,,,,,306000000,310000000,None,None,0.491,,177000000,440000000,,,,,4000000,,,,,2.208,3.255,9.6,,,,,,,,0.324,,,2025-10-30,quarterly,1.71,USD,pre-market,49000000,,0.0219,0.115,0.026,17.02,75000000,,,,169.43,155.37,1.1834,,,,,,,1187000000,,29.79,,188.26,140.7
2025-12-28,ICE,5.49,9750000000.0,29.79,,1.052,50.25,,,,,,,,,,,,,,,None,490000000,490000000,,,,,,None,93000000,,1.89,0.0116,,,,0.246,0.02,421000000,514000000,1.69,2015-06-30,22.03,,9750000000.0,606000000,398000000,109000000,,,None,23000000,None,,None,,,,,283000000,289000000,None,None,0.491,,176000000,430000000,,,,,-9000000,,,,,2.208,3.255,9.6,,,,,,,,0.324,,,2025-10-30,quarterly,1.71,USD,pre-market,47000000,,0.0219,0.115,0.026,17.02,76000000,,,,169.43,155.37,1.1834,,,,,,,1096000000,,29.79,,188.26,140.7
2025-12-28,ICE,5.49,9750000000.0,29.79,,1.052,50.25,,,,,,,,,,,,,,,None,532000000,532000000,,,,,,None,89000000,,1.89,0.0116,,,,0.246,0.02,464000000,553000000,1.69,2015-03-31,22.03,,9750000000.0,648000000,441000000,118000000,,,None,23000000,None,,None,,,,,315000000,323000000,None,None,0.491,,186000000,462000000,,,,,2000000,,,,,2.208,3.255,9.6,,,,,,,,0.324,,,2025-10-30,quarterly,1.71,USD,pre-market,51000000,,0.0219,0.115,0.026,17.02,78000000,,,,169.43,155.37,1.1834,,,,,,,1180000000,,29.79,,188.26,140.7
2025-12-28,ICE,5.49,9750000000.0,29.79,,1.052,50.25,,,,,,,,,,,,,,,None,540000000,540000000,,,,,,None,89000000,,1.89,0.0116,,,,0.246,0.02,435000000,524000000,1.69,2014-12-31,22.03,,9750000000.0,604000000,412000000,118000000,,,None,23000000,None,,None,,,,,288000000,282000000,None,None,0.491,,204000000,400000000,,,,,36000000,,,,,2.208,3.255,9.6,,,,,,,,0.324,,,2025-10-30,quarterly,1.71,USD,pre-market,50000000,,0.0219,0.115,0.026,17.02,88000000,,,,169.43,155.37,1.1834,,,,,,,1144000000,,29.79,,188.26,140.7
2025-12-28,ICE,5.49,9750000000.0,29.79,,1.052,50.25,,,,,,,,,,,,,,,None,454000000,454000000,,,,,,None,83000000,,1.89,0.0116,,,,0.246,0.02,335000000,418000000,1.69,2014-09-30,22.03,,9750000000.0,556000000,313000000,90000000,,,None,22000000,None,,None,,,,,206000000,223000000,None,None,0.491,,226000000,330000000,,,,,5000000,,,,,2.208,3.255,9.6,,,,,,,,0.324,,,2025-10-30,quarterly,1.71,USD,pre-market,46000000,,0.0219,0.115,0.026,17.02,103000000,,,,169.43,155.37,1.1834,,,,,,,1010000000,,29.79,,188.26,140.7
2025-12-28,ICE,5.49,9750000000.0,29.79,,1.052,50.25,,,,,,,,,,,,,,,None,459000000,459000000,,,,,,None,81000000,,1.89,0.0116,,,,0.246,0.02,343000000,424000000,1.69,2014-06-30,22.03,,9750000000.0,557000000,320000000,93000000,,,None,23000000,None,,None,,,,,226000000,227000000,None,None,0.491,,230000000,327000000,,,,,16000000,,,,,2.208,3.255,9.6,,,,,,,,0.324,,,2025-10-30,quarterly,1.71,USD,pre-market,44000000,,0.0219,0.115,0.026,17.02,112000000,,,,169.43,155.37,1.1834,,,,,,,1016000000,,29.79,,188.26,140.7
2025-12-28,ICE,5.49,9750000000.0,29.79,,1.052,50.25,,,,,,,,,,,,,,,None,467000000,467000000,,,,,,None,80000000,,1.89,0.0116,,,,0.246,0.02,389000000,469000000,1.69,2014-03-31,22.03,,9750000000.0,596000000,362000000,101000000,,,None,27000000,None,,None,,,,,261000000,273000000,None,None,0.491,,205000000,391000000,,,,,-2000000,,,,,2.208,3.255,9.6,,,,,,,,0.324,,,2025-10-30,quarterly,1.71,USD,pre-market,48000000,,0.0219,0.115,0.026,17.02,100000000,,,,169.43,155.37,1.1834,,,,,,,1063000000,,29.79,,188.26,140.7
2025-12-28,ICE,5.49,9750000000.0,29.79,,1.052,50.25,,,,,,,,,,,,,,,None,292480000,292480000,,,,,,None,61375000,,1.89,0.0116,,,,0.246,0.02,-74296000,-12921000,1.69,2013-12-31,22.03,,9750000000.0,441143000,-100545000,69541000,,,None,26249000,None,,None,,,,,-176080000,0,None,None,0.491,,278059000,163084000,,,,,None,,,,,2.208,3.255,9.6,,,,,,,,0.324,,,2025-10-30,quarterly,1.71,USD,pre-market,0,,0.0219,0.115,0.026,17.02,84071000,,,,169.43,155.37,1.1834,,,,,,,733623000,,29.79,,188.26,140.7
2025-12-28,ICE,5.49,9750000000.0,29.79,,1.052,50.25,,,,,,,,,,,,,,,None,73000000,73000000,,,,,,None,35000000,,1.89,0.0116,,,,0.246,0.02,202000000,237000000,1.69,2013-09-30,22.03,,9750000000.0,265000000,193000000,48000000,,,None,9000000,None,,None,,,,,141000000,0,None,None,0.491,,63000000,202000000,,,,,None,,,,,2.208,3.255,9.6,,,,,,,,0.324,,,2025-10-30,quarterly,1.71,USD,pre-market,0,,0.0219,0.115,0.026,17.02,22000000,,,,169.43,155.37,1.1834,,,,,,,338000000,,29.79,,188.26,140.7
2025-12-28,ICE,5.49,9750000000.0,29.79,,1.052,50.25,,,,,,,,,,,,,,,None,79000000,79000000,,,,,,None,33000000,,1.89,0.0116,,,,0.246,0.02,227000000,260000000,1.69,2013-06-30,22.03,,9750000000.0,293000000,217000000,59000000,,,None,10000000,None,,None,,,,,154000000,0,None,None,0.491,,68000000,225000000,,,,,None,,,,,2.208,3.255,9.6,,,,,,,,0.324,,,2025-10-30,quarterly,1.71,USD,pre-market,0,,0.0219,0.115,0.026,17.02,27000000,,,,169.43,155.37,1.1834,,,,,,,372000000,,29.79,,188.26,140.7
2025-12-28,ICE,5.49,9750000000.0,29.79,,1.052,50.25,,,,,,,,,,,,,,,None,77000000,77000000,,,,,,None,32000000,,1.89,0.0116,,,,0.246,0.02,201000000,233000000,1.69,2013-03-31,22.03,,9750000000.0,275000000,191000000,54000000,,,None,10000000,None,,None,,,,,135000000,0,None,None,0.491,,75000000,200000000,,,,,None,,,,,2.208,3.255,9.6,,,,,,,,0.324,,,2025-10-30,quarterly,1.71,USD,pre-market,0,,0.0219,0.115,0.026,17.02,25000000,,,,169.43,155.37,1.1834,,,,,,,352000000,,29.79,,188.26,140.7
2025-12-28,ICE,5.49,9750000000.0,29.79,,1.052,50.25,,,,,,,,,,,,,,,None,67785000,67785000,,,,,,None,33547000,,1.89,0.0116,,,,0.246,0.02,193184000,226731000,1.69,2012-12-31,22.03,,9750000000.0,255586000,183394000,50841000,,,None,9790000,None,,None,,,,,129472000,0,None,None,0.491,,63220000,192366000,,,,,None,,,,,2.208,3.255,9.6,,,,,,,,0.324,,,2025-10-30,quarterly,1.71,USD,pre-market,0,,0.0219,0.115,0.026,17.02,20308000,,,,169.43,155.37,1.1834,,,,,,,323371000,,29.79,,188.26,140.7
2025-12-28,ICE,5.49,9750000000.0,29.79,,1.052,50.25,,,,,,,,,,,,,,,None,72893000,72893000,,,,,,None,32864000,,1.89,0.0116,,,,0.246,0.02,194104000,226968000,1.69,2012-09-30,22.03,,9750000000.0,250294000,184659000,50552000,,,None,9445000,None,,None,,,,,131082000,0,None,None,0.491,,56243000,194051000,,,,,None,,,,,2.208,3.255,9.6,,,,,,,,0.324,,,2025-10-30,quarterly,1.71,USD,pre-market,0,,0.0219,0.115,0.026,17.02,21094000,,,,169.43,155.37,1.1834,,,,,,,323187000,,29.79,,188.26,140.7
2025-12-28,ICE,5.49,9750000000.0,29.79,,1.052,50.25,,,,,,,,,,,,,,,None,76460000,76460000,,,,,,None,32108000,,1.89,0.0116,,,,0.246,0.02,216163000,248271000,1.69,2012-06-30,22.03,,9750000000.0,274753000,206564000,61266000,,,None,9599000,None,,None,,,,,143157000,0,None,None,0.491,,59337000,215416000,,,,,None,,,,,2.208,3.255,9.6,,,,,,,,0.324,,,2025-10-30,quarterly,1.71,USD,pre-market,0,,0.0219,0.115,0.026,17.02,22983000,,,,169.43,155.37,1.1834,,,,,,,351213000,,29.79,,188.26,140.7
2025-12-28,ICE,5.49,9750000000.0,29.79,,1.052,50.25,,,,,,,,,,,,,,,None,79778000,79778000,,,,,,None,31983000,,1.89,0.0116,,,,0.246,0.02,225143000,257126000,1.69,2012-03-31,22.03,,9750000000.0,285416000,215075000,65296000,,,None,10068000,None,,None,,,,,147865000,0,None,None,0.491,,60234000,225182000,,,,,None,,,,,2.208,3.255,9.6,,,,,,,,0.324,,,2025-10-30,quarterly,1.71,USD,pre-market,0,,0.0219,0.115,0.026,17.02,24788000,,,,169.43,155.37,1.1834,,,,,,,365194000,,29.79,,188.26,140.7
2025-12-28,ICE,5.49,9750000000.0,29.79,,1.052,50.25,,,,,,,,,,,,,,,None,273506000,273506000,,,,,,None,33189000,,1.89,0.0116,,,,0.246,0.02,194888000,228077000,1.69,2011-12-31,22.03,,9750000000.0,53709000,183612000,53345000,,,None,11276000,None,,None,,,,,126773000,0,None,None,0.491,,-141099000,194808000,,,,,None,,,,,2.208,3.255,9.6,,,,,,,,0.324,,,2025-10-30,quarterly,1.71,USD,pre-market,0,,0.0219,0.115,0.026,17.02,175152000,,,,169.43,155.37,1.1834,,,,,,,327215000,,29.79,,188.26,140.7
2025-12-28,ICE,5.49,9750000000.0,29.79,,1.052,50.25,,,,,,,,,,,,,,,None,76453000,76453000,,,,,,None,33095000,,1.89,0.0116,,,,0.246,0.02,204179000,237274000,1.69,2011-09-30,22.03,,9750000000.0,264325000,196051000,59103000,,,None,8128000,None,,None,,,,,132631000,0,None,None,0.491,,60276000,204049000,,,,,None,,,,,2.208,3.255,9.6,,,,,,,,0.324,,,2025-10-30,quarterly,1.71,USD,pre-market,0,,0.0219,0.115,0.026,17.02,21735000,,,,169.43,155.37,1.1834,,,,,,,340778000,,29.79,,188.26,140.7
2025-12-28,ICE,5.49,9750000000.0,29.79,,1.052,50.25,,,,,,,,,,,,,,,None,74221000,74221000,,,,,,None,32837000,,1.89,0.0116,,,,0.246,0.02,191440000,224277000,1.69,2011-06-30,22.03,,9750000000.0,250997000,183688000,59316000,,,None,7752000,None,,None,,,,,121365000,0,None,None,0.491,,60115000,190882000,,,,,None,,,,,2.208,3.255,9.6,,,,,,,,0.324,,,2025-10-30,quarterly,1.71,USD,pre-market,0,,0.0219,0.115,0.026,17.02,21401000,,,,169.43,155.37,1.1834,,,,,,,325218000,,29.79,,188.26,140.7
2025-12-28,ICE,5.49,9750000000.0,29.79,,1.052,50.25,,,,,,,,,,,,,,,None,73163000,73163000,,,,,,None,33131000,,1.89,0.0116,,,,0.246,0.02,204035000,237166000,1.69,2011-03-31,22.03,,9750000000.0,261117000,196292000,66138000,,,None,7743000,None,,None,,,,,128904000,0,None,None,0.491,,57794000,203323000,,,,,None,,,,,2.208,3.255,9.6,,,,,,,,0.324,,,2025-10-30,quarterly,1.71,USD,pre-market,0,,0.0219,0.115,0.026,17.02,21226000,,,,169.43,155.37,1.1834,,,,,,,334280000,,29.79,,188.26,140.7
2025-12-28,ICE,5.49,9750000000.0,29.79,,1.052,50.25,,,,,,,,,,,,,,,None,8691000,8691000,,,,,,None,33342000,,1.89,0.0116,,,,0.246,0.02,157992000,191334000,1.69,2010-12-31,22.03,,9750000000.0,276332000,150350000,48541000,,,None,7642000,None,,None,,,,,99132000,0,None,None,0.491,,117751000,158581000,,,,,None,,,,,2.208,3.255,9.6,,,,,,,,0.324,,,2025-10-30,quarterly,1.71,USD,pre-market,0,,0.0219,0.115,0.026,17.02,84409000,,,,169.43,155.37,1.1834,,,,,,,285023000,,29.79,,188.26,140.7
2025-12-28,ICE,5.49,9750000000.0,29.79,,1.052,50.25,,,,,,,,,,,,,,,None,8262000,8262000,,,,,,None,31739000,,1.89,0.0116,,,,0.246,0.02,154752000,186491000,1.69,2010-09-30,22.03,,9750000000.0,278884000,147241000,47328000,,,None,7511000,None,,None,,,,,96315000,0,None,None,0.491,,127326000,151558000,,,,,None,,,,,2.208,3.255,9.6,,,,,,,,0.324,,,2025-10-30,quarterly,1.71,USD,pre-market,0,,0.0219,0.115,0.026,17.02,88568000,,,,169.43,155.37,1.1834,,,,,,,287146000,,29.79,,188.26,140.7
2025-12-28,ICE,5.49,9750000000.0,29.79,,1.052,50.25,,,,,,,,,,,,,,,None,9527000,9527000,,,,,,None,27914000,,1.89,0.0116,,,,0.246,0.02,163318000,191232000,1.69,2010-06-30,22.03,,9750000000.0,286628000,155816000,53289000,,,None,7502000,None,,None,,,,,101688000,0,None,None,0.491,,108333000,178295000,,,,,None,,,,,2.208,3.255,9.6,,,,,,,,0.324,,,2025-10-30,quarterly,1.71,USD,pre-market,0,,0.0219,0.115,0.026,17.02,80419000,,,,169.43,155.37,1.1834,,,,,,,296155000,,29.79,,188.26,140.7
2025-12-28,ICE,5.49,9750000000.0,29.79,,1.052,50.25,,,,,,,,,,,,,,,None,9094000,9094000,,,,,,None,28214000,,1.89,0.0116,,,,0.246,0.02,163845000,192059000,1.69,2010-03-31,22.03,,9750000000.0,272526000,156735000,53217000,,,None,7110000,None,,None,,,,,101163000,0,None,None,0.491,,108711000,163815000,,,,,None,,,,,2.208,3.255,9.6,,,,,,,,0.324,,,2025-10-30,quarterly,1.71,USD,pre-market,0,,0.0219,0.115,0.026,17.02,80497000,,,,169.43,155.37,1.1834,,,,,,,281620000,,29.79,,188.26,140.7
2025-12-28,ICE,5.49,9750000000.0,29.79,,1.052,50.25,,,,,,,,,,,,,,,None,9649000,9649000,,,,,,None,28607000,,1.89,0.0116,,,,0.246,0.02,135789000,164396000,1.69,2009-12-31,22.03,,9750000000.0,246905000,129401000,46409000,,,None,6388000,None,,None,,,,,84254000,0,None,None,0.491,,123035000,123870000,,,,,None,,,,,2.208,3.255,9.6,,,,,,,,0.324,,,2025-10-30,quarterly,1.71,USD,pre-market,0,,0.0219,0.115,0.026,17.02,94428000,,,,169.43,155.37,1.1834,,,,,,,256554000,,29.79,,188.26,140.7
2025-12-28,ICE,5.49,9750000000.0,29.79,,1.052,50.25,,,,,,,,,,,,,,,None,9866000,9866000,,,,,,None,27868000,,1.89,0.0116,,,,0.246,0.02,141780000,169648000,1.69,2009-09-30,22.03,,9750000000.0,246398000,137406000,50524000,,,None,4374000,None,,None,,,,,87454000,0,None,None,0.491,,106409000,139989000,,,,,None,,,,,2.208,3.255,9.6,,,,,,,,0.324,,,2025-10-30,quarterly,1.71,USD,pre-market,0,,0.0219,0.115,0.026,17.02,78541000,,,,169.43,155.37,1.1834,,,,,,,256264000,,29.79,,188.26,140.7
2025-12-28,ICE,5.49,9750000000.0,29.79,,1.052,50.25,,,,,,,,,,,,,,,None,55597000,55597000,,,,,,None,27579000,,1.89,0.0116,,,,0.246,0.02,124728000,152307000,1.69,2009-06-30,22.03,,9750000000.0,194820000,117822000,45764000,,,None,6906000,None,,None,,,,,72058000,0,None,None,0.491,,59859000,134961000,,,,,None,,,,,2.208,3.255,9.6,,,,,,,,0.324,,,2025-10-30,quarterly,1.71,USD,pre-market,0,,0.0219,0.115,0.026,17.02,31751000,,,,169.43,155.37,1.1834,,,,,,,250417000,,29.79,,188.26,140.7
2025-12-28,ICE,5.49,9750000000.0,29.79,,1.052,50.25,,,,,,,,,,,,,,,None,12839000,12839000,,,,,,None,27303000,,1.89,0.0116,,,,0.246,0.02,114330000,141633000,1.69,2009-03-31,22.03,,9750000000.0,218714000,109076000,36854000,,,None,5254000,None,,None,,,,,72222000,0,None,None,0.491,,104915000,113799000,,,,,None,,,,,2.208,3.255,9.6,,,,,,,,0.324,,,2025-10-30,quarterly,1.71,USD,pre-market,0,,0.0219,0.115,0.026,17.02,77612000,,,,169.43,155.37,1.1834,,,,,,,231553000,,29.79,,188.26,140.7
2025-12-28,ICE,5.49,9750000000.0,29.79,,1.052,50.25,,,,,,,,,,,,,,,None,63720000,63720000,,,,,,None,26821000,,1.89,0.0116,,,,0.246,0.02,97327000,124148000,1.69,2008-12-31,22.03,,9750000000.0,143540000,81156000,32301000,,,None,5960000,None,,None,,,,,48855000,0,None,None,0.491,,46213000,97327000,,,,,None,,,,,2.208,3.255,9.6,,,,,,,,0.324,,,2025-10-30,quarterly,1.71,USD,pre-market,0,,0.0219,0.115,0.026,17.02,26873000,,,,169.43,155.37,1.1834,,,,,,,207260000,,29.79,,188.26,140.7
2025-12-28,ICE,5.49,9750000000.0,29.79,,1.052,50.25,,,,,,,,,,,,,,,None,9089000,9089000,,,,,,None,14401000,,1.89,0.0116,,,,0.246,0.02,122720000,137121000,1.69,2008-09-30,22.03,,9750000000.0,192355000,118282000,43319000,,,None,4438000,None,,None,,,,,74963000,0,None,None,0.491,,73213000,119142000,,,,,None,,,,,2.208,3.255,9.6,,,,,,,,0.324,,,2025-10-30,quarterly,1.71,USD,pre-market,0,,0.0219,0.115,0.026,17.02,58812000,,,,169.43,155.37,1.1834,,,,,,,201444000,,29.79,,188.26,140.7
2025-12-28,ICE,5.49,9750000000.0,29.79,,1.052,50.25,,,,,,,,,,,,,,,None,6928000,6928000,,,,,,None,10844000,,1.89,0.0116,,,,0.246,0.02,135680000,146524000,1.69,2008-06-30,22.03,,9750000000.0,190232000,131639000,46775000,,,None,4041000,None,,None,,,,,84864000,0,None,None,0.491,,57447000,132785000,,,,,None,,,,,2.208,3.255,9.6,,,,,,,,0.324,,,2025-10-30,quarterly,1.71,USD,pre-market,0,,0.0219,0.115,0.026,17.02,46603000,,,,169.43,155.37,1.1834,,,,,,,197160000,,29.79,,188.26,140.7
2025-12-28,ICE,5.49,9750000000.0,29.79,,1.052,50.25,,,,,,,,,,,,,,,None,6972000,6972000,,,,,,None,10946000,,1.89,0.0116,,,,0.246,0.02,147553000,158499000,1.69,2008-03-31,22.03,,9750000000.0,200242000,142419000,50129000,,,None,5134000,None,,None,,,,,92290000,0,None,None,0.491,,55962000,144280000,,,,,None,,,,,2.208,3.255,9.6,,,,,,,,0.324,,,2025-10-30,quarterly,1.71,USD,pre-market,0,,0.0219,0.115,0.026,17.02,45016000,,,,169.43,155.37,1.1834,,,,,,,207214000,,29.79,,188.26,140.7
2025-12-28,ICE,5.49,9750000000.0,29.79,,1.052,50.25,,,,,,,,,,,,,,,None,41438000,41438000,,,,,,None,9785000,,1.89,0.0116,,,,0.246,0.02,96560000,106345000,1.69,2007-12-31,22.03,,9750000000.0,117858000,96089000,31437000,,,None,5502000,None,,None,,,,,64652000,0,None,None,0.491,,21331000,96527000,,,,,None,,,,,2.208,3.255,9.6,,,,,,,,0.324,,,2025-10-30,quarterly,1.71,USD,pre-market,0,,0.0219,0.115,0.026,17.02,18277000,,,,169.43,155.37,1.1834,,,,,,,159296000,,29.79,,188.26,140.7
2025-12-28,ICE,5.49,9750000000.0,29.79,,1.052,50.25,,,,,,,,,,,,,,,None,29659000,29659000,,,,,,None,9065000,,1.89,0.0116,,,,0.246,0.02,101008000,110073000,1.69,2007-09-30,22.03,,9750000000.0,122076000,99274000,32593000,,,None,5015000,None,,None,,,,,66681000,0,None,None,0.491,,21212000,100864000,,,,,None,,,,,2.208,3.255,9.6,,,,,,,,0.324,,,2025-10-30,quarterly,1.71,USD,pre-market,0,,0.0219,0.115,0.026,17.02,18820000,,,,169.43,155.37,1.1834,,,,,,,151735000,,29.79,,188.26,140.7
2025-12-28,ICE,5.49,9750000000.0,29.79,,1.052,50.25,,,,,,,,,,,,,,,None,28431000,28431000,,,,,,None,7902000,,1.89,0.0116,,,,0.246,0.02,87473000,95375000,1.69,2007-06-30,22.03,,9750000000.0,108223000,75207000,21514000,,,None,4329000,None,,None,,,,,53693000,0,None,None,0.491,,31694000,76529000,,,,,None,,,,,2.208,3.255,9.6,,,,,,,,0.324,,,2025-10-30,quarterly,1.71,USD,pre-market,0,,0.0219,0.115,0.026,17.02,19716000,,,,169.43,155.37,1.1834,,,,,,,136654000,,29.79,,188.26,140.7
2025-12-28,ICE,5.49,9750000000.0,29.79,,1.052,50.25,,,,,,,,,,,,,,,None,28326000,28326000,,,,,,None,6647000,,1.89,0.0116,,,,0.246,0.02,79643000,86290000,1.69,2007-03-31,22.03,,9750000000.0,98282000,87864000,32278000,,,None,3795000,None,,None,,,,,55586000,0,None,None,0.491,,18639000,79643000,,,,,None,,,,,2.208,3.255,9.6,,,,,,,,0.324,,,2025-10-30,quarterly,1.71,USD,pre-market,0,,0.0219,0.115,0.026,17.02,16993000,,,,169.43,155.37,1.1834,,,,,,,126608000,,29.79,,188.26,140.7
2025-12-28,ICE,5.49,9750000000.0,29.79,,1.052,50.25,,,,,,,,,,,,,,,None,19562000,19562000,,,,,,None,3939000,,1.89,0.0116,,,,0.246,0.02,64185000,68124000,1.69,2006-12-31,22.03,,9750000000.0,75702000,67400000,18408000,,,None,56000,None,,None,,,,,48992000,0,None,None,0.491,,11517000,64185000,,,,,None,,,,,2.208,3.255,9.6,,,,,,,,0.324,,,2025-10-30,quarterly,1.71,USD,pre-market,0,,0.0219,0.115,0.026,17.02,10300000,,,,169.43,155.37,1.1834,,,,,,,95264000,,29.79,,188.26,140.7
2025-12-28,ICE,5.49,9750000000.0,29.79,,1.052,50.25,,,,,,,,,,,,,,,None,18936000,18936000,,,,,,None,3351000,,1.89,0.0116,,,,0.246,0.02,65382000,68733000,1.69,2006-09-30,22.03,,9750000000.0,75726000,68113000,24467000,,,None,55000,None,,None,,,,,43646000,0,None,None,0.491,,10344000,65382000,,,,,None,,,,,2.208,3.255,9.6,,,,,,,,0.324,,,2025-10-30,quarterly,1.71,USD,pre-market,0,,0.0219,0.115,0.026,17.02,9815000,,,,169.43,155.37,1.1834,,,,,,,94662000,,29.79,,188.26,140.7
2025-12-28,ICE,5.49,9750000000.0,29.79,,1.052,50.25,,,,,,,,,,,,,,,None,15167000,15167000,,,,,,None,3345000,,1.89,0.0116,,,,0.246,0.02,47416000,50761000,1.69,2006-06-30,22.03,,9750000000.0,58424000,48269000,17302000,,,None,57000,None,,None,,,,,30967000,0,None,None,0.491,,11008000,47416000,,,,,None,,,,,2.208,3.255,9.6,,,,,,,,0.324,,,2025-10-30,quarterly,1.71,USD,pre-market,0,,0.0219,0.115,0.026,17.02,8736000,,,,169.43,155.37,1.1834,,,,,,,73591000,,29.79,,188.26,140.7
2025-12-28,ICE,5.49,9750000000.0,29.79,,1.052,50.25,,,,,,,,,,,,,,,None,14321000,14321000,,,,,,None,3226000,,1.89,0.0116,,,,0.246,0.02,27653000,30879000,1.69,2006-03-31,22.03,,9750000000.0,35961000,28761000,9097000,,,None,63000,None,,None,,,,,19664000,0,None,None,0.491,,8308000,27653000,,,,,None,,,,,2.208,3.255,9.6,,,,,,,,0.324,,,2025-10-30,quarterly,1.71,USD,pre-market,0,,0.0219,0.115,0.026,17.02,7810000,,,,169.43,155.37,1.1834,,,,,,,50282000,,29.79,,188.26,140.7
2025-12-28,ICE,5.49,9750000000.0,29.79,,1.052,50.25,,,,,,,,,,,,,,,None,10503000,10503000,,,,,,None,4116000,,1.89,0.0116,,,,0.246,0.02,20908000,25024000,1.69,2005-12-31,22.03,,9750000000.0,41262000,21819000,6959000,,,None,126000,None,,None,,,,,14860000,0,None,None,0.491,,21343000,20908000,,,,,None,,,,,2.208,3.255,9.6,,,,,,,,0.324,,,2025-10-30,quarterly,1.71,USD,pre-market,0,,0.0219,0.115,0.026,17.02,6196000,,,,169.43,155.37,1.1834,,,,,,,41262000,,29.79,,188.26,140.7
2025-12-28,ICE,5.49,9750000000.0,29.79,,1.052,50.25,,,,,,,,,,,,,,,None,330000,330000,,,,,,None,3809000,,1.89,0.0116,,,,0.246,0.02,24725000,28534000,1.69,2005-09-30,22.03,,9750000000.0,37871000,12725000,4209000,,,None,172000,None,,None,,,,,8517000,0,None,None,0.491,,26105000,11766000,,,,,None,,,,,2.208,3.255,9.6,,,,,,,,0.324,,,2025-10-30,quarterly,1.71,USD,pre-market,0,,0.0219,0.115,0.026,17.02,6692000,,,,169.43,155.37,1.1834,,,,,,,38201000,,29.79,,188.26,140.7
2025-12-28,ICE,5.49,9750000000.0,29.79,,1.052,50.25,,,,,,,,,,,,,,,None,5239000000,5239000000,,,,,,None,1537000000,,1.89,0.0116,,,,0.246,0.02,4538000000,6075000000,1.69,2024-12-31,22.03,,9750000000.0,6522000000,3628000000,826000000,,,None,910000000,141000000,,None,,,,,2754000000,2802000000,-769000000,None,0.491,,2213000000,4309000000,,,,,None,,,,,2.208,3.255,9.6,,,,,,,,0.324,,,2025-10-30,annual,1.71,USD,pre-market,None,,0.0219,0.115,0.026,17.02,572000000,,,,169.43,155.37,1.1834,,,,,,,11761000000,,29.79,,188.26,140.7
2025-12-28,ICE,5.49,9750000000.0,29.79,,1.052,50.25,,,,,,,,,,,,,,,None,4244000000,4244000000,,,,,,None,1215000000,,1.89,0.0116,,,,0.246,0.02,3702000000,4917000000,1.69,2023-12-31,22.03,,9750000000.0,5659000000,2894000000,456000000,,,None,808000000,319000000,,None,,,,,2368000000,2438000000,-489000000,None,0.491,,1965000000,3694000000,,,,,None,,,,,2.208,3.255,9.6,,,,,,,,0.324,,,2025-10-30,annual,1.71,USD,pre-market,0.30,,0.0219,0.115,0.026,17.02,481000000,,,,169.43,155.37,1.1834,,,,,,,9903000000,,29.79,,188.26,140.7
2025-12-28,ICE,5.49,9750000000.0,29.79,,1.052,50.25,,,,,,,,,,,,,,,None,4434000000,4434000000,,,,,,None,1031000000,,1.89,0.0116,,,,0.246,0.02,2424000000,3455000000,1.69,2022-12-31,22.03,,9750000000.0,5202000000,1808000000,310000000,,,None,616000000,1776000000,,None,,,,,1446000000,1498000000,-508000000,None,0.491,,1564000000,3638000000,,,,,-1214000000,,,,,2.208,3.255,9.6,,,,,,,,0.324,,,2025-10-30,annual,1.71,USD,pre-market,0.20,,0.0219,0.115,0.026,17.02,440000000,,,,169.43,155.37,1.1834,,,,,,,9636000000,,29.79,,188.26,140.7
2025-12-28,ICE,5.49,9750000000.0,29.79,,1.052,50.25,,,,,,,,,,,,,,,None,4150000000,4150000000,,,,,,None,1009000000,,1.89,0.0116,,,,0.246,0.02,6121000000,7130000000,1.69,2021-12-31,22.03,,9750000000.0,5018000000,5698000000,1629000000,,,None,423000000,844000000,,None,,,,,4058000000,4069000000,-422000000,None,0.491,,1569000000,3449000000,,,,,2672000000,,,,,2.208,3.255,9.6,,,,,,,,0.324,,,2025-10-30,annual,1.71,USD,pre-market,0.56,,0.0219,0.115,0.026,17.02,458000000,,,,169.43,155.37,1.1834,,,,,,,9168000000,,29.79,,188.26,140.7
2025-12-28,ICE,5.49,9750000000.0,29.79,,1.052,50.25,,,,,,,,,,,,,,,None,3945000000,3945000000,,,,,,None,751000000,,1.89,0.0116,,,,0.246,0.02,3123000000,3874000000,1.69,2020-12-31,22.03,,9750000000.0,4299000000,2766000000,658000000,,,None,357000000,10000000,,None,,,,,2089000000,2108000000,-347000000,None,0.491,,1266000000,3033000000,,,,,90000000,,,,,2.208,3.255,9.6,,,,,,,,0.324,,,2025-10-30,annual,1.71,USD,pre-market,0.36,,0.0219,0.115,0.026,17.02,410000000,,,,169.43,155.37,1.1834,,,,,,,8244000000,,29.79,,188.26,140.7
2025-12-28,ICE,5.49,9750000000.0,29.79,,1.052,50.25,,,,,,,,,,,,,,,None,2856000000,2856000000,,,,,,None,662000000,,1.89,0.0116,,,,0.246,0.02,2766000000,3428000000,1.69,2019-12-31,22.03,,9750000000.0,3691000000,2481000000,521000000,,,None,285000000,35000000,,None,,,,,1933000000,1960000000,-250000000,None,0.491,,1018000000,2673000000,,,,,93000000,,,,,2.208,3.255,9.6,,,,,,,,0.324,,,2025-10-30,annual,1.71,USD,pre-market,0.40,,0.0219,0.115,0.026,17.02,354000000,,,,169.43,155.37,1.1834,,,,,,,6547000000,,29.79,,188.26,140.7
2025-12-28,ICE,5.49,9750000000.0,29.79,,1.052,50.25,,,,,,,,,,,,,,,None,2723000000,2723000000,,,,,,None,586000000,,1.89,0.0116,,,,0.246,0.02,2764000000,3350000000,1.69,2018-12-31,22.03,,9750000000.0,3553000000,2520000000,500000000,,,None,244000000,22000000,,None,,,,,1988000000,2020000000,-222000000,None,0.491,,970000000,2583000000,,,,,181000000,,,,,2.208,3.255,9.6,,,,,,,,0.324,,,2025-10-30,annual,1.71,USD,pre-market,0.43,,0.0219,0.115,0.026,17.02,350000000,,,,169.43,155.37,1.1834,,,,,,,6276000000,,29.79,,188.26,140.7
2025-12-28,ICE,5.49,9750000000.0,29.79,,1.052,50.25,,,,,,,,,,,,,,,None,2548000000,2548000000,,,,,,None,535000000,,1.89,0.0116,,,,0.246,0.02,2713000000,3248000000,1.69,2017-12-31,22.03,,9750000000.0,3295000000,2526000000,-28000000,,,None,187000000,179000000,,None,,,,,2526000000,2542000000,-187000000,None,0.491,,916000000,2379000000,,,,,325000000,,,,,2.208,3.255,9.6,,,,,,,,0.324,,,2025-10-30,annual,1.71,USD,pre-market,0.45,,0.0219,0.115,0.026,17.02,345000000,,,,169.43,155.37,1.1834,,,,,,,5843000000,,29.79,,188.26,140.7
2025-12-28,ICE,5.49,9750000000.0,29.79,,1.052,50.25,,,,,,,,,,,,,,,None,2786000000,2786000000,,,,,,None,610000000,,1.89,0.0116,,,,0.246,0.02,2221000000,2831000000,1.69,2016-12-31,22.03,,9750000000.0,3185000000,2043000000,586000000,,,None,178000000,175000000,,None,,,,,1430000000,1449000000,-178000000,None,0.491,,1013000000,2172000000,,,,,40000000,,,,,2.208,3.255,9.6,,,,,,,,0.324,,,2025-10-30,annual,1.71,USD,pre-market,0.36,,0.0219,0.115,0.026,17.02,323000000,,,,169.43,155.37,1.1834,,,,,,,5971000000,,29.79,,188.26,140.7
2025-12-28,ICE,5.49,9750000000.0,29.79,,1.052,50.25,,,,,,,,,,,,,,,None,2158000000,2158000000,,,,,,None,374000000,,1.89,0.0116,,,,0.246,0.02,1750000000,2124000000,1.69,2015-12-31,22.03,,9750000000.0,2524000000,1653000000,358000000,,,None,97000000,97000000,,None,,,,,1274000000,1295000000,None,None,0.491,,774000000,1750000000,,,,,None,,,,,2.208,3.255,9.6,,,,,,,,0.324,,,2025-10-30,annual,1.71,USD,pre-market,203000000,,0.0219,0.115,0.026,17.02,312000000,,,,169.43,155.37,1.1834,,,,,,,4682000000,,29.79,,188.26,140.7
2025-12-28,ICE,5.49,9750000000.0,29.79,,1.052,50.25,,,,,,,,,,,,,,,None,2040000000,2040000000,,,,,,None,333000000,,1.89,0.0116,,,,0.246,0.02,1503000000,1836000000,1.69,2014-12-31,22.03,,9750000000.0,2312000000,1407000000,402000000,,,None,96000000,None,,None,,,,,981000000,1005000000,None,None,0.491,,864000000,1448000000,,,,,55000000,,,,,2.208,3.255,9.6,,,,,,,,0.324,,,2025-10-30,annual,1.71,USD,pre-market,188000000,,0.0219,0.115,0.026,17.02,402000000,,,,169.43,155.37,1.1834,,,,,,,4352000000,,29.79,,188.26,140.7
2025-12-28,ICE,5.49,9750000000.0,29.79,,1.052,50.25,,,,,,,,,,,,,,,None,497000000,497000000,,,,,,None,156000000,,1.89,0.0116,,,,0.246,0.02,560000000,716000000,1.69,2013-12-31,22.03,,9750000000.0,1233000000,504000000,184000000,,,None,56000000,None,,None,,,,,254000000,730000000,None,None,0.491,,443000000,790000000,,,,,-234000000,,,,,2.208,3.255,9.6,,,,,,,,0.324,,,2025-10-30,annual,1.71,USD,pre-market,69000000,,0.0219,0.115,0.026,17.02,144000000,,,,169.43,155.37,1.1834,,,,,,,1730000000,,29.79,,188.26,140.7
2025-12-28,ICE,5.49,9750000000.0,29.79,,1.052,50.25,,,,,,,,,,,,,,,None,297000000,297000000,,,,,,None,131000000,,1.89,0.0116,,,,0.246,0.02,829000000,960000000,1.69,2012-12-31,22.03,,9750000000.0,1066000000,790000000,228000000,,,None,39000000,None,,None,,,,,552000000,None,None,None,0.491,,239000000,827000000,,,,,None,,,,,2.208,3.255,9.6,,,,,,,,0.324,,,2025-10-30,annual,1.71,USD,pre-market,None,,0.0219,0.115,0.026,17.02,89000000,,,,169.43,155.37,1.1834,,,,,,,1363000000,,29.79,,188.26,140.7
2025-12-28,ICE,5.49,9750000000.0,29.79,,1.052,50.25,,,,,,,,,,,,,,,None,298000000,298000000,,,,,,None,132000000,,1.89,0.0116,,,,0.246,0.02,795000000,927000000,1.69,2011-12-31,22.03,,9750000000.0,1029000000,760000000,238000000,,,None,35000000,None,,None,,,,,510000000,None,None,None,0.491,,236000000,793000000,,,,,None,,,,,2.208,3.255,9.6,,,,,,,,0.324,,,2025-10-30,annual,1.71,USD,pre-market,None,,0.0219,0.115,0.026,17.02,88000000,,,,169.43,155.37,1.1834,,,,,,,1327000000,,29.79,,188.26,140.7
2025-12-28,ICE,5.49,9750000000.0,29.79,,1.052,50.25,,,,,,,,,,,,,,,None,281155000,281155000,,,,,,None,121209000,,1.89,0.0116,,,,0.246,0.02,640014000,761223000,1.69,2010-12-31,22.03,,9750000000.0,868789000,609473000,201706000,,,None,30541000,None,,None,,,,,398298000,None,None,None,0.491,,216470000,652319000,,,,,None,,,,,2.208,3.255,9.6,,,,,,,,0.324,,,2025-10-30,annual,1.71,USD,pre-market,None,,0.0219,0.115,0.026,17.02,85265000,,,,169.43,155.37,1.1834,,,,,,,1149944000,,29.79,,188.26,140.7
2025-12-28,ICE,5.49,9750000000.0,29.79,,1.052,50.25,,,,,,,,,,,,,,,None,273954000,273954000,,,,,,None,111357000,,1.89,0.0116,,,,0.246,0.02,516627000,627984000,1.69,2009-12-31,22.03,,9750000000.0,720834000,493705000,179551000,,,None,22922000,None,,None,,,,,315988000,None,None,None,0.491,,208215000,512619000,,,,,None,,,,,2.208,3.255,9.6,,,,,,,,0.324,,,2025-10-30,annual,1.71,USD,pre-market,None,,0.0219,0.115,0.026,17.02,90719000,,,,169.43,155.37,1.1834,,,,,,,994788000,,29.79,,188.26,140.7
2025-12-28,ICE,5.49,9750000000.0,29.79,,1.052,50.25,,,,,,,,,,,,,,,None,29705000,29705000,,,,,,None,62247000,,1.89,0.0116,,,,0.246,0.02,493069000,555316000,1.69,2008-12-31,22.03,,9750000000.0,783373000,473496000,172524000,,,None,19573000,None,,None,,,,,300972000,None,None,None,0.491,,289839000,493534000,,,,,None,,,,,2.208,3.255,9.6,,,,,,,,0.324,,,2025-10-30,annual,1.71,USD,pre-market,None,,0.0219,0.115,0.026,17.02,227592000,,,,169.43,155.37,1.1834,,,,,,,813078000,,29.79,,188.26,140.7
2025-12-28,ICE,5.49,9750000000.0,29.79,,1.052,50.25,,,,,,,,,,,,,,,None,126149000,126149000,,,,,,None,33399000,,1.89,0.0116,,,,0.246,0.02,364684000,398083000,1.69,2007-12-31,22.03,,9750000000.0,448144000,358434000,117822000,,,None,0,None,,None,,,,,240612000,None,None,None,0.491,,94581000,353563000,,,,,None,,,,,2.208,3.255,9.6,,,,,,,,0.324,,,2025-10-30,annual,1.71,USD,pre-market,None,,0.0219,0.115,0.026,17.02,73806000,,,,169.43,155.37,1.1834,,,,,,,574293000,,29.79,,188.26,140.7
2025-12-28,ICE,5.49,9750000000.0,29.79,,1.052,50.25,,,,,,,,,,,,,,,None,70184000,70184000,,,,,,None,13861000,,1.89,0.0116,,,,0.246,0.02,204635000,218496000,1.69,2006-12-31,22.03,,9750000000.0,243615000,212543000,69275000,,,None,0,None,,None,,,,,143268000,None,None,None,0.491,,38980000,204635000,,,,,None,,,,,2.208,3.255,9.6,,,,,,,,0.324,,,2025-10-30,annual,1.71,USD,pre-market,None,,0.0219,0.115,0.026,17.02,36661000,,,,169.43,155.37,1.1834,,,,,,,313799000,,29.79,,188.26,140.7
2025-12-28,ICE,5.49,9750000000.0,29.79,,1.052,50.25,,,,,,,,,,,,,,,None,37736000,37736000,,,,,,None,16846000,,1.89,0.0116,,,,0.246,0.02,56205000,73051000,1.69,2005-12-31,22.03,,9750000000.0,155865000,59995000,19585000,,,None,0,None,,None,,,,,40410000,None,None,None,0.491,,99660000,56205000,,,,,None,,,,,2.208,3.255,9.6,,,,,,,,0.324,,,2025-10-30,annual,1.71,USD,pre-market,None,,0.0219,0.115,0.026,17.02,29010000,,,,169.43,155.37,1.1834,,,,,,,155865000,,29.79,,188.26,140.7
2025-12-28,ICE,5.49,9750000000.0,29.79,None,1.052,50.25,,476000000,850000000,850000000,,,,,,,,,7000000,574000000,None,37736000,37736000,1042000000,None,1667000000,2828000000,None,None,16846000,,1.89,0.0116,,,,0.246,0.02,56205000,73051000,1.69,2025-09-30,22.03,30643000000,9750000000.0,155865000,59995000,19585000,15589000000,15589000000,None,0,None,None,None,None,17366000000,None,None,40410000,None,None,None,0.491,,99660000,56205000,85817000000,86710000000,None,403000000,None,,,,,2.208,3.255,9.6,,,,,,,,0.324,,2413000000,2025-10-30,quarterly,1.71,USD,pre-market,None,19704000000,0.0219,0.115,0.026,17.02,29010000,19509000000,1667000000,1351000000,169.43,155.37,1.1834,140901000000,90846000000,89780000000,112192000000,50055000000,22412000000,155865000,28644000000,29.79,None,188.26,140.7
2025-12-28,ICE,5.49,9750000000.0,29.79,None,1.052,50.25,,458000000,1003000000,1003000000,,,,,,,,,7000000,575000000,None,37736000,37736000,1067000000,None,1850000000,2965000000,None,None,16846000,,1.89,0.0116,,,,0.246,0.02,56205000,73051000,1.69,2025-06-30,22.03,30652000000,9750000000.0,155865000,59995000,19585000,15845000000,15845000000,None,0,None,None,None,None,17358000000,None,None,40410000,None,None,None,0.491,,99660000,56205000,88368000000,90017000000,None,415000000,None,,,,,2.208,3.255,9.6,,,,,,,,0.324,,2368000000,2025-10-30,quarterly,1.71,USD,pre-market,None,19164000000,0.0219,0.115,0.026,17.02,29010000,19666000000,1850000000,1633000000,169.43,155.37,1.1834,144175000000,93969000000,93443000000,115648000000,50206000000,22205000000,155865000,28444000000,29.79,None,188.26,140.7
2025-12-28,ICE,5.49,9750000000.0,29.79,None,1.052,50.25,,340000000,783000000,783000000,,,,,,,,,7000000,577000000,None,37736000,37736000,1056000000,None,2932000000,3603000000,None,None,16846000,,1.89,0.0116,,,,0.246,0.02,56205000,73051000,1.69,2025-03-31,22.03,30617000000,9750000000.0,155865000,59995000,19585000,16067000000,16067000000,None,0,None,None,None,None,17349000000,None,None,40410000,None,None,None,0.491,,99660000,56205000,85873000000,88120000000,None,403000000,None,,,,,2.208,3.255,9.6,,,,,,,,0.324,,2218000000,2025-10-30,quarterly,1.71,USD,pre-market,None,18590000000,0.0219,0.115,0.026,17.02,29010000,20621000000,2932000000,2385000000,169.43,155.37,1.1834,142870000000,92644000000,92720000000,114827000000,50226000000,22107000000,155865000,27974000000,29.79,None,188.26,140.7
2025-12-28,ICE,5.49,9750000000.0,29.79,None,1.052,50.25,,335000000,844000000,844000000,,,,,,,,,7000000,577000000,None,37736000,37736000,1051000000,None,3027000000,3129000000,None,None,16846000,,1.89,0.0116,,,,0.246,0.02,56205000,73051000,1.69,2024-12-31,22.03,30595000000,9750000000.0,155865000,59995000,19585000,16306000000,16306000000,None,0,None,None,None,None,17341000000,None,None,40410000,None,None,None,0.491,,99660000,56205000,84598000000,85239000000,None,405000000,None,,,,,2.208,3.255,9.6,,,,,,,,0.324,,2153000000,2025-10-30,quarterly,1.71,USD,pre-market,None,18071000000,0.0219,0.115,0.026,17.02,29010000,20703000000,3027000000,524000000,169.43,155.37,1.1834,139428000000,89095000000,89553000000,111708000000,50333000000,22155000000,155865000,27647000000,29.79,None,188.26,140.7
2025-12-28,ICE,5.49,9750000000.0,29.79,None,1.052,50.25,,318000000,755000000,755000000,,,,,,,,,7000000,577000000,None,37736000,37736000,1045000000,None,2619000000,1565000000,None,None,16846000,,1.89,0.0116,,,,0.246,0.02,56205000,73051000,1.69,2024-09-30,22.03,30598000000,9750000000.0,155865000,59995000,19585000,16573000000,16573000000,None,0,None,None,None,None,18581000000,None,None,40410000,None,None,None,0.491,,99660000,56205000,81875000000,80523000000,None,434000000,None,,,,,2.208,3.255,9.6,,,,,,,,0.324,,2029000000,2025-10-30,quarterly,1.71,USD,pre-market,None,17632000000,0.0219,0.115,0.026,17.02,29010000,21518000000,2619000000,500000000,169.43,155.37,1.1834,135201000000,84695000000,84562000000,107928000000,50506000000,23366000000,155865000,27233000000,29.79,None,188.26,140.7
2025-12-28,ICE,5.49,9750000000.0,29.79,None,1.052,50.25,,323000000,885000000,885000000,,,,,,,,,7000000,575000000,None,37736000,37736000,1008000000,None,3234000000,3450000000,None,None,16846000,,1.89,0.0116,,,,0.246,0.02,56205000,73051000,1.69,2024-06-30,22.03,30553000000,9750000000.0,155865000,59995000,19585000,16805000000,16805000000,None,0,None,None,None,None,18573000000,None,None,40410000,None,None,None,0.491,,99660000,56205000,82558000000,82725000000,None,449000000,None,,,,,2.208,3.255,9.6,,,,,,,,0.324,,None,2025-10-30,quarterly,1.71,USD,pre-market,None,17236000000,0.0219,0.115,0.026,17.02,29010000,22130000000,3234000000,98000000,169.43,155.37,1.1834,137682000000,86991000000,87464000000,110938000000,50691000000,23474000000,155865000,26687000000,29.79,None,188.26,140.7
2025-12-28,ICE,5.49,9750000000.0,29.79,None,1.052,50.25,,325000000,863000000,863000000,,,,,,,,,7000000,575000000,None,37736000,37736000,967000000,None,1916000000,3701000000,None,None,16846000,,1.89,0.0116,,,,0.246,0.02,56205000,73051000,1.69,2024-03-31,22.03,30549000000,9750000000.0,155865000,59995000,19585000,17056000000,17056000000,None,0,None,None,None,None,20068000000,None,None,40410000,None,None,None,0.491,,99660000,56205000,75978000000,76575000000,None,454000000,None,,,,,2.208,3.255,9.6,,,,,,,,0.324,,None,2025-10-30,quarterly,1.71,USD,pre-market,None,16865000000,0.0219,0.115,0.026,17.02,29010000,22309000000,1916000000,None,169.43,155.37,1.1834,131397000000,80542000000,80048000000,105108000000,50855000000,25060000000,155865000,26239000000,29.79,None,188.26,140.7
2025-12-28,ICE,5.49,9750000000.0,29.79,None,1.052,50.25,,299000000,899000000,899000000,,,,,,,,,6000000,565000000,None,37736000,37736000,1003000000,None,1954000000,2950000000,None,None,16846000,,1.89,0.0116,,,,0.246,0.02,56205000,73051000,1.69,2023-12-31,22.03,30553000000,9750000000.0,155865000,59995000,19585000,17317000000,17317000000,None,0,None,80191000000,None,None,20659000000,None,None,40410000,None,None,None,0.491,,99660000,56205000,80894000000,81469000000,None,441000000,None,,,,,2.208,3.255,9.6,,,,,,,,0.324,,None,2025-10-30,quarterly,1.71,USD,pre-market,None,16356000000,0.0219,0.115,0.026,17.02,29010000,22912000000,1954000000,230000000,169.43,155.37,1.1834,136084000000,84973000000,84626000000,110298000000,51111000000,25672000000,155865000,25717000000,29.79,None,188.26,140.7
2025-12-28,ICE,5.49,9750000000.0,29.79,None,1.052,50.25,,306000000,837000000,837000000,,,,,,,,,6000000,565000000,None,37736000,37736000,964000000,None,2257000000,3321000000,None,None,16846000,,1.89,0.0116,,,,0.246,0.02,56205000,73051000,1.69,2023-09-30,22.03,30463000000,9750000000.0,155865000,59995000,19585000,17595000000,17595000000,None,0,None,80498000000,None,None,21042000000,None,None,40410000,None,None,None,0.491,,99660000,56205000,81239000000,81727000000,None,493000000,None,,,,,2.208,3.255,9.6,,,,,,,,0.324,,1918000000,2025-10-30,quarterly,1.71,USD,pre-market,None,16225000000,0.0219,0.115,0.026,17.02,29010000,23605000000,2257000000,730000000,169.43,155.37,1.1834,137022000000,85397000000,85282000000,111510000000,51625000000,26228000000,155865000,25459000000,29.79,None,188.26,140.7
2025-12-28,ICE,5.49,9750000000.0,29.79,None,1.052,50.25,,218000000,2877000000,2877000000,,,,,,,,,6000000,561000000,None,37736000,37736000,919000000,None,None,2725000000,None,None,16846000,,1.89,0.0116,,,,0.246,0.02,56205000,73051000,1.69,2023-06-30,22.03,21134000000,9750000000.0,155865000,59995000,19585000,12814000000,12814000000,None,0,None,93065000000,None,None,18128000000,None,None,40410000,None,None,None,0.491,,99660000,56205000,555000000,87037000000,None,22190000000,None,,,,,2.208,3.255,9.6,,,,,,,,0.324,,1718000000,2025-10-30,quarterly,1.71,USD,pre-market,None,15925000000,0.0219,0.115,0.026,17.02,29010000,19939000000,1811000000,735000000,169.43,155.37,1.1834,136283000000,99222000000,90204000000,112394000000,37061000000,22190000000,155865000,23820000000,29.79,None,188.26,140.7
2025-12-28,ICE,5.49,9750000000.0,29.79,None,1.052,50.25,,233000000,2069000000,2069000000,,,,,,,,,6000000,561000000,None,37736000,37736000,949000000,None,None,3547000000,None,None,16846000,,1.89,0.0116,,,,0.246,0.02,56205000,73051000,1.69,2023-03-31,22.03,21120000000,9750000000.0,155865000,59995000,19585000,12946000000,12946000000,None,0,None,108217000000,None,None,18123000000,None,None,40410000,None,None,None,0.491,,99660000,56205000,108720000000,104495000000,None,22333000000,None,,,,,2.208,3.255,9.6,,,,,,,,0.324,,1727000000,2025-10-30,quarterly,1.71,USD,pre-market,None,15362000000,0.0219,0.115,0.026,17.02,29010000,18356000000,0,None,169.43,155.37,1.1834,151550000000,114336000000,106006000000,128339000000,37214000000,22333000000,155865000,23167000000,29.79,-6274000000,188.26,140.7
2025-12-28,ICE,5.49,9750000000.0,29.79,None,1.052,50.25,,254000000,1799000000,1799000000,,,,,,,,,6000000,560000000,None,37736000,37736000,866000000,None,4000000,3935000000,None,None,16846000,,1.89,0.0116,,,,0.246,0.02,56205000,73051000,1.69,2022-12-31,22.03,21111000000,9750000000.0,155865000,59995000,19585000,13090000000,13090000000,None,0,None,153521000000,None,None,18118000000,None,None,40410000,None,None,None,0.491,,99660000,56205000,145064000000,148131000000,None,22406000000,None,,,,,2.208,3.255,9.6,,,,,,,,0.324,,1767000000,2025-10-30,quarterly,1.71,USD,pre-market,None,14943000000,0.0219,0.115,0.026,17.02,29010000,18376000000,4000000,6149000000,169.43,155.37,1.1834,194338000000,156947000000,149171000000,171577000000,37391000000,22406000000,155865000,22706000000,29.79,-6225000000,188.26,140.7
2025-12-28,ICE,5.49,9750000000.0,29.79,None,1.052,50.25,,267000000,1183000000,1183000000,,,,,,,,,6000000,560000000,None,37736000,37736000,788000000,None,7000000,9150000000,None,None,16846000,,1.89,0.0116,,,,0.246,0.02,56205000,73051000,1.69,2022-09-30,22.03,21075000000,9750000000.0,155865000,59995000,19585000,13210000000,13210000000,None,0,None,170723000000,None,None,18113000000,None,None,40410000,None,None,None,0.491,,99660000,56205000,163379000000,165211000000,None,22551000000,None,,,,,2.208,3.255,9.6,,,,,,,,0.324,,1720000000,2025-10-30,quarterly,1.71,USD,pre-market,None,14731000000,0.0219,0.115,0.026,17.02,29010000,18387000000,7000000,None,169.43,155.37,1.1834,211292000000,173712000000,166321000000,188872000000,37580000000,22551000000,155865000,22379000000,29.79,-6224000000,188.26,140.7
2025-12-28,ICE,5.49,9750000000.0,29.79,None,1.052,50.25,,267000000,830000000,830000000,,,,,,,,,6000000,560000000,None,37736000,37736000,719000000,None,4000000,4560000000,None,None,16846000,,1.89,0.0116,,,,0.246,0.02,56205000,73051000,1.69,2022-06-30,22.03,21106000000,9750000000.0,155865000,59995000,19585000,13397000000,13397000000,None,0,None,173717000000,None,None,18109000000,None,None,40410000,None,None,None,0.491,,99660000,56205000,170985000000,168226000000,None,22924000000,None,,,,,2.208,3.255,9.6,,,,,,,,0.324,,1703000000,2025-10-30,quarterly,1.71,USD,pre-market,None,15135000000,0.0219,0.115,0.026,17.02,29010000,18380000000,4000000,None,169.43,155.37,1.1834,215207000000,176375000000,169422000000,192346000000,38832000000,22924000000,155865000,22814000000,29.79,-6223000000,188.26,140.7
2025-12-28,ICE,5.49,9750000000.0,29.79,None,1.052,50.25,,288000000,638000000,638000000,,,,,,,,,6000000,564000000,None,37736000,37736000,733000000,None,1777000000,5472000000,None,None,16846000,,1.89,0.0116,,,,0.246,0.02,56205000,73051000,1.69,2022-03-31,22.03,21141000000,9750000000.0,155865000,59995000,19585000,13576000000,13576000000,None,0,None,166024000000,None,None,12401000000,None,None,40410000,None,None,None,0.491,,99660000,56205000,163268000000,165380000000,None,17306000000,None,,,,,2.208,3.255,9.6,,,,,,,,0.324,,1733000000,2025-10-30,quarterly,1.71,USD,pre-market,None,14793000000,0.0219,0.115,0.026,17.02,29010000,14466000000,1777000000,701000000,169.43,155.37,1.1834,208488000000,169378000000,168479000000,185785000000,39110000000,17306000000,155865000,22667000000,29.79,-6064000000,188.26,140.7
2025-12-28,ICE,5.49,9750000000.0,29.79,None,1.052,50.25,,252000000,607000000,607000000,,,,,,,,,6000000,565000000,None,37736000,37736000,703000000,None,1521000000,1208000000,None,None,16846000,,1.89,0.0116,,,,0.246,0.02,56205000,73051000,1.69,2021-12-31,22.03,21123000000,9750000000.0,155865000,59995000,19585000,13736000000,13736000000,None,0,None,146971000000,None,None,12397000000,None,None,40410000,None,None,None,0.491,,99660000,56205000,152485000000,150993000000,None,17343000000,None,,,,,2.208,3.255,9.6,,,,,,,,0.324,,1699000000,2025-10-30,quarterly,1.71,USD,pre-market,None,14350000000,0.0219,0.115,0.026,17.02,29010000,14170000000,1521000000,None,169.43,155.37,1.1834,193502000000,154300000000,153411000000,170754000000,39202000000,17343000000,155865000,22709000000,29.79,-5520000000,188.26,140.7
2025-12-28,ICE,5.49,9750000000.0,29.79,None,1.052,50.25,,274000000,618000000,618000000,,,,,,,,,6000000,566000000,None,37736000,37736000,696000000,None,1831000000,1327000000,None,None,16846000,,1.89,0.0116,,,,0.246,0.02,56205000,73051000,1.69,2021-09-30,22.03,21309000000,9750000000.0,155865000,59995000,19585000,13928000000,13928000000,None,0,None,109743000000,None,None,12394000000,None,None,40410000,None,None,None,0.491,,99660000,56205000,110775000000,109183000000,None,394000000,None,,,,,2.208,3.255,9.6,,,,,,,,0.324,,1723000000,2025-10-30,quarterly,1.71,USD,pre-market,None,13009000000,0.0219,0.115,0.026,17.02,29010000,14499000000,1831000000,701000000,169.43,155.37,1.1834,150662000000,112720000000,112032000000,128983000000,37942000000,16951000000,155865000,21559000000,29.79,-5269000000,188.26,140.7
2025-12-28,ICE,5.49,9750000000.0,29.79,None,1.052,50.25,,287000000,602000000,602000000,,,,,,,,,6000000,565000000,None,37736000,37736000,636000000,None,318000000,1300000000,None,None,16846000,,1.89,0.0116,,,,0.246,0.02,56205000,73051000,1.69,2021-06-30,22.03,21315000000,9750000000.0,155865000,59995000,19585000,14098000000,14098000000,None,0,None,93126000000,None,None,14135000000,None,None,40410000,None,None,None,0.491,,99660000,56205000,94164000000,92868000000,None,399000000,None,,,,,2.208,3.255,9.6,,,,,,,,0.324,,1745000000,2025-10-30,quarterly,1.71,USD,pre-market,None,12563000000,0.0219,0.115,0.026,17.02,29010000,14740000000,318000000,666000000,169.43,155.37,1.1834,134190000000,96066000000,94250000000,112985000000,38124000000,18735000000,155865000,21080000000,29.79,-5267000000,188.26,140.7
2025-12-28,ICE,5.49,9750000000.0,29.79,None,1.052,50.25,,306000000,562000000,562000000,,,,,,,,,6000000,565000000,None,37736000,37736000,673000000,None,2068000000,1530000000,None,None,16846000,,1.89,0.0116,,,,0.246,0.02,56205000,73051000,1.69,2021-03-31,22.03,21304000000,9750000000.0,155865000,59995000,19585000,14242000000,14242000000,None,0,None,86673000000,None,None,14131000000,None,None,40410000,None,None,None,0.491,,99660000,56205000,87083000000,86138000000,None,391000000,None,,,,,2.208,3.255,9.6,,,,,,,,0.324,,1731000000,2025-10-30,quarterly,1.71,USD,pre-market,None,11498000000,0.0219,0.115,0.026,17.02,29010000,16505000000,2068000000,None,169.43,155.37,1.1834,128045000000,89175000000,89402000000,107960000000,38870000000,18558000000,155865000,19963000000,29.79,-5265000000,188.26,140.7
2025-12-28,ICE,5.49,9750000000.0,29.79,None,1.052,50.25,,320000000,583000000,583000000,,,,,,,,,6000000,564000000,None,37736000,37736000,639000000,None,2411000000,1230000000,None,None,16846000,,1.89,0.0116,,,,0.246,0.02,56205000,73051000,1.69,2020-12-31,22.03,21291000000,9750000000.0,155865000,59995000,19585000,14408000000,14408000000,None,0,None,85083000000,None,None,14126000000,None,None,40410000,None,None,None,0.491,,99660000,56205000,85406000000,84791000000,None,18574000000,None,,,,,2.208,3.255,9.6,,,,,,,,0.324,,1384000000,2025-10-30,quarterly,1.71,USD,pre-market,None,11039000000,0.0219,0.115,0.026,17.02,29010000,16857000000,2411000000,None,169.43,155.37,1.1834,126200000000,87219000000,87999000000,106573000000,38981000000,18574000000,155865000,19498000000,29.79,-5200000000,188.26,140.7
2025-12-28,ICE,5.49,9750000000.0,29.79,None,1.052,50.25,,315000000,610000000,610000000,,,,,,,,,6000000,551000000,None,37736000,37736000,594000000,None,2463000000,1310000000,None,None,16846000,,1.89,0.0116,,,,0.246,0.02,56205000,73051000,1.69,2020-09-30,22.03,21243000000,9750000000.0,155865000,59995000,19585000,14507000000,14507000000,None,0,None,86893000000,None,None,14869000000,None,None,40410000,None,None,None,0.491,,99660000,56205000,87217000000,86362000000,None,19248000000,None,,,,,2.208,3.255,9.6,,,,,,,,0.324,,1693000000,2025-10-30,quarterly,1.71,USD,pre-market,None,10682000000,0.0219,0.115,0.026,17.02,29010000,17647000000,2463000000,None,169.43,155.37,1.1834,128080000000,89137000000,89686000000,108934000000,38943000000,19248000000,155865000,19021000000,29.79,-5198000000,188.26,140.7
2025-12-28,ICE,5.49,9750000000.0,29.79,None,1.052,50.25,,274000000,880000000,880000000,,,,,,,,,6000000,549000000,None,37736000,37736000,520000000,None,705000000,1279000000,None,None,16846000,,1.89,0.0116,,,,0.246,0.02,56205000,73051000,1.69,2020-06-30,22.03,13534000000,9750000000.0,155865000,59995000,19585000,10149000000,10149000000,None,0,None,94953000000,None,None,7703000000,None,None,40410000,None,None,None,0.491,,99660000,56205000,95276000000,94585000000,None,10778000000,None,,,,,2.208,3.255,9.6,,,,,,,,0.324,,1510000000,2025-10-30,quarterly,1.71,USD,pre-market,None,10462000000,0.0219,0.115,0.026,17.02,29010000,8682000000,705000000,None,169.43,155.37,1.1834,124060000000,97435000000,96193000000,106971000000,26625000000,10778000000,155865000,16953000000,29.79,-5050000000,188.26,140.7
2025-12-28,ICE,5.49,9750000000.0,29.79,None,1.052,50.25,,272000000,583000000,583000000,,,,,,,,,6000000,555000000,None,37736000,37736000,548000000,None,3071000000,1569000000,None,None,16846000,,1.89,0.0116,,,,0.246,0.02,56205000,73051000,1.69,2020-03-31,22.03,13527000000,9750000000.0,155865000,59995000,19585000,10212000000,10212000000,None,0,None,109862000000,None,None,5252000000,None,None,40410000,None,None,None,0.491,,99660000,56205000,110101000000,109403000000,None,8313000000,None,,,,,2.208,3.255,9.6,,,,,,,,0.324,,1503000000,2025-10-30,quarterly,1.71,USD,pre-market,None,10103000000,0.0219,0.115,0.026,17.02,29010000,8595000000,3071000000,None,169.43,155.37,1.1834,138901000000,112253000000,113526000000,121839000000,26648000000,8313000000,155865000,16939000000,29.79,-4647000000,188.26,140.7
2025-12-28,ICE,5.49,9750000000.0,29.79,None,1.052,50.25,,281000000,841000000,841000000,,,,,,,,,6000000,560000000,None,37736000,37736000,505000000,None,2569000000,988000000,None,None,16846000,,1.89,0.0116,,,,0.246,0.02,56205000,73051000,1.69,2019-12-31,22.03,13342000000,9750000000.0,155865000,59995000,19585000,10258000000,10258000000,None,0,None,65930000000,None,None,5250000000,None,631000000,40410000,None,None,None,0.491,,99660000,56205000,66150000000,65613000000,None,8313000000,None,,,,,2.208,3.255,9.6,,,,,,,,0.324,,1235000000,2025-10-30,quarterly,1.71,USD,pre-market,None,9629000000,0.0219,0.115,0.026,17.02,29010000,8100000000,2569000000,None,169.43,155.37,1.1834,94493000000,67979000000,68816000000,77129000000,26514000000,8313000000,155865000,17255000000,29.79,-3879000000,188.26,140.7
2025-12-28,ICE,5.49,9750000000.0,29.79,None,1.052,50.25,,287000000,655000000,655000000,,,,,,,,,6000000,563000000,None,37736000,37736000,543000000,None,1329000000,1056000000,None,None,16846000,,1.89,0.0116,,,,0.246,0.02,56205000,73051000,1.69,2019-09-30,22.03,13310000000,9750000000.0,155865000,59995000,19585000,10330000000,10330000000,None,0,None,66933000000,None,None,6496000000,None,None,40410000,None,None,None,0.491,,99660000,56205000,67160000000,66415000000,None,9548000000,None,,,,,2.208,3.255,9.6,,,,,,,,0.324,,1505000000,2025-10-30,quarterly,1.71,USD,pre-market,None,9335000000,0.0219,0.115,0.026,17.02,29010000,8112000000,1329000000,None,169.43,155.37,1.1834,95339000000,68871000000,68534000000,78082000000,26468000000,9548000000,155865000,17161000000,29.79,-3538000000,188.26,140.7
2025-12-28,ICE,5.49,9750000000.0,29.79,None,1.052,50.25,,298000000,837000000,837000000,,,,,,,,,6000000,566000000,None,37736000,37736000,518000000,None,1303000000,1062000000,None,None,16846000,,1.89,0.0116,,,,0.246,0.02,56205000,73051000,1.69,2019-06-30,22.03,13308000000,9750000000.0,155865000,59995000,19585000,10446000000,10446000000,None,0,None,62233000000,None,None,6494000000,None,None,40410000,None,None,None,0.491,,99660000,56205000,62473000000,61950000000,None,9581000000,None,,,,,2.208,3.255,9.6,,,,,,,,0.324,,1525000000,2025-10-30,quarterly,1.71,USD,pre-market,None,8961000000,0.0219,0.115,0.026,17.02,29010000,8095000000,1303000000,None,169.43,155.37,1.1834,90930000000,64372000000,64131000000,73712000000,26558000000,9581000000,155865000,17115000000,29.79,-3194000000,188.26,140.7
2025-12-28,ICE,5.49,9750000000.0,29.79,None,1.052,50.25,,306000000,653000000,653000000,,,,,,,,,6000000,570000000,None,37736000,37736000,509000000,None,1005000000,1181000000,None,None,16846000,,1.89,0.0116,,,,0.246,0.02,56205000,73051000,1.69,2019-03-31,22.03,13098000000,9750000000.0,155865000,59995000,19585000,10406000000,10406000000,None,0,None,65432000000,None,None,6492000000,None,None,40410000,None,None,None,0.491,,99660000,56205000,65651000000,65042000000,None,9621000000,None,,,,,2.208,3.255,9.6,,,,,,,,0.324,,1538000000,2025-10-30,quarterly,1.71,USD,pre-market,None,8644000000,0.0219,0.115,0.026,17.02,29010000,7803000000,1005000000,None,169.43,155.37,1.1834,93857000000,67485000000,67035000000,76656000000,26372000000,9621000000,155865000,17106000000,29.79,-2851000000,188.26,140.7
2025-12-28,ICE,5.49,9750000000.0,29.79,None,1.052,50.25,,None,724000000,724000000,,,,,,,,,6000000,573000000,None,37736000,37736000,521000000,None,None,953000000,None,None,16846000,,1.89,0.0116,,,,0.246,0.02,56205000,73051000,1.69,2018-12-31,22.03,13085000000,9750000000.0,155865000,59995000,19585000,10462000000,10462000000,None,0,None,64773000000,None,None,6490000000,None,631000000,40410000,None,None,None,0.491,,99660000,56205000,65015000000,64501000000,None,9381000000,None,,,,,2.208,3.255,9.6,,,,,,,,0.324,,1241000000,2025-10-30,quarterly,1.71,USD,pre-market,None,8317000000,0.0219,0.115,0.026,17.02,29010000,7441000000,951000000,None,169.43,155.37,1.1834,92791000000,66692000000,66108000000,75489000000,26099000000,9381000000,155865000,17201000000,29.79,-2354000000,188.26,140.7
2025-12-28,ICE,5.49,9750000000.0,29.79,None,1.052,50.25,,None,515000000,515000000,,,,,,,,,6000000,576000000,None,37736000,37736000,486000000,None,None,1020000000,None,None,16846000,,1.89,0.0116,,,,0.246,0.02,56205000,73051000,1.69,2018-09-30,22.03,12934000000,9750000000.0,155865000,59995000,19585000,10445000000,10445000000,None,0,None,59581000000,None,None,6488000000,None,None,40410000,None,None,None,0.491,,99660000,56205000,59760000000,59132000000,None,9323000000,None,,,,,2.208,3.255,9.6,,,,,,,,0.324,,1206000000,2025-10-30,quarterly,1.71,USD,pre-market,None,7818000000,0.0219,0.115,0.026,17.02,29010000,7686000000,1198000000,817000000,169.43,155.37,1.1834,87242000000,61295000000,61065000000,70388000000,25947000000,9323000000,155865000,16832000000,29.79,-2213000000,188.26,140.7
2025-12-28,ICE,5.49,9750000000.0,29.79,None,1.052,50.25,,None,532000000,532000000,,,,,,,,,6000000,581000000,None,37736000,37736000,405000000,None,600000000,1049000000,None,None,16846000,,1.89,0.0116,,,,0.246,0.02,56205000,73051000,1.69,2018-06-30,22.03,12484000000,9750000000.0,155865000,59995000,19585000,10223000000,10223000000,None,0,None,55808000000,None,None,4271000000,None,None,40410000,None,None,None,0.491,,99660000,56205000,55979000000,55472000000,None,14029000000,None,,,,,2.208,3.255,9.6,,,,,,,,0.324,,1220000000,2025-10-30,quarterly,1.71,USD,pre-market,None,7498000000,0.0219,0.115,0.026,17.02,29010000,6916000000,2645000000,817000000,169.43,155.37,1.1834,82847000000,57560000000,58894000000,66007000000,25287000000,7113000000,155865000,16805000000,29.79,-1911000000,188.26,140.7
2025-12-28,ICE,5.49,9750000000.0,29.79,None,1.052,50.25,,None,523000000,523000000,,,,,,,,,6000000,586000000,None,37736000,37736000,476000000,None,600000000,1167000000,None,None,16846000,,1.89,0.0116,,,,0.246,0.02,56205000,73051000,1.69,2018-03-31,22.03,12514000000,9750000000.0,155865000,59995000,19585000,10326000000,10326000000,None,0,None,54783000000,None,None,4269000000,None,None,40410000,None,None,None,0.491,,99660000,56205000,54944000000,54379000000,None,7110000000,None,,,,,2.208,3.255,9.6,,,,,,,,0.324,,1235000000,2025-10-30,quarterly,1.71,USD,pre-market,None,7182000000,0.0219,0.115,0.026,17.02,29010000,6892000000,2623000000,804000000,169.43,155.37,1.1834,82062000000,56634000000,57946000000,65056000000,25428000000,7110000000,155865000,16978000000,29.79,-1448000000,188.26,140.7
2025-12-28,ICE,5.49,9750000000.0,29.79,None,1.052,50.25,,None,535000000,535000000,,,,,,,,,6000000,589000000,None,37736000,37736000,462000000,None,600000000,903000000,None,None,16846000,,1.89,0.0116,,,,0.246,0.02,56205000,73051000,1.69,2017-12-31,22.03,12216000000,9750000000.0,155865000,59995000,19585000,10269000000,10269000000,None,0,None,51991000000,None,None,4267000000,None,None,40410000,None,None,None,0.491,,99660000,56205000,52124000000,51876000000,None,7141000000,None,,,,,2.208,3.255,9.6,,,,,,,,0.324,,1246000000,2025-10-30,quarterly,1.71,USD,pre-market,None,6825000000,0.0219,0.115,0.026,17.02,29010000,6100000000,1833000000,16000000,169.43,155.37,1.1834,78264000000,53562000000,54171000000,61312000000,24702000000,7141000000,155865000,16924000000,29.79,-1076000000,188.26,140.7
2025-12-28,ICE,5.49,9750000000.0,29.79,None,1.052,50.25,,None,419000000,419000000,,,,,,,,,6000000,592000000,None,37736000,37736000,427000000,None,6062000000,897000000,None,None,16846000,,1.89,0.0116,,,,0.246,0.02,56205000,73051000,1.69,2017-09-30,22.03,12016000000,9750000000.0,155865000,59995000,19585000,10056000000,10056000000,None,0,None,53163000000,None,None,4865000000,None,None,40410000,None,None,None,0.491,,99660000,56205000,53907000000,52748000000,None,8499000000,None,,,,,2.208,3.255,9.6,,,,,,,,0.324,,1192000000,2025-10-30,quarterly,1.71,USD,pre-market,None,5718000000,0.0219,0.115,0.026,17.02,29010000,6062000000,1197000000,16000000,169.43,155.37,1.1834,79118000000,55239000000,54600000000,63099000000,23879000000,8499000000,155865000,15992000000,29.79,-833000000,188.26,140.7
2025-12-28,ICE,5.49,9750000000.0,29.79,None,1.052,50.25,,None,398000000,398000000,,,,,,,,,6000000,595000000,None,37736000,37736000,415000000,None,5897000000,912000000,None,None,16846000,,1.89,0.0116,,,,0.246,0.02,56205000,73051000,1.69,2017-06-30,22.03,12001000000,9750000000.0,155865000,59995000,19585000,10103000000,10103000000,None,0,None,54354000000,None,None,3874000000,None,None,40410000,None,None,None,0.491,,99660000,56205000,55121000000,54043000000,None,7572000000,None,,,,,2.208,3.255,9.6,,,,,,,,0.324,,1161000000,2025-10-30,quarterly,1.71,USD,pre-market,None,5468000000,0.0219,0.115,0.026,17.02,29010000,5897000000,2023000000,17000000,169.43,155.37,1.1834,80324000000,56448000000,56819000000,64391000000,23876000000,7572000000,155865000,15898000000,29.79,-590000000,188.26,140.7
2025-12-28,ICE,5.49,9750000000.0,29.79,None,1.052,50.25,,None,360000000,360000000,,,,,,,,,6000000,599000000,None,37736000,37736000,451000000,None,2376000000,999000000,None,None,16846000,,1.89,0.0116,,,,0.246,0.02,56205000,73051000,1.69,2017-03-31,22.03,12302000000,9750000000.0,155865000,59995000,19585000,10356000000,10356000000,None,0,None,53097000000,None,None,3872000000,None,None,40410000,None,None,None,0.491,,99660000,56205000,53693000000,52739000000,None,7633000000,None,,,,,2.208,3.255,9.6,,,,,,,,0.324,,1132000000,2025-10-30,quarterly,1.71,USD,pre-market,None,5171000000,0.0219,0.115,0.026,17.02,29010000,6248000000,2376000000,21000000,169.43,155.37,1.1834,79463000000,55073000000,56006000000,63639000000,24390000000,7633000000,155865000,15755000000,29.79,-346000000,188.26,140.7
2025-12-28,ICE,5.49,9750000000.0,29.79,None,1.052,50.25,,None,407000000,407000000,,,,,,,,,6000000,600000000,None,37736000,37736000,388000000,None,851000000,777000000,None,None,16846000,,1.89,0.0116,,,,0.246,0.02,56205000,73051000,1.69,2016-12-31,22.03,12291000000,9750000000.0,155865000,59995000,19585000,10420000000,10420000000,None,0,None,55829000000,None,None,6364000000,None,432000000,40410000,None,None,None,0.491,,99660000,56205000,97000000,55622000000,None,7596000000,None,,,,,2.208,3.255,9.6,,,,,,,,0.324,,1129000000,2025-10-30,quarterly,1.71,USD,pre-market,None,4789000000,0.0219,0.115,0.026,17.02,29010000,8857000000,2493000000,23000000,169.43,155.37,1.1834,82003000000,57133000000,58617000000,66213000000,24870000000,7596000000,155865000,15717000000,29.79,-40000000,188.26,140.7
2025-12-28,ICE,5.49,9750000000.0,29.79,None,1.052,50.25,,None,458000000,458000000,,,,,,,,,1000000,600000000,None,37736000,37736000,383000000,None,1585000000,789000000,None,None,16846000,,1.89,0.0116,,,,0.246,0.02,56205000,73051000,1.69,2016-09-30,22.03,12009000000,9750000000.0,155865000,59995000,19585000,10359000000,10359000000,None,0,None,50461000000,None,None,4720000000,None,None,40410000,None,None,None,0.491,,99660000,56205000,50573000000,50169000000,None,8364000000,None,,,,,2.208,3.255,9.6,,,,,,,,0.324,,1080000000,2025-10-30,quarterly,1.71,USD,pre-market,None,4911000000,0.0219,0.115,0.026,17.02,29010000,6305000000,1585000000,24000000,169.43,155.37,1.1834,76296000000,51844000000,52354000000,60718000000,24452000000,8364000000,155865000,15512000000,29.79,-1499000000,188.26,140.7
2025-12-28,ICE,5.49,9750000000.0,29.79,None,1.052,50.25,,None,390000000,390000000,,,,,,,,,1000000,599000000,None,37736000,37736000,350000000,None,1811000000,862000000,None,None,16846000,,1.89,0.0116,,,,0.246,0.02,56205000,73051000,1.69,2016-06-30,22.03,12046000000,9750000000.0,155865000,59995000,19585000,10493000000,10493000000,None,0,None,49223000000,None,None,4719000000,None,None,40410000,None,None,None,0.491,,99660000,56205000,49354000000,48947000000,None,8423000000,None,,,,,2.208,3.255,9.6,,,,,,,,0.324,,1048000000,2025-10-30,quarterly,1.71,USD,pre-market,None,4669000000,0.0219,0.115,0.026,17.02,29010000,6530000000,1811000000,24000000,169.43,155.37,1.1834,75224000000,50630000000,51438000000,59861000000,24594000000,8423000000,155865000,15292000000,29.79,-1496000000,188.26,140.7
2025-12-28,ICE,5.49,9750000000.0,29.79,None,1.052,50.25,,None,468000000,468000000,,,,,,,,,1000000,598000000,None,37736000,37736000,399000000,None,2048000000,941000000,None,None,16846000,,1.89,0.0116,,,,0.246,0.02,56205000,73051000,1.69,2016-03-31,22.03,12104000000,9750000000.0,155865000,59995000,19585000,10630000000,10630000000,None,0,None,52986000000,None,None,4718000000,None,None,40410000,None,None,None,0.491,,99660000,56205000,53120000000,52760000000,None,8410000000,None,,,,,2.208,3.255,9.6,,,,,,,,0.324,,1018000000,2025-10-30,quarterly,1.71,USD,pre-market,None,4415000000,0.0219,0.115,0.026,17.02,29010000,6766000000,2048000000,25000000,169.43,155.37,1.1834,79160000000,54554000000,55636000000,64046000000,24606000000,8410000000,155865000,15048000000,29.79,-1494000000,188.26,140.7
2025-12-28,ICE,5.49,9750000000.0,29.79,None,1.052,50.25,,None,627000000,627000000,,,,,,,,,1000000,560000000,None,37736000,37736000,398000000,None,7308000000,700000000,None,None,16846000,,1.89,0.0116,,,,0.246,0.02,56205000,73051000,1.69,2015-12-31,22.03,12079000000,9750000000.0,155865000,59995000,19585000,10758000000,10758000000,None,0,None,51826000000,None,None,7308000000,None,299000000,40410000,None,None,None,0.491,,99660000,56205000,131000000,51656000000,None,8369000000,None,,,,,2.208,3.255,9.6,,,,,,,,0.324,,1037000000,2025-10-30,quarterly,1.71,USD,pre-market,None,4148000000,0.0219,0.115,0.026,17.02,29010000,9899000000,2591000000,29000000,169.43,155.37,1.1834,77987000000,53313000000,54743000000,63112000000,24674000000,8369000000,155865000,14808000000,29.79,-1448000000,188.26,140.7
2025-12-28,ICE,5.49,9750000000.0,29.79,None,1.052,50.25,,None,687000000,687000000,,,,,,,,,1000000,555000000,None,37736000,37736000,297000000,None,None,490000000,None,None,16846000,,1.89,0.0116,,,,0.246,0.02,56205000,73051000,1.69,2015-09-30,22.03,8507000000,9750000000.0,155865000,59995000,19585000,7653000000,7653000000,None,0,None,46666000000,None,None,2247000000,None,None,40410000,None,None,None,0.491,,99660000,56205000,46854000000,46722000000,None,4988000000,None,,,,,2.208,3.255,9.6,,,,,,,,0.324,,904000000,2025-10-30,quarterly,1.71,USD,pre-market,None,3863000000,0.0219,0.115,0.026,17.02,29010000,3500000000,1284000000,21000000,169.43,155.37,1.1834,65856000000,48052000000,48458000000,53446000000,17804000000,4988000000,155865000,12340000000,29.79,-1390000000,188.26,140.7
2025-12-28,ICE,5.49,9750000000.0,29.79,None,1.052,50.25,,None,678000000,678000000,,,,,,,,,1000000,560000000,None,37736000,37736000,324000000,None,None,541000000,None,None,16846000,,1.89,0.0116,,,,0.246,0.02,56205000,73051000,1.69,2015-06-30,22.03,8532000000,9750000000.0,155865000,59995000,19585000,7700000000,7700000000,None,0,None,43712000000,None,None,2247000000,None,None,40410000,None,None,None,0.491,,99660000,56205000,43892000000,43946000000,None,5041000000,None,,,,,2.208,3.255,9.6,,,,,,,,0.324,,911000000,2025-10-30,quarterly,1.71,USD,pre-market,None,3641000000,0.0219,0.115,0.026,17.02,29010000,3263000000,1184000000,22000000,169.43,155.37,1.1834,63104000000,45133000000,45580000000,50621000000,17971000000,5041000000,155865000,12410000000,29.79,-1181000000,188.26,140.7
2025-12-28,ICE,5.49,9750000000.0,29.79,None,1.052,50.25,,None,752000000,752000000,,,,,,,,,1000000,560000000,None,37736000,37736000,392000000,None,None,608000000,None,None,16846000,,1.89,0.0116,,,,0.246,0.02,56205000,73051000,1.69,2015-03-31,22.03,8504000000,9750000000.0,155865000,59995000,19585000,7724000000,7724000000,None,0,None,45898000000,None,None,2247000000,None,None,40410000,None,None,None,0.491,,99660000,56205000,46053000000,46093000000,None,5136000000,None,,,,,2.208,3.255,9.6,,,,,,,,0.324,,879000000,2025-10-30,quarterly,1.71,USD,pre-market,None,3441000000,0.0219,0.115,0.026,17.02,29010000,4193000000,2038000000,1073000000,169.43,155.37,1.1834,66428000000,48486000000,48798000000,53934000000,17942000000,5136000000,155865000,12297000000,29.79,-975000000,188.26,140.7
2025-12-28,ICE,5.49,9750000000.0,29.79,None,1.052,50.25,,None,652000000,652000000,,,,,,,,,1000000,565000000,None,37736000,37736000,409000000,None,1137000000,508000000,None,None,16846000,,1.89,0.0116,,,,0.246,0.02,56205000,73051000,1.69,2014-12-31,22.03,8535000000,9750000000.0,155865000,59995000,19585000,7780000000,7780000000,None,0,None,47787000000,None,None,2247000000,None,432000000,40410000,None,None,None,0.491,,99660000,56205000,47872000000,48019000000,None,5183000000,None,,,,,2.208,3.255,9.6,,,,,,,,0.324,,874000000,2025-10-30,quarterly,1.71,USD,pre-market,None,3210000000,0.0219,0.115,0.026,17.02,29010000,4289000000,2145000000,1200000000,169.43,155.37,1.1834,68279000000,50245000000,50539000000,55722000000,18034000000,5183000000,155865000,12360000000,29.79,-743000000,188.26,140.7
2025-12-28,ICE,5.49,9750000000.0,29.79,None,1.052,50.25,,None,638000000,638000000,,,,,,,,,1000000,570000000,None,37736000,37736000,282000000,None,None,446000000,None,None,16846000,,1.89,0.0116,,,,0.246,0.02,56205000,73051000,1.69,2014-09-30,22.03,8471000000,9750000000.0,155865000,59995000,19585000,7754000000,7754000000,None,0,None,46841000000,None,None,2247000000,None,None,40410000,None,None,None,0.491,,99660000,56205000,47053000000,47027000000,None,5162000000,None,,,,,2.208,3.255,9.6,,,,,,,,0.324,,839000000,2025-10-30,quarterly,1.71,USD,pre-market,None,3000000000,0.0219,0.115,0.026,17.02,29010000,4136000000,1889000000,1241000000,169.43,155.37,1.1834,67286000000,49378000000,49337000000,54499000000,17908000000,5162000000,155865000,12614000000,29.79,-540000000,188.26,140.7
2025-12-28,ICE,5.49,9750000000.0,29.79,None,1.052,50.25,,None,2057000000,2057000000,,,,,,,,,1000000,580000000,None,37736000,37736000,293000000,None,None,432000000,None,None,16846000,,1.89,0.0116,,,,0.246,0.02,56205000,73051000,1.69,2014-06-30,22.03,8583000000,9750000000.0,155865000,59995000,19585000,7957000000,7957000000,None,0,None,47190000000,None,None,2248000000,None,None,40410000,None,None,None,0.491,,99660000,56205000,47676000000,47423000000,None,5272000000,None,,,,,2.208,3.255,9.6,,,,,,,,0.324,,845000000,2025-10-30,quarterly,1.71,USD,pre-market,None,2878000000,0.0219,0.115,0.026,17.02,29010000,3931000000,1683000000,26000000,169.43,155.37,1.1834,68482000000,50191000000,49670000000,54942000000,18291000000,5272000000,155865000,13243000000,29.79,-90000000,188.26,140.7
2025-12-28,ICE,5.49,9750000000.0,29.79,None,1.052,50.25,,None,964000000,964000000,,,,,,,,,1000000,580000000,None,37736000,37736000,357000000,None,None,544000000,None,None,16846000,,1.89,0.0116,,,,0.246,0.02,56205000,73051000,1.69,2014-03-31,22.03,9482000000,9750000000.0,155865000,59995000,19585000,9410000000,9410000000,None,0,None,43115000000,None,None,3584000000,None,None,40410000,None,None,None,0.491,,99660000,56205000,43689000000,43401000000,None,7282000000,None,,,,,2.208,3.255,9.6,,,,,,,,0.324,,898000000,2025-10-30,quarterly,1.71,USD,pre-market,None,2704000000,0.0219,0.115,0.026,17.02,29010000,4881000000,1297000000,57000000,169.43,155.37,1.1834,65921000000,45254000000,45403000000,52685000000,20667000000,7282000000,155865000,12915000000,29.79,-89000000,188.26,140.7
2025-12-28,ICE,5.49,9750000000.0,29.79,None,1.052,50.25,,None,961000000,961000000,,,,,,,,,1000000,575000000,None,37736000,37736000,343000000,None,None,482000000,None,None,16846000,,1.89,0.0116,,,,0.246,0.02,56205000,73051000,1.69,2013-12-31,22.03,9501000000,9750000000.0,155865000,59995000,19585000,9404000000,9404000000,None,0,None,42493000000,None,None,5058000000,None,None,40410000,None,None,None,0.491,,99660000,56205000,249000000,648000000,None,7539000000,None,,,,,2.208,3.255,9.6,,,,,,,,0.324,,891000000,2025-10-30,quarterly,1.71,USD,pre-market,None,2482000000,0.0219,0.115,0.026,17.02,29010000,6193000000,1135000000,74000000,169.43,155.37,1.1834,64818000000,44259000000,44342000000,51881000000,20559000000,7539000000,155865000,12583000000,29.79,-53000000,188.26,140.7
2025-12-28,ICE,5.49,9750000000.0,29.79,None,1.052,50.25,,None,1537266000,1537266000,,,,,,,,,804000,370000000,None,37736000,37736000,94530000,None,None,175826000,None,None,16846000,,1.89,0.0116,,,,0.246,0.02,56205000,73051000,1.69,2013-09-30,22.03,1961606000,9750000000.0,155865000,59995000,19585000,803915000,803915000,None,0,None,43602337000,None,None,341765000,None,None,40410000,None,None,None,0.491,,99660000,56205000,43639991000,43541161000,None,None,None,,,,,2.208,3.255,9.6,,,,,,,,0.324,,201673000,2025-10-30,quarterly,1.71,USD,pre-market,None,2938752000,0.0219,0.115,0.026,17.02,29010000,790589000,448824000,36524000,169.43,155.37,1.1834,48884910000,45389607000,44145809000,44798852000,3495303000,653043000,155865000,4041869000,29.79,-740365000,188.26,140.7
2025-12-28,ICE,5.49,9750000000.0,29.79,None,1.052,50.25,,None,1457048000,1457048000,,,,,,,,,804000,365000000,None,37736000,37736000,108948000,None,None,185784000,None,None,16846000,,1.89,0.0116,,,,0.246,0.02,56205000,73051000,1.69,2013-06-30,22.03,1932929000,9750000000.0,155865000,59995000,19585000,804188000,804188000,None,0,None,35466386000,None,None,753971000,None,None,40410000,None,None,None,0.491,,99660000,56205000,35505845000,107930000,None,None,None,,,,,2.208,3.255,9.6,,,,,,,,0.324,,164901000,2025-10-30,quarterly,1.71,USD,pre-market,None,2797437000,0.0219,0.115,0.026,17.02,29010000,802795000,48824000,36529000,169.43,155.37,1.1834,40613727000,37185206000,35644798000,36719683000,3428521000,1074885000,155865000,3847228000,29.79,-737846000,188.26,140.7
2025-12-28,ICE,5.49,9750000000.0,29.79,None,1.052,50.25,,None,1390836000,1390836000,,,,,,,,,803000,365000000,None,37736000,37736000,95277000,None,None,186955000,None,None,16846000,,1.89,0.0116,,,,0.246,0.02,56205000,73051000,1.69,2013-03-31,22.03,1933760000,9750000000.0,155865000,59995000,19585000,820683000,820683000,None,0,None,33766807000,None,None,861676000,None,None,40410000,None,None,None,0.491,,99660000,56205000,33797390000,85358000,None,None,None,,,,,2.208,3.255,9.6,,,,,,,,0.324,,154824000,2025-10-30,quarterly,1.71,USD,pre-market,None,2644114000,0.0219,0.115,0.026,17.02,29010000,910500000,48824000,136363000,169.43,155.37,1.1834,38858537000,35375181000,33909630000,35095854000,3483356000,1186224000,155865000,3720405000,29.79,-736437000,188.26,140.7
2025-12-28,ICE,5.49,9750000000.0,29.79,None,1.052,50.25,,None,1612000000,1612000000,,,,,,,,,799000,367245000,None,37736000,37736000,70000000,None,None,127000000,None,None,16846000,,1.89,0.0116,,,,0.246,0.02,56205000,73051000,1.69,2012-12-31,22.03,1937977000,9750000000.0,155865000,59995000,19585000,798960000,798960000,None,0,None,31969316000,None,None,969500000,None,None,40410000,None,None,None,0.491,,99660000,56205000,32011000000,100413000,None,None,None,,,,,2.208,3.255,9.6,,,,,,,,0.324,,143392000,2025-10-30,quarterly,1.71,USD,pre-market,None,2508672000,0.0219,0.115,0.026,17.02,29010000,1132500000,162697000,86823000,169.43,155.37,1.1834,37214842000,33750087000,32245697000,33538284000,3464755000,1292587000,155865000,3643377000,29.79,-716815000,188.26,140.7
2025-12-28,ICE,5.49,9750000000.0,29.79,None,1.052,50.25,,None,1241176000,1241176000,,,,,,,,,798000,367055000,None,37736000,37736000,83725000,None,None,148897000,None,None,16846000,,1.89,0.0116,,,,0.246,0.02,56205000,73051000,1.69,2012-09-30,22.03,1936796000,9750000000.0,155865000,59995000,19585000,816626000,816626000,None,0,None,32611358000,None,None,800000000,None,None,40410000,None,None,None,0.491,,99660000,56205000,32644422000,108951000,None,None,None,,,,,2.208,3.255,9.6,,,,,,,,0.324,,140926000,2025-10-30,quarterly,1.71,USD,pre-market,None,2379200000,0.0219,0.115,0.026,17.02,29010000,850000000,50000000,80570000,169.43,155.37,1.1834,37540084000,34034495000,32810342000,33934125000,3505589000,1123783000,155865000,3575859000,29.79,-664389000,188.26,140.7
2025-12-28,ICE,5.49,9750000000.0,29.79,None,1.052,50.25,,None,1082018000,1082018000,,,,,,,,,797000,366715000,None,37736000,37736000,73604000,None,None,175186000,None,None,16846000,,1.89,0.0116,,,,0.246,0.02,56205000,73051000,1.69,2012-06-30,22.03,1907338000,9750000000.0,155865000,59995000,19585000,822447000,822447000,None,0,None,34768093000,None,None,812500000,None,None,40410000,None,None,None,0.491,,99660000,56205000,34801250000,109090000,None,None,None,,,,,2.208,3.255,9.6,,,,,,,,0.324,,137678000,2025-10-30,quarterly,1.71,USD,pre-market,None,2248118000,0.0219,0.115,0.026,17.02,29010000,862500000,50000000,81377000,169.43,155.37,1.1834,39504768000,36058454000,34955549000,36097441000,3446314000,1141892000,155865000,3375748000,29.79,-662822000,188.26,140.7
2025-12-28,ICE,5.49,9750000000.0,29.79,None,1.052,50.25,,None,968385000,968385000,,,,,,,,,797000,366260000,None,37736000,37736000,76821000,None,None,178844000,None,None,16846000,,1.89,0.0116,,,,0.246,0.02,56205000,73051000,1.69,2012-03-31,22.03,1916483000,9750000000.0,155865000,59995000,19585000,844648000,844648000,None,0,None,31323170000,None,None,825000000,None,None,40410000,None,None,None,0.491,,99660000,56205000,31359555000,88706000,None,None,None,,,,,2.208,3.255,9.6,,,,,,,,0.324,,133247000,2025-10-30,quarterly,1.71,USD,pre-market,None,2104961000,0.0219,0.115,0.026,17.02,29010000,875000000,50000000,53711000,169.43,155.37,1.1834,36124101000,32506784000,31550501000,32716204000,3617317000,1165703000,155865000,3372636000,29.79,-658310000,188.26,140.7
2025-12-28,ICE,5.49,9750000000.0,29.79,None,1.052,50.25,,None,822949000,822949000,,,,,,,,,792000,365695000,None,37736000,37736000,65964000,None,None,136331000,None,None,16846000,,1.89,0.0116,,,,0.246,0.02,56205000,73051000,1.69,2011-12-31,22.03,1902984000,9750000000.0,155865000,59995000,19585000,854374000,854374000,None,0,None,31608813000,None,None,837500000,None,None,40410000,None,None,None,0.491,,99660000,56205000,31646111000,105905000,None,None,None,,,,,2.208,3.255,9.6,,,,,,,,0.324,,130962000,2025-10-30,quarterly,1.71,USD,pre-market,None,1957096000,0.0219,0.115,0.026,17.02,29010000,887500000,50000000,52982000,169.43,155.37,1.1834,36147864000,32605391000,31800314000,32985523000,3542473000,1185209000,155865000,3121525000,29.79,-644291000,188.26,140.7
2025-12-28,ICE,5.49,9750000000.0,29.79,None,1.052,50.25,,None,34957412000,34957412000,,,,,,,,,791000,369180000,None,37736000,37736000,79480000,None,None,159219000,None,None,16846000,,1.89,0.0116,,,,0.246,0.02,56205000,73051000,1.69,2011-09-30,22.03,1901880000,9750000000.0,155865000,59995000,19585000,872398000,872398000,None,0,None,106318000,None,None,370000000,None,None,40410000,None,None,None,0.491,,99660000,56205000,106318000,34547267000,None,None,None,,,,,2.208,3.255,9.6,,,,,,,,0.324,,99114000,2025-10-30,quarterly,1.71,USD,pre-market,None,1830323000,0.0219,0.115,0.026,17.02,29010000,706067000,252472000,63377000,169.43,155.37,1.1834,38666730000,35222949000,34928700000,35655598000,3443781000,726898000,155865000,2973810000,29.79,-593562000,188.26,140.7
2025-12-28,ICE,5.49,9750000000.0,29.79,None,1.052,50.25,,None,756674000,756674000,,,,,,,,,789000,370690000,None,37736000,37736000,82086000,None,None,165758000,None,None,16846000,,1.89,0.0116,,,,0.246,0.02,56205000,73051000,1.69,2011-06-30,22.03,1938854000,9750000000.0,155865000,59995000,19585000,899717000,899717000,None,0,None,119067000,None,None,190000000,None,None,40410000,None,None,None,0.491,,99660000,56205000,27009122000,26974264000,None,None,None,,,,,2.208,3.255,9.6,,,,,,,,0.324,,99458000,2025-10-30,quarterly,1.71,USD,pre-market,None,1697692000,0.0219,0.115,0.026,17.02,29010000,564540000,289918000,70720000,169.43,155.37,1.1834,31040873000,27931554000,27373035000,27954343000,3109319000,581308000,155865000,3049203000,29.79,-489145000,188.26,140.7
2025-12-28,ICE,5.49,9750000000.0,29.79,None,1.052,50.25,,None,694257000,694257000,,,,,,,,,787000,371005000,None,37736000,37736000,68802000,None,None,165244000,None,None,16846000,,1.89,0.0116,,,,0.246,0.02,56205000,73051000,1.69,2011-03-31,22.03,1929218000,9750000000.0,155865000,59995000,19585000,918681000,918681000,None,0,None,121416000,None,None,260000000,None,None,40410000,None,None,None,0.491,,99660000,56205000,24647421000,24583171000,None,None,None,,,,,2.208,3.255,9.6,,,,,,,,0.324,,94782000,2025-10-30,quarterly,1.71,USD,pre-market,None,1576327000,0.0219,0.115,0.026,17.02,29010000,632973000,284947000,75298000,169.43,155.37,1.1834,28622491000,25506922000,24985661000,25650790000,3115569000,665129000,155865000,2937381000,29.79,-463221000,188.26,140.7
2025-12-28,ICE,5.49,9750000000.0,29.79,None,1.052,50.25,,None,621792000,621792000,,,,,,,,,785000,368295000,None,37736000,37736000,65162000,None,None,114456000,None,None,16846000,,1.89,0.0116,,,,0.246,0.02,56205000,73051000,1.69,2010-12-31,22.03,1916055000,9750000000.0,155865000,59995000,19585000,890818000,890818000,None,0,None,125250000,None,None,325750000,None,None,40410000,None,None,None,0.491,,99660000,56205000,22839530000,90884000,None,None,None,,,,,2.208,3.255,9.6,,,,,,,,0.324,,94503000,2025-10-30,quarterly,1.71,USD,pre-market,None,1447423000,0.0219,0.115,0.026,17.02,29010000,578500000,252750000,1999000,169.43,155.37,1.1834,26642259000,23575778000,23127384000,23825494000,3066481000,698110000,155865000,2777550000,29.79,-453822000,188.26,140.7
2025-12-28,ICE,5.49,9750000000.0,29.79,None,1.052,50.25,,None,539198000,539198000,,,,,,,,,783000,372215000,None,37736000,37736000,74100000,None,None,None,None,None,16846000,,1.89,0.0116,,,,0.246,0.02,56205000,73051000,1.69,2010-09-30,22.03,1896565000,9750000000.0,155865000,59995000,19585000,2812637000,2812637000,None,0,None,None,None,None,391500000,None,None,40410000,None,None,None,0.491,,99660000,56205000,24364961000,24426179000,None,None,None,,,,,2.208,3.255,9.6,,,,,,,,0.324,,95341000,2025-10-30,quarterly,1.71,USD,pre-market,None,1402631000,0.0219,0.115,0.026,17.02,29010000,None,None,81443000,169.43,155.37,1.1834,28218225000,None,24779645000,25497068000,None,None,155865000,2684619000,29.79,-448735000,188.26,140.7
2025-12-28,ICE,5.49,9750000000.0,29.79,None,1.052,50.25,,None,307108000,307108000,,,,,,,,,782000,373815000,None,37736000,37736000,63068000,None,None,135942000,None,None,16846000,,1.89,0.0116,,,,0.246,0.02,56205000,73051000,1.69,2010-06-30,22.03,1452004000,9750000000.0,155865000,59995000,19585000,670998000,670998000,None,0,None,24589869000,None,None,367250000,None,None,40410000,None,None,None,0.491,,99660000,56205000,24616861000,92387000,None,None,None,,,,,2.208,3.255,9.6,,,,,,,,0.324,,93549000,2025-10-30,quarterly,1.71,USD,pre-market,None,1251976000,0.0219,0.115,0.026,17.02,29010000,479500000,112250000,2005000,169.43,155.37,1.1834,27449881000,25061916000,24158744000,24775694000,2387965000,616950000,155865000,2637972000,29.79,-357612000,188.26,140.7
2025-12-28,ICE,5.49,9750000000.0,29.79,None,1.052,50.25,,None,612294000,612294000,,,,,,,,,781000,372635000,None,37736000,37736000,51272000,None,None,140578000,None,None,16846000,,1.89,0.0116,,,,0.246,0.02,56205000,73051000,1.69,2010-03-31,22.03,1452972000,9750000000.0,155865000,59995000,19585000,687541000,687541000,None,0,None,106666000,None,None,183000000,None,None,40410000,None,None,None,0.491,,99660000,56205000,20663263000,20622214000,None,None,None,,,,,2.208,3.255,9.6,,,,,,,,0.324,,91091000,2025-10-30,quarterly,1.71,USD,pre-market,None,1150288000,0.0219,0.115,0.026,17.02,29010000,371383000,117922000,2005000,169.43,155.37,1.1834,23813791000,21418140000,20829162000,21268889000,2395651000,439727000,155865000,2509526000,29.79,-356803000,188.26,140.7
2025-12-28,ICE,5.49,9750000000.0,29.79,None,1.052,50.25,,None,552465000,552465000,,,,,,,,,776000,365685000,None,37736000,37736000,57288000,None,None,109068000,None,None,16846000,,1.89,0.0116,,,,0.246,0.02,56205000,73051000,1.69,2009-12-31,22.03,1465831000,9750000000.0,155865000,59995000,19585000,702460000,702460000,None,0,None,106075000,None,None,208500000,None,None,40410000,None,None,None,0.491,,99660000,56205000,18796313000,18772994000,None,None,None,,,,,2.208,3.255,9.6,,,,,,,,0.324,,91735000,2025-10-30,quarterly,1.71,USD,pre-market,None,1049125000,0.0219,0.115,0.026,17.02,29010000,396164000,114223000,2005000,169.43,155.37,1.1834,21884875000,19459851000,18967832000,19451228000,2425024000,483396000,155865000,2399732000,29.79,-349646000,188.26,140.7
2025-12-28,ICE,5.49,9750000000.0,29.79,None,1.052,50.25,,None,391629000,391629000,,,,,,,,,773000,371020000,None,37736000,37736000,59772000,None,None,169978000,None,None,16846000,,1.89,0.0116,,,,0.246,0.02,56205000,73051000,1.69,2009-09-30,22.03,1476810000,9750000000.0,155865000,59995000,19585000,718265000,718265000,None,0,None,103036000,None,None,234000000,None,None,40410000,None,None,None,0.491,,99660000,56205000,16530979000,16482228000,None,None,None,,,,,2.208,3.255,9.6,,,,,,,,0.324,,86590000,2025-10-30,quarterly,1.71,USD,pre-market,None,964871000,0.0219,0.115,0.026,17.02,29010000,420911000,110536000,2004000,169.43,155.37,1.1834,19561738000,17094590000,16687386000,17224277000,2467148000,536891000,155865000,2302284000,29.79,-345958000,188.26,140.7
2025-12-28,ICE,5.49,9750000000.0,29.79,None,1.052,50.25,,None,300459000,300459000,,,,,,,,,772000,370370000,None,37736000,37736000,52159000,None,None,119613000,None,None,16846000,,1.89,0.0116,,,,0.246,0.02,56205000,73051000,1.69,2009-06-30,22.03,1476162000,9750000000.0,155865000,59995000,19585000,732814000,732814000,None,0,None,-17728710000,None,None,259500000,None,None,40410000,None,None,None,0.491,,99660000,56205000,17959888000,64206000,None,None,None,,,,,2.208,3.255,9.6,,,,,,,,0.324,,87080000,2025-10-30,quarterly,1.71,USD,pre-market,None,877417000,0.0219,0.115,0.026,17.02,29010000,18289322000,17951158000,4788000,169.43,155.37,1.1834,20864021000,18384748000,18076449000,18633131000,2479273000,556682000,155865000,2195141000,29.79,-345224000,188.26,140.7
2025-12-28,ICE,5.49,9750000000.0,29.79,None,1.052,50.25,,None,229596000,229596000,,,,,,,,,768000,368030000,None,37736000,37736000,46239000,None,None,110647000,None,None,16846000,,1.89,0.0116,,,,0.246,0.02,56205000,73051000,1.69,2009-03-31,22.03,1497921000,9750000000.0,155865000,59995000,19585000,731786000,731786000,None,0,None,103351000,None,None,280000000,None,None,40410000,None,None,None,0.491,,99660000,56205000,12794556000,12728401000,None,None,None,,,,,2.208,3.255,9.6,,,,,,,,0.324,,86905000,2025-10-30,quarterly,1.71,USD,pre-market,None,805359000,0.0219,0.115,0.026,17.02,29010000,464111000,103268000,3086000,169.43,155.37,1.1834,15624906000,13137885000,12911216000,13498804000,2487021000,587588000,155865000,2090503000,29.79,-345264000,188.26,140.7
2025-12-28,ICE,5.49,9750000000.0,29.79,None,1.052,50.25,,None,283522000,283522000,,,,,,,,,765000,357415000,None,37736000,37736000,49663000,None,None,81248000,None,None,16846000,,1.89,0.0116,,,,0.246,0.02,56205000,73051000,1.69,2008-12-31,22.03,1434816000,9750000000.0,155865000,59995000,19585000,728855000,728855000,None,0,None,66579000,None,None,332500000,None,None,40410000,None,None,None,0.491,,99660000,56205000,12184399000,12215104000,None,None,None,,,,,2.208,3.255,9.6,,,,,,,,0.324,,88952000,2025-10-30,quarterly,1.71,USD,pre-market,None,732752000,0.0219,0.115,0.026,17.02,29010000,379375000,46875000,3419000,169.43,155.37,1.1834,14959581000,12552588000,12311642000,12947401000,2406993000,635759000,155865000,2006231000,29.79,-355520000,188.26,140.7
2025-12-28,ICE,5.49,9750000000.0,29.79,None,1.052,50.25,,None,241727000,241727000,,,,,,,,,764000,362120000,None,37736000,37736000,47349000,None,None,98694000,None,None,16846000,,1.89,0.0116,,,,0.246,0.02,56205000,73051000,1.69,2008-09-30,22.03,1423603000,9750000000.0,155865000,59995000,19585000,749101000,749101000,None,0,None,60208000,None,None,345000000,None,None,40410000,None,None,None,0.491,,99660000,56205000,1404101000,1467214000,None,None,None,,,,,2.208,3.255,9.6,,,,,,,,0.324,,76242000,2025-10-30,quarterly,1.71,USD,pre-market,None,683825000,0.0219,0.115,0.026,17.02,29010000,388750000,43750000,3751000,169.43,155.37,1.1834,4160871000,1748273000,1558313000,2200484000,2412598000,642171000,155865000,1954575000,29.79,-355492000,188.26,140.7
2025-12-28,ICE,5.49,9750000000.0,29.79,None,1.052,50.25,,None,362858000,362858000,,,,,,,,,716000,357015000,None,37736000,37736000,30980000,None,None,78376000,None,None,16846000,,1.89,0.0116,,,,0.246,0.02,56205000,73051000,1.69,2008-06-30,22.03,1054071000,9750000000.0,155865000,59995000,19585000,541227000,541227000,None,0,None,44454000,None,None,162500000,None,None,40410000,None,None,None,0.491,,99660000,56205000,826105000,840890000,None,None,None,,,,,2.208,3.255,9.6,,,,,,,,0.324,,64376000,2025-10-30,quarterly,1.71,USD,pre-market,None,608862000,0.0219,0.115,0.026,17.02,29010000,203125000,40625000,11514000,169.43,155.37,1.1834,2996058000,1278853000,912495000,1298079000,1717205000,385584000,155865000,1697979000,29.79,-56008000,188.26,140.7
2025-12-28,ICE,5.49,9750000000.0,29.79,None,1.052,50.25,,None,215877000,215877000,,,,,,,,,715000,356740000,None,37736000,37736000,25073000,None,None,74524000,None,None,16846000,,1.89,0.0116,,,,0.246,0.02,56205000,73051000,1.69,2008-03-31,22.03,1054500000,9750000000.0,155865000,59995000,19585000,544516000,544516000,None,0,None,37652000,None,None,175000000,None,None,40410000,None,None,None,0.491,,99660000,56205000,983163000,991967000,None,None,None,,,,,2.208,3.255,9.6,,,,,,,,0.324,,62683000,2025-10-30,quarterly,1.71,USD,pre-market,None,523998000,0.0219,0.115,0.026,17.02,29010000,212500000,37500000,60776000,169.43,155.37,1.1834,3052935000,1334340000,1054540000,1458449000,1718595000,403909000,155865000,1594486000,29.79,-56617000,188.26,140.7
2025-12-28,ICE,5.49,9750000000.0,29.79,None,1.052,50.25,,None,119597000,119597000,,,,,,,,,710000,347195000,None,37736000,37736000,27811000,None,None,52018000,None,None,16846000,,1.89,0.0116,,,,0.246,0.02,56205000,73051000,1.69,2007-12-31,22.03,1009687000,9750000000.0,155865000,59995000,19585000,537722000,537722000,None,0,None,37472000,None,None,184375000,None,None,40410000,None,None,None,0.491,,99660000,56205000,829524000,845650000,None,None,None,,,,,2.208,3.255,9.6,,,,,,,,0.324,,63524000,2025-10-30,quarterly,1.71,USD,pre-market,None,431708000,0.0219,0.115,0.026,17.02,29010000,221875000,37500000,140955000,169.43,155.37,1.1834,2796345000,1142094000,910961000,1319489000,1654251000,408528000,155865000,1476856000,29.79,-30188000,188.26,140.7
2025-12-28,ICE,5.49,9750000000.0,29.79,None,1.052,50.25,,None,92825000,92825000,,,,,,,,,707000,356735000,None,37736000,37736000,33447000,None,None,71551000,None,None,16846000,,1.89,0.0116,,,,0.246,0.02,56205000,73051000,1.69,2007-09-30,22.03,1007779000,9750000000.0,155865000,59995000,19585000,518537000,518537000,None,0,None,32548000,None,None,193750000,None,None,40410000,None,None,None,0.491,,99660000,56205000,782109000,801761000,None,None,None,,,,,2.208,3.255,9.6,,,,,,,,0.324,,60768000,2025-10-30,quarterly,1.71,USD,pre-market,None,367056000,0.0219,0.115,0.026,17.02,29010000,231250000,37500000,100254000,169.43,155.37,1.1834,2684216000,1046739000,872708000,1297827000,1637477000,425119000,155865000,1386389000,29.79,-27121000,188.26,140.7
2025-12-28,ICE,5.49,9750000000.0,29.79,None,1.052,50.25,,None,120852000,120852000,,,,,,,,,705000,356140000,None,37736000,37736000,39576000,None,None,81836000,None,None,16846000,,1.89,0.0116,,,,0.246,0.02,56205000,73051000,1.69,2007-06-30,22.03,1079420000,9750000000.0,155865000,59995000,19585000,320394000,320394000,None,0,None,30384000,None,None,203125000,None,None,40410000,None,None,None,0.491,,99660000,56205000,729815000,794886000,None,None,None,,,,,2.208,3.255,9.6,,,,,,,,0.324,,57199000,2025-10-30,quarterly,1.71,USD,pre-market,None,300375000,0.0219,0.115,0.026,17.02,29010000,240625000,37500000,110377000,169.43,155.37,1.1834,2548245000,1042880000,871962000,1242283000,1505365000,370321000,155865000,1305962000,29.79,-25427000,188.26,140.7
2025-12-28,ICE,5.49,9750000000.0,29.79,None,1.052,50.25,,None,114864000,114864000,,,,,,,,,703000,348790000,None,37736000,37736000,41667000,None,None,77853000,None,None,16846000,,1.89,0.0116,,,,0.246,0.02,56205000,73051000,1.69,2007-03-31,22.03,1078629000,9750000000.0,155865000,59995000,19585000,172777000,172777000,None,0,None,33833000,None,None,212500000,None,None,40410000,None,None,None,0.491,,99660000,56205000,687277000,679650000,None,None,None,,,,,2.208,3.255,9.6,,,,,,,,0.324,,50691000,2025-10-30,quarterly,1.71,USD,pre-market,None,246668000,0.0219,0.115,0.026,17.02,29010000,250000000,37500000,62444000,169.43,155.37,1.1834,2294933000,942438000,758817000,1054836000,1352495000,296019000,155865000,1240097000,29.79,-24654000,188.26,140.7
2025-12-28,ICE,5.49,9750000000.0,29.79,None,1.052,50.25,,None,204257000,204257000,,,,,,,,,596000,283960000,None,37736000,37736000,13228000,None,None,32121000,None,None,16846000,,1.89,0.0116,,,,0.246,0.02,56205000,73051000,1.69,2006-12-31,22.03,79575000,9750000000.0,155865000,59995000,19585000,1551000,1551000,None,0,None,23487000,None,None,None,None,None,40410000,None,None,None,0.491,,99660000,56205000,27185000,22034000,None,None,None,,,,,2.208,3.255,9.6,,,,,,,,0.324,,26280000,2025-10-30,quarterly,1.71,USD,pre-market,None,191179000,0.0219,0.115,0.026,17.02,29010000,None,30865000,77354000,169.43,155.37,1.1834,493211000,340917000,37899000,38743000,152294000,844000,155865000,454468000,29.79,-9748000,188.26,140.7
2025-12-28,ICE,5.49,9750000000.0,29.79,None,1.052,50.25,,None,70182000,70182000,,,,,,,,,588000,298060000,None,37736000,37736000,799000,None,None,36699000,None,None,16846000,,1.89,0.0116,,,,0.246,0.02,56205000,73051000,1.69,2006-09-30,22.03,79574000,9750000000.0,155865000,59995000,19585000,1585000,1585000,None,0,None,22784000,None,None,None,None,None,40410000,None,None,None,0.491,,99660000,56205000,26482000,31700000,None,None,None,,,,,2.208,3.255,9.6,,,,,,,,0.324,,22395000,2025-10-30,quarterly,1.71,USD,pre-market,None,142187000,0.0219,0.115,0.026,17.02,29010000,None,24563000,178028000,169.43,155.37,1.1834,420850000,311391000,35316000,41417000,109459000,6101000,155865000,379433000,29.79,-9400000,188.26,140.7
2025-12-28,ICE,5.49,9750000000.0,29.79,None,1.052,50.25,,None,54094000,54094000,,,,,,,,,579000,296045000,None,37736000,37736000,1204000,None,None,29604000,None,None,16846000,,1.89,0.0116,,,,0.246,0.02,56205000,73051000,1.69,2006-06-30,22.03,79574000,9750000000.0,155865000,59995000,19585000,1618000,1618000,None,0,None,None,None,None,None,None,None,40410000,None,None,None,0.491,,99660000,56205000,24274000,22527000,None,None,None,,,,,2.208,3.255,9.6,,,,,,,,0.324,,23887000,2025-10-30,quarterly,1.71,USD,pre-market,None,98542000,0.0219,0.115,0.026,17.02,29010000,None,17530000,134461000,169.43,155.37,1.1834,350220000,242433000,25692000,33577000,107787000,7885000,155865000,316643000,29.79,-8101000,188.26,140.7
2025-12-28,ICE,5.49,9750000000.0,29.79,None,1.052,50.25,,None,8198000,8198000,,,,,,,,,572000,294860000,None,37736000,37736000,2719000,None,None,20757000,None,None,16846000,,1.89,0.0116,,,,0.246,0.02,56205000,73051000,1.69,2006-03-31,22.03,74850000,9750000000.0,155865000,59995000,19585000,1804000,1804000,None,0,None,None,None,None,None,None,None,40410000,None,None,None,0.491,,99660000,56205000,19087000,24100000,None,None,None,,,,,2.208,3.255,9.6,,,,,,,,0.324,,21556000,2025-10-30,quarterly,1.71,USD,pre-market,None,67575000,0.0219,0.115,0.026,17.02,29010000,None,10663000,133893000,169.43,155.37,1.1834,291696000,181935000,28249000,35035000,109761000,6786000,155865000,256661000,29.79,-7312000,188.26,140.7
2025-12-28,ICE,5.49,9750000000.0,29.79,None,1.052,50.25,,None,20002000,20002000,,,,,,,,,571000,264575000,None,37736000,37736000,1697000,None,None,14773000,None,None,16846000,,1.89,0.0116,,,,0.246,0.02,56205000,73051000,1.69,2005-12-31,22.03,73967000,9750000000.0,155865000,59995000,19585000,76054000,76054000,None,0,None,None,None,None,None,None,None,40410000,None,None,None,0.491,,99660000,56205000,18059000,23500000,None,None,None,,,,,2.208,3.255,9.6,,,,,,,,0.324,,20348000,2025-10-30,quarterly,1.71,USD,pre-market,None,47911000,0.0219,0.115,0.026,17.02,29010000,None,14988000,111181000,169.43,155.37,1.1834,265770000,164015000,26394000,33147000,101755000,6753000,155865000,232623000,29.79,-5541000,188.26,140.7
2025-12-28,ICE,5.49,9750000000.0,29.79,None,1.052,50.25,,None,34234000,34234000,,,,,,,,,2180000,271000000,None,37736000,37736000,1774000,None,None,16554000,None,None,16846000,,1.89,0.0116,,,,0.246,0.02,56205000,73051000,1.69,2005-09-30,22.03,76153000,9750000000.0,155865000,59995000,19585000,78602000,78602000,None,0,None,None,None,None,13000000,None,None,40410000,None,None,None,0.491,,99660000,56205000,23419000,23513000,None,None,None,,,,,2.208,3.255,9.6,,,,,,,,0.324,,18518000,2025-10-30,quarterly,1.71,USD,pre-market,None,73711000,0.0219,0.115,0.026,17.02,29010000,13000000,14825000,11998000,169.43,155.37,1.1834,212092000,86205000,26661000,85699000,125887000,59038000,155865000,126393000,29.79,-5541000,188.26,140.7
2025-12-28,ICE,5.49,9750000000.0,29.79,None,1.052,50.25,,335000000,844000000,844000000,,,,,,,,,7000000,576000000,None,37736000,37736000,1051000000,None,3027000000,3129000000,None,None,16846000,,1.89,0.0116,,,,0.246,0.02,56205000,73051000,1.69,2024-12-31,22.03,30595000000,9750000000.0,155865000,59995000,19585000,16306000000,16306000000,None,0,None,None,None,None,17341000000,None,None,40410000,None,None,None,0.491,,99660000,56205000,84598000000,85239000000,None,405000000,None,,,,,2.208,3.255,9.6,,,,,,,,0.324,,2153000000,2025-10-30,annual,1.71,USD,pre-market,None,18071000000,0.0219,0.115,0.026,17.02,29010000,20703000000,3027000000,524000000,169.43,155.37,1.1834,139428000000,89095000000,89553000000,111708000000,50333000000,22155000000,155865000,27647000000,29.79,None,188.26,140.7
2025-12-28,ICE,5.49,9750000000.0,29.79,None,1.052,50.25,,299000000,899000000,899000000,,,,,,,,,6000000,565000000,None,37736000,37736000,1003000000,None,1954000000,2950000000,None,None,16846000,,1.89,0.0116,,,,0.246,0.02,56205000,73051000,1.69,2023-12-31,22.03,30553000000,9750000000.0,155865000,59995000,19585000,17317000000,17317000000,None,0,None,80191000000,None,None,20659000000,None,None,40410000,None,None,None,0.491,,99660000,56205000,80894000000,81469000000,None,441000000,None,,,,,2.208,3.255,9.6,,,,,,,,0.324,,1923000000,2025-10-30,annual,1.71,USD,pre-market,None,16356000000,0.0219,0.115,0.026,17.02,29010000,22912000000,1954000000,230000000,169.43,155.37,1.1834,136084000000,84973000000,84626000000,110298000000,51111000000,25672000000,155865000,25717000000,29.79,None,188.26,140.7
2025-12-28,ICE,5.49,9750000000.0,29.79,None,1.052,50.25,,254000000,1799000000,1799000000,,,,,,,,,6000000,561000000,None,37736000,37736000,866000000,None,4000000,3935000000,None,None,16846000,,1.89,0.0116,,,,0.246,0.02,56205000,73051000,1.69,2022-12-31,22.03,21111000000,9750000000.0,155865000,59995000,19585000,13090000000,13090000000,None,0,None,153521000000,None,None,18118000000,None,None,40410000,None,None,None,0.491,,99660000,56205000,145064000000,148131000000,None,22406000000,None,,,,,2.208,3.255,9.6,,,,,,,,0.324,,1767000000,2025-10-30,annual,1.71,USD,pre-market,None,14943000000,0.0219,0.115,0.026,17.02,29010000,18376000000,4000000,6149000000,169.43,155.37,1.1834,194338000000,156947000000,149171000000,171577000000,37391000000,22406000000,155865000,22706000000,29.79,-6225000000,188.26,140.7
2025-12-28,ICE,5.49,9750000000.0,29.79,None,1.052,50.25,,252000000,607000000,607000000,,,,,,,,,6000000,565000000,None,37736000,37736000,703000000,None,1521000000,1208000000,None,None,16846000,,1.89,0.0116,,,,0.246,0.02,56205000,73051000,1.69,2021-12-31,22.03,21123000000,9750000000.0,155865000,59995000,19585000,13736000000,13736000000,None,0,None,146971000000,None,None,12397000000,None,None,40410000,None,None,None,0.491,,99660000,56205000,152485000000,150993000000,None,17343000000,None,,,,,2.208,3.255,9.6,,,,,,,,0.324,,1699000000,2025-10-30,annual,1.71,USD,pre-market,None,14350000000,0.0219,0.115,0.026,17.02,29010000,14170000000,1521000000,None,169.43,155.37,1.1834,193502000000,154300000000,153411000000,170754000000,39202000000,17343000000,155865000,22709000000,29.79,-5520000000,188.26,140.7
2025-12-28,ICE,5.49,9750000000.0,29.79,None,1.052,50.25,,320000000,583000000,583000000,,,,,,,,,6000000,555000000,None,37736000,37736000,639000000,None,2411000000,1230000000,None,None,16846000,,1.89,0.0116,,,,0.246,0.02,56205000,73051000,1.69,2020-12-31,22.03,21291000000,9750000000.0,155865000,59995000,19585000,14408000000,14408000000,None,0,None,85083000000,None,None,14126000000,None,None,40410000,None,None,None,0.491,,99660000,56205000,85406000000,84791000000,None,18574000000,None,,,,,2.208,3.255,9.6,,,,,,,,0.324,,1384000000,2025-10-30,annual,1.71,USD,pre-market,None,11039000000,0.0219,0.115,0.026,17.02,29010000,16857000000,2411000000,None,169.43,155.37,1.1834,126200000000,87219000000,87999000000,106573000000,38981000000,18574000000,155865000,19498000000,29.79,-5200000000,188.26,140.7
2025-12-28,ICE,5.49,9750000000.0,29.79,None,1.052,50.25,,281000000,841000000,841000000,,,,,,,,,6000000,565000000,None,37736000,37736000,505000000,None,2569000000,988000000,None,None,16846000,,1.89,0.0116,,,,0.246,0.02,56205000,73051000,1.69,2019-12-31,22.03,13342000000,9750000000.0,155865000,59995000,19585000,10258000000,10258000000,None,0,None,65930000000,None,None,5250000000,None,631000000,40410000,None,None,None,0.491,,99660000,56205000,66150000000,65613000000,None,8313000000,None,,,,,2.208,3.255,9.6,,,,,,,,0.324,,1235000000,2025-10-30,annual,1.71,USD,pre-market,None,9629000000,0.0219,0.115,0.026,17.02,29010000,8100000000,2569000000,None,169.43,155.37,1.1834,94493000000,67979000000,68816000000,77129000000,26514000000,8313000000,155865000,17255000000,29.79,-3879000000,188.26,140.7
2025-12-28,ICE,5.49,9750000000.0,29.79,None,1.052,50.25,,None,724000000,724000000,,,,,,,,,6000000,579000000,None,37736000,37736000,521000000,None,951000000,953000000,None,None,16846000,,1.89,0.0116,,,,0.246,0.02,56205000,73051000,1.69,2018-12-31,22.03,13085000000,9750000000.0,155865000,59995000,19585000,10462000000,10462000000,None,0,None,64773000000,None,None,6490000000,None,631000000,40410000,None,None,None,0.491,,99660000,56205000,65015000000,64501000000,None,9381000000,None,,,,,2.208,3.255,9.6,,,,,,,,0.324,,1241000000,2025-10-30,annual,1.71,USD,pre-market,None,8317000000,0.0219,0.115,0.026,17.02,29010000,7441000000,951000000,None,169.43,155.37,1.1834,92791000000,66692000000,66108000000,75489000000,26099000000,9381000000,155865000,17201000000,29.79,-2354000000,188.26,140.7
2025-12-28,ICE,5.49,9750000000.0,29.79,None,1.052,50.25,,None,535000000,535000000,,,,,,,,,6000000,594000000,None,37736000,37736000,462000000,None,1833000000,903000000,None,None,16846000,,1.89,0.0116,,,,0.246,0.02,56205000,73051000,1.69,2017-12-31,22.03,12216000000,9750000000.0,155865000,59995000,19585000,10269000000,10269000000,None,0,None,51991000000,None,None,4267000000,None,0,40410000,None,None,None,0.491,,99660000,56205000,52124000000,51876000000,None,7141000000,None,,,,,2.208,3.255,9.6,,,,,,,,0.324,,1246000000,2025-10-30,annual,1.71,USD,pre-market,None,6825000000,0.0219,0.115,0.026,17.02,29010000,6100000000,1833000000,16000000,169.43,155.37,1.1834,78264000000,53562000000,54171000000,61312000000,24702000000,7141000000,155865000,16924000000,29.79,-1076000000,188.26,140.7
2025-12-28,ICE,5.49,9750000000.0,29.79,None,1.052,50.25,,None,407000000,407000000,,,,,,,,,6000000,599000000,None,37736000,37736000,388000000,None,2493000000,777000000,None,None,16846000,,1.89,0.0116,,,,0.246,0.02,56205000,73051000,1.69,2016-12-31,22.03,12291000000,9750000000.0,155865000,59995000,19585000,10420000000,10420000000,None,0,None,55829000000,None,None,6364000000,None,432000000,40410000,None,None,None,0.491,,99660000,56205000,97000000,55622000000,None,7596000000,None,,,,,2.208,3.255,9.6,,,,,,,,0.324,,1129000000,2025-10-30,annual,1.71,USD,pre-market,None,4789000000,0.0219,0.115,0.026,17.02,29010000,8857000000,2493000000,23000000,169.43,155.37,1.1834,82003000000,57133000000,58617000000,66213000000,24870000000,7596000000,155865000,15717000000,29.79,-40000000,188.26,140.7
2025-12-28,ICE,5.49,9750000000.0,29.79,None,1.052,50.25,,None,627000000,627000000,,,,,,,,,1000000,559000000,None,37736000,37736000,398000000,None,7308000000,700000000,None,None,16846000,,1.89,0.0116,,,,0.246,0.02,56205000,73051000,1.69,2015-12-31,22.03,12079000000,9750000000.0,155865000,59995000,19585000,10758000000,10758000000,None,0,None,51826000000,None,None,7308000000,None,299000000,40410000,None,None,None,0.491,,99660000,56205000,131000000,51656000000,None,8369000000,None,,,,,2.208,3.255,9.6,,,,,,,,0.324,,1037000000,2025-10-30,annual,1.71,USD,pre-market,None,4148000000,0.0219,0.115,0.026,17.02,29010000,9899000000,2591000000,29000000,169.43,155.37,1.1834,77987000000,53313000000,54743000000,63112000000,24674000000,8369000000,155865000,14808000000,29.79,-1448000000,188.26,140.7
2025-12-28,ICE,5.49,9750000000.0,29.79,None,1.052,50.25,,None,652000000,652000000,,,,,,,,,1000000,573000000,None,37736000,37736000,409000000,None,1137000000,508000000,None,None,16846000,,1.89,0.0116,,,,0.246,0.02,56205000,73051000,1.69,2014-12-31,22.03,8535000000,9750000000.0,155865000,59995000,19585000,7780000000,7780000000,None,0,None,47787000000,None,None,2247000000,None,432000000,40410000,None,None,None,0.491,,99660000,56205000,47872000000,47916000000,None,5183000000,None,,,,,2.208,3.255,9.6,,,,,,,,0.324,,874000000,2025-10-30,annual,1.71,USD,pre-market,None,3210000000,0.0219,0.115,0.026,17.02,29010000,4289000000,2042000000,1200000000,169.43,155.37,1.1834,68279000000,50245000000,50539000000,55722000000,18034000000,5183000000,155865000,12360000000,29.79,-743000000,188.26,140.7
2025-12-28,ICE,5.49,9750000000.0,29.79,None,1.052,50.25,,None,961000000,961000000,,,,,,,,,1000000,395000000,None,37736000,37736000,343000000,None,None,482000000,None,None,16846000,,1.89,0.0116,,,,0.246,0.02,56205000,73051000,1.69,2013-12-31,22.03,9501000000,9750000000.0,155865000,59995000,19585000,9404000000,9404000000,None,0,None,42493000000,None,None,5058000000,None,None,40410000,None,None,None,0.491,,99660000,56205000,249000000,648000000,None,7539000000,None,,,,,2.208,3.255,9.6,,,,,,,,0.324,,891000000,2025-10-30,annual,1.71,USD,pre-market,None,2482000000,0.0219,0.115,0.026,17.02,29010000,6193000000,1135000000,74000000,169.43,155.37,1.1834,64818000000,44259000000,44342000000,51881000000,20559000000,7539000000,155865000,12583000000,29.79,-53000000,188.26,140.7
2025-12-28,ICE,5.49,9750000000.0,29.79,None,1.052,50.25,,None,1612000000,1612000000,,,,,,,,,799000,365000000,None,37736000,37736000,70000000,None,None,127000000,None,None,16846000,,1.89,0.0116,,,,0.246,0.02,56205000,73051000,1.69,2012-12-31,22.03,1937977000,9750000000.0,155865000,59995000,19585000,798960000,798960000,None,0,None,31969316000,None,None,969500000,None,None,40410000,None,None,None,0.491,,99660000,56205000,32011000000,100413000,None,None,None,,,,,2.208,3.255,9.6,,,,,,,,0.324,,143392000,2025-10-30,annual,1.71,USD,pre-market,None,2508672000,0.0219,0.115,0.026,17.02,29010000,1132500000,162697000,86823000,169.43,155.37,1.1834,37214842000,33750087000,32245697000,33538284000,3464755000,1292587000,155865000,3643377000,29.79,-716815000,188.26,140.7
2025-12-28,ICE,5.49,9750000000.0,29.79,None,1.052,50.25,,None,822949000,822949000,,,,,,,,,792000,370000000,None,37736000,37736000,65964000,None,None,136331000,None,None,16846000,,1.89,0.0116,,,,0.246,0.02,56205000,73051000,1.69,2011-12-31,22.03,1902984000,9750000000.0,155865000,59995000,19585000,854374000,854374000,None,0,None,31608813000,None,None,837500000,None,None,40410000,None,None,None,0.491,,99660000,56205000,31646111000,105905000,None,None,None,,,,,2.208,3.255,9.6,,,,,,,,0.324,,130962000,2025-10-30,annual,1.71,USD,pre-market,None,1957096000,0.0219,0.115,0.026,17.02,29010000,887500000,50000000,52982000,169.43,155.37,1.1834,36147864000,32605391000,31800314000,32985523000,3542473000,1185209000,155865000,3121525000,29.79,-644291000,188.26,140.7
2025-12-28,ICE,5.49,9750000000.0,29.79,None,1.052,50.25,,None,621792000,621792000,,,,,,,,,785000,372380000,None,37736000,37736000,65162000,None,None,114456000,None,None,16846000,,1.89,0.0116,,,,0.246,0.02,56205000,73051000,1.69,2010-12-31,22.03,1916055000,9750000000.0,155865000,59995000,19585000,890818000,890818000,None,0,None,125250000,None,None,325750000,None,None,40410000,None,None,None,0.491,,99660000,56205000,22839530000,72616000,None,None,None,,,,,2.208,3.255,9.6,,,,,,,,0.324,,94503000,2025-10-30,annual,1.71,USD,pre-market,None,1447423000,0.0219,0.115,0.026,17.02,29010000,657093000,252750000,1999000,169.43,155.37,1.1834,26642259000,23575778000,23127384000,23825494000,3066481000,698110000,155865000,2777550000,29.79,-453822000,188.26,140.7
2025-12-28,ICE,5.49,9750000000.0,29.79,None,1.052,50.25,,None,552465000,552465000,,,,,,,,,776000,370450000,None,37736000,37736000,57288000,None,None,109068000,None,None,16846000,,1.89,0.0116,,,,0.246,0.02,56205000,73051000,1.69,2009-12-31,22.03,1465831000,9750000000.0,155865000,59995000,19585000,702460000,702460000,None,0,None,-18584163000,None,None,208500000,None,None,40410000,None,None,None,0.491,,99660000,56205000,18796313000,82756000,None,None,None,,,,,2.208,3.255,9.6,,,,,,,,0.324,,91735000,2025-10-30,annual,1.71,USD,pre-market,None,1049125000,0.0219,0.115,0.026,17.02,29010000,19086402000,18804461000,2005000,169.43,155.37,1.1834,21884875000,19459851000,18967832000,19451228000,2425024000,483396000,155865000,2399732000,29.79,-349646000,188.26,140.7
2025-12-28,ICE,5.49,9750000000.0,29.79,None,1.052,50.25,,None,283522000,283522000,,,,,,,,,765000,360820000,None,37736000,37736000,49663000,None,None,81248000,None,None,16846000,,1.89,0.0116,,,,0.246,0.02,56205000,73051000,1.69,2008-12-31,22.03,1434816000,9750000000.0,155865000,59995000,19585000,728855000,728855000,None,0,None,66579000,None,None,335988000,None,None,40410000,None,None,None,0.491,,99660000,56205000,12184399000,12215104000,None,None,None,,,,,2.208,3.255,9.6,,,,,,,,0.324,,88952000,2025-10-30,annual,1.71,USD,pre-market,None,732752000,0.0219,0.115,0.026,17.02,29010000,379375000,46875000,3419000,169.43,155.37,1.1834,14959581000,12552588000,12311642000,12947401000,2406993000,635759000,155865000,2006231000,29.79,-355520000,188.26,140.7
2025-12-28,ICE,5.49,9750000000.0,29.79,None,1.052,50.25,,None,119597000,119597000,,,,,,,,,710000,354900000,None,37736000,37736000,27811000,None,None,52018000,None,None,16846000,,1.89,0.0116,,,,0.246,0.02,56205000,73051000,1.69,2007-12-31,22.03,1009687000,9750000000.0,155865000,59995000,19585000,537722000,537722000,None,0,None,37472000,None,None,184375000,None,None,40410000,None,None,None,0.491,,99660000,56205000,829524000,845650000,None,None,None,,,,,2.208,3.255,9.6,,,,,,,,0.324,,63524000,2025-10-30,annual,1.71,USD,pre-market,None,431708000,0.0219,0.115,0.026,17.02,29010000,221875000,37500000,140955000,169.43,155.37,1.1834,2796345000,1142094000,910961000,1319489000,1654251000,408528000,155865000,1476856000,29.79,-30188000,188.26,140.7
2025-12-28,ICE,5.49,9750000000.0,29.79,None,1.052,50.25,,None,204257000,204257000,,,,,,,,,596000,297995000,None,37736000,37736000,13228000,None,None,32121000,None,None,16846000,,1.89,0.0116,,,,0.246,0.02,56205000,73051000,1.69,2006-12-31,22.03,79575000,9750000000.0,155865000,59995000,19585000,1551000,1551000,None,0,None,23487000,None,None,None,None,None,40410000,None,None,None,0.491,,99660000,56205000,27185000,22034000,None,None,None,,,,,2.208,3.255,9.6,,,,,,,,0.324,,26280000,2025-10-30,annual,1.71,USD,pre-market,None,191179000,0.0219,0.115,0.026,17.02,29010000,None,30865000,77354000,169.43,155.37,1.1834,493211000,340917000,37899000,38743000,152294000,844000,155865000,454468000,29.79,-9748000,188.26,140.7
2025-12-28,ICE,5.49,9750000000.0,29.79,None,1.052,50.25,,None,20002000,20002000,,,,,,,,,571000,266090000,None,37736000,37736000,1697000,None,None,14773000,None,None,16846000,,1.89,0.0116,,,,0.246,0.02,56205000,73051000,1.69,2005-12-31,22.03,73967000,9750000000.0,155865000,59995000,19585000,76054000,76054000,None,0,None,None,None,None,None,None,None,40410000,None,None,None,0.491,,99660000,56205000,18059000,23500000,None,None,None,,,,,2.208,3.255,9.6,,,,,,,,0.324,,20348000,2025-10-30,annual,1.71,USD,pre-market,None,47911000,0.0219,0.115,0.026,17.02,29010000,None,14988000,111181000,169.43,155.37,1.1834,265770000,164015000,26394000,33147000,101755000,6753000,155865000,232623000,29.79,-5541000,188.26,140.7
2025-12-28,ICE,5.49,9750000000.0,29.79,None,1.052,50.25,62000000,None,20002000,20002000,-3787000000,-82000000,None,None,None,None,None,None,571000,266090000,None,37736000,37736000,1697000,None,None,14773000,None,None,16846000,387000000,1.89,0.0116,276000000,276000000,None,0.246,0.02,56205000,73051000,1.69,2025-09-30,22.03,73967000,9750000000.0,155865000,59995000,19585000,76054000,76054000,None,0,None,None,None,None,None,None,None,831000000,None,None,None,0.491,915000000,99660000,56205000,18059000,23500000,None,None,None,None,None,None,None,2.208,3.255,9.6,None,None,None,None,None,-398000000,None,0.324,None,20348000,2025-10-30,quarterly,1.71,USD,pre-market,None,47911000,0.0219,0.115,0.026,17.02,29010000,None,14988000,111181000,169.43,155.37,1.1834,265770000,164015000,26394000,33147000,101755000,6753000,155865000,232623000,29.79,-5541000,188.26,140.7
2025-12-28,ICE,5.49,9750000000.0,29.79,None,1.052,50.25,60000000,None,20002000,20002000,572000000,1068000000,None,None,None,None,None,None,571000,266090000,None,37736000,37736000,1697000,None,None,14773000,None,None,16846000,395000000,1.89,0.0116,277000000,277000000,None,0.246,0.02,56205000,73051000,1.69,2025-06-30,22.03,73967000,9750000000.0,155865000,59995000,19585000,76054000,76054000,None,0,None,None,None,None,None,None,None,865000000,None,None,None,0.491,1506000000,99660000,56205000,18059000,23500000,None,None,None,None,None,None,None,2.208,3.255,9.6,None,None,None,None,None,-255000000,None,0.324,None,20348000,2025-10-30,quarterly,1.71,USD,pre-market,None,47911000,0.0219,0.115,0.026,17.02,29010000,None,14988000,111181000,169.43,155.37,1.1834,265770000,164015000,26394000,33147000,101755000,6753000,155865000,232623000,29.79,-5541000,188.26,140.7
2025-12-28,ICE,5.49,9750000000.0,29.79,None,1.052,50.25,85000000,None,20002000,20002000,2283000000,-2153000000,None,None,None,None,None,None,571000,266090000,None,37736000,37736000,1697000,None,None,14773000,None,None,16846000,389000000,1.89,0.0116,278000000,278000000,None,0.246,0.02,56205000,73051000,1.69,2025-03-31,22.03,73967000,9750000000.0,155865000,59995000,19585000,76054000,76054000,None,0,None,None,None,None,None,None,None,812000000,None,None,None,0.491,966000000,99660000,56205000,18059000,23500000,None,None,None,None,None,None,None,2.208,3.255,9.6,None,None,None,None,None,-336000000,None,0.324,None,20348000,2025-10-30,quarterly,1.71,USD,pre-market,None,47911000,0.0219,0.115,0.026,17.02,29010000,None,14988000,111181000,169.43,155.37,1.1834,265770000,164015000,26394000,33147000,101755000,6753000,155865000,232623000,29.79,-5541000,188.26,140.7
2025-12-28,ICE,5.49,9750000000.0,29.79,None,1.052,50.25,276000000,None,20002000,20002000,2796000000,-920000000,None,None,None,None,None,None,571000,266090000,None,37736000,37736000,1697000,None,None,14773000,None,None,16846000,389000000,1.89,0.0116,259000000,259000000,None,0.246,0.02,56205000,73051000,1.69,2024-12-31,22.03,73967000,9750000000.0,155865000,59995000,19585000,76054000,76054000,None,0,None,None,None,None,None,None,None,709000000,None,None,None,0.491,1506000000,99660000,56205000,18059000,23500000,None,None,None,None,None,None,None,2.208,3.255,9.6,None,None,None,None,None,-4000000,None,0.324,None,20348000,2025-10-30,quarterly,1.71,USD,pre-market,None,47911000,0.0219,0.115,0.026,17.02,29010000,None,14988000,111181000,169.43,155.37,1.1834,265770000,164015000,26394000,33147000,101755000,6753000,155865000,232623000,29.79,-5541000,188.26,140.7
2025-12-28,ICE,5.49,9750000000.0,29.79,None,1.052,50.25,79000000,None,20002000,20002000,-2331000000,-73000000,None,None,None,None,None,None,571000,266090000,None,37736000,37736000,1697000,None,None,14773000,None,None,16846000,386000000,1.89,0.0116,261000000,261000000,None,0.246,0.02,56205000,73051000,1.69,2024-09-30,22.03,73967000,9750000000.0,155865000,59995000,19585000,76054000,76054000,None,0,None,None,None,None,None,None,None,671000000,None,None,None,0.491,898000000,99660000,56205000,18059000,23500000,None,None,None,None,None,None,None,2.208,3.255,9.6,None,None,None,None,None,-4000000,None,0.324,None,20348000,2025-10-30,quarterly,1.71,USD,pre-market,None,47911000,0.0219,0.115,0.026,17.02,29010000,None,14988000,111181000,169.43,155.37,1.1834,265770000,164015000,26394000,33147000,101755000,6753000,155865000,232623000,29.79,-5541000,188.26,140.7
2025-12-28,ICE,5.49,9750000000.0,29.79,None,1.052,50.25,165000000,None,20002000,20002000,5136000000,-187000000,None,None,None,None,None,None,571000,266090000,None,37736000,37736000,1697000,None,None,14773000,None,None,16846000,381000000,1.89,0.0116,261000000,261000000,None,0.246,0.02,56205000,73051000,1.69,2024-06-30,22.03,73967000,9750000000.0,155865000,59995000,19585000,76054000,76054000,None,0,None,None,None,None,None,None,None,632000000,None,None,None,0.491,1196000000,99660000,56205000,18059000,23500000,None,None,None,None,None,None,None,2.208,3.255,9.6,None,None,None,None,None,-2000000,None,0.324,None,20348000,2025-10-30,quarterly,1.71,USD,pre-market,None,47911000,0.0219,0.115,0.026,17.02,29010000,None,14988000,111181000,169.43,155.37,1.1834,265770000,164015000,26394000,33147000,101755000,6753000,155865000,232623000,29.79,-5541000,188.26,140.7
2025-12-28,ICE,5.49,9750000000.0,29.79,None,1.052,50.25,145000000,None,20002000,20002000,-5522000000,259000000,None,None,None,None,None,None,571000,266090000,None,37736000,37736000,1697000,None,None,14773000,None,None,16846000,381000000,1.89,0.0116,258000000,258000000,None,0.246,0.02,56205000,73051000,1.69,2024-03-31,22.03,73967000,9750000000.0,155865000,59995000,19585000,76054000,76054000,None,0,None,None,None,None,None,None,None,767000000,None,None,None,0.491,1009000000,99660000,56205000,18059000,23500000,None,None,None,None,None,None,None,2.208,3.255,9.6,None,None,None,None,None,-71000000,None,0.324,None,20348000,2025-10-30,quarterly,1.71,USD,pre-market,None,47911000,0.0219,0.115,0.026,17.02,29010000,None,14988000,111181000,169.43,155.37,1.1834,265770000,164015000,26394000,33147000,101755000,6753000,155865000,232623000,29.79,-5541000,188.26,140.7
2025-12-28,ICE,5.49,9750000000.0,29.79,None,1.052,50.25,163000000,None,20002000,20002000,-1634000000,606000000,None,None,34000000,None,None,None,571000,266090000,None,37736000,37736000,1697000,None,None,14773000,None,None,16846000,379000000,1.89,0.0116,242000000,242000000,None,0.246,0.02,56205000,73051000,1.69,2023-12-31,22.03,73967000,9750000000.0,155865000,59995000,19585000,76054000,76054000,None,0,None,None,None,None,None,None,None,390000000,None,None,None,0.491,969000000,99660000,56205000,18059000,23500000,None,None,None,None,None,None,None,2.208,3.255,9.6,None,None,None,None,None,-25000000,None,0.324,None,20348000,2025-10-30,quarterly,1.71,USD,pre-market,None,47911000,0.0219,0.115,0.026,17.02,29010000,None,14988000,111181000,169.43,155.37,1.1834,265770000,164015000,26394000,33147000,101755000,6753000,155865000,232623000,29.79,-5541000,188.26,140.7
2025-12-28,ICE,5.49,9750000000.0,29.79,None,1.052,50.25,123000000,None,20002000,20002000,-4825000000,-10547000000,None,None,5000000,None,None,None,571000,266090000,None,37736000,37736000,1697000,None,None,14773000,None,None,16846000,309000000,1.89,0.0116,241000000,241000000,None,0.246,0.02,56205000,73051000,1.69,2023-09-30,22.03,73967000,9750000000.0,155865000,59995000,19585000,76054000,76054000,None,0,None,None,None,None,None,None,None,559000000,None,None,None,0.491,768000000,99660000,56205000,18059000,23500000,None,None,None,None,None,None,None,2.208,3.255,9.6,None,None,None,None,None,-3000000,None,0.324,None,20348000,2025-10-30,quarterly,1.71,USD,pre-market,None,47911000,0.0219,0.115,0.026,17.02,29010000,None,14988000,111181000,169.43,155.37,1.1834,265770000,164015000,26394000,33147000,101755000,6753000,155865000,232623000,29.79,-5541000,188.26,140.7
2025-12-28,ICE,5.49,9750000000.0,29.79,None,1.052,50.25,118000000,None,20002000,20002000,-15535000000,-901000000,-15284000000,None,-55000000,None,None,None,571000,266090000,None,37736000,37736000,1697000,None,None,14773000,None,None,16846000,267000000,1.89,0.0116,236000000,236000000,None,0.246,0.02,56205000,73051000,1.69,2023-06-30,22.03,73967000,9750000000.0,155865000,59995000,19585000,76054000,76054000,None,0,None,None,None,None,None,None,None,815000000,None,None,None,0.491,1152000000,99660000,56205000,18059000,23500000,None,None,None,None,None,None,None,2.208,3.255,9.6,None,None,None,None,None,-1000000,None,0.324,None,20348000,2025-10-30,quarterly,1.71,USD,pre-market,None,47911000,0.0219,0.115,0.026,17.02,29010000,None,14988000,111181000,169.43,155.37,1.1834,265770000,164015000,26394000,33147000,101755000,6753000,155865000,232623000,29.79,-5541000,188.26,140.7
2025-12-28,ICE,5.49,9750000000.0,29.79,None,1.052,50.25,85000000,None,20002000,20002000,-42351000000,2045000000,-39653000000,None,105000000,None,None,None,571000,266090000,None,37736000,37736000,1697000,None,None,14773000,None,None,16846000,260000000,1.89,0.0116,236000000,236000000,None,0.246,0.02,56205000,73051000,1.69,2023-03-31,22.03,73967000,9750000000.0,155865000,59995000,19585000,76054000,76054000,None,0,None,None,None,None,None,None,None,674000000,None,None,None,0.491,653000000,99660000,56205000,18059000,23500000,None,None,None,None,None,None,None,2.208,3.255,9.6,None,None,None,None,None,-49000000,None,0.324,None,20348000,2025-10-30,quarterly,1.71,USD,pre-market,None,47911000,0.0219,0.115,0.026,17.02,29010000,None,14988000,111181000,169.43,155.37,1.1834,265770000,164015000,26394000,33147000,101755000,6753000,155865000,232623000,29.79,-5541000,188.26,140.7
2025-12-28,ICE,5.49,9750000000.0,29.79,None,1.052,50.25,157000000,None,20002000,20002000,-18214000000,3038000000,-14084000000,None,None,None,None,None,571000,266090000,None,37736000,37736000,1697000,None,None,14773000,None,None,16846000,263000000,1.89,0.0116,213000000,213000000,None,0.246,0.02,56205000,73051000,1.69,2022-12-31,22.03,73967000,9750000000.0,155865000,59995000,19585000,76054000,76054000,None,0,None,None,None,None,None,None,None,440000000,None,None,None,0.491,1092000000,99660000,56205000,18059000,23500000,None,None,None,None,None,None,None,2.208,3.255,9.6,None,None,None,None,None,-1000000,None,0.324,None,20348000,2025-10-30,quarterly,1.71,USD,pre-market,None,47911000,0.0219,0.115,0.026,17.02,29010000,None,14988000,111181000,169.43,155.37,1.1834,265770000,164015000,26394000,33147000,101755000,6753000,155865000,232623000,29.79,-5541000,188.26,140.7
2025-12-28,ICE,5.49,9750000000.0,29.79,None,1.052,50.25,121000000,None,20002000,20002000,-2865000000,-5204000000,-7332000000,None,None,None,None,None,571000,266090000,None,37736000,37736000,1697000,None,None,14773000,None,None,16846000,258000000,1.89,0.0116,213000000,213000000,None,0.246,0.02,56205000,73051000,1.69,2022-09-30,22.03,73967000,9750000000.0,155865000,59995000,19585000,76054000,76054000,None,0,None,None,None,None,None,None,None,-175000000,None,None,None,0.491,737000000,99660000,56205000,18059000,23500000,None,None,None,None,None,None,None,2.208,3.255,9.6,None,None,None,None,None,-1000000,None,0.324,None,20348000,2025-10-30,quarterly,1.71,USD,pre-market,None,47911000,0.0219,0.115,0.026,17.02,29010000,None,14988000,111181000,169.43,155.37,1.1834,265770000,164015000,26394000,33147000,101755000,6753000,155865000,232623000,29.79,-5541000,188.26,140.7
2025-12-28,ICE,5.49,9750000000.0,29.79,None,1.052,50.25,101000000,None,20002000,20002000,5560000000,1961000000,8490000000,None,None,None,None,None,571000,266090000,None,37736000,37736000,1697000,None,None,14773000,None,None,16846000,256000000,1.89,0.0116,213000000,213000000,None,0.246,0.02,56205000,73051000,1.69,2022-06-30,22.03,73967000,9750000000.0,155865000,59995000,19585000,76054000,76054000,None,0,None,None,None,None,None,None,None,555000000,None,None,None,0.491,969000000,99660000,56205000,18059000,23500000,None,None,None,None,None,None,None,2.208,3.255,9.6,None,None,None,None,None,-159000000,None,0.324,None,20348000,2025-10-30,quarterly,1.71,USD,pre-market,None,47911000,0.0219,0.115,0.026,17.02,29010000,None,14988000,111181000,169.43,155.37,1.1834,265770000,164015000,26394000,33147000,101755000,6753000,155865000,232623000,29.79,-5541000,188.26,140.7
2025-12-28,ICE,5.49,9750000000.0,29.79,None,1.052,50.25,103000000,None,20002000,20002000,13678000000,882000000,15316000000,None,None,None,None,None,571000,266090000,None,37736000,37736000,1697000,None,None,14773000,None,None,16846000,254000000,1.89,0.0116,214000000,214000000,None,0.246,0.02,56205000,73051000,1.69,2022-03-31,22.03,73967000,9750000000.0,155865000,59995000,19585000,76054000,76054000,None,0,None,None,None,None,None,None,None,667000000,None,None,None,0.491,756000000,99660000,56205000,18059000,23500000,None,None,None,None,None,None,None,2.208,3.255,9.6,None,None,None,None,None,-544000000,None,0.324,None,20348000,2025-10-30,quarterly,1.71,USD,pre-market,None,47911000,0.0219,0.115,0.026,17.02,29010000,None,14988000,111181000,169.43,155.37,1.1834,265770000,164015000,26394000,33147000,101755000,6753000,155865000,232623000,29.79,-5541000,188.26,140.7
2025-12-28,ICE,5.49,9750000000.0,29.79,None,1.052,50.25,124000000,None,20002000,20002000,40860000000,-2111000000,64289000000,None,43000000,None,None,None,571000,266090000,None,37736000,37736000,1697000,None,None,14773000,None,None,16846000,250000000,1.89,0.0116,186000000,186000000,None,0.246,0.02,56205000,73051000,1.69,2021-12-31,22.03,73967000,9750000000.0,155865000,59995000,19585000,76054000,76054000,None,0,None,None,None,None,None,None,None,1529000000,None,None,None,0.491,993000000,99660000,56205000,18059000,23500000,None,None,None,None,None,None,None,2.208,3.255,9.6,None,None,None,None,None,-251000000,None,0.324,None,20348000,2025-10-30,quarterly,1.71,USD,pre-market,None,47911000,0.0219,0.115,0.026,17.02,29010000,None,14988000,111181000,169.43,155.37,1.1834,265770000,164015000,26394000,33147000,101755000,6753000,155865000,232623000,29.79,-5541000,188.26,140.7
2025-12-28,ICE,5.49,9750000000.0,29.79,None,1.052,50.25,88000000,None,20002000,20002000,-410000000,-94000000,19000000,None,-56000000,None,None,None,571000,266090000,None,37736000,37736000,1697000,None,None,14773000,None,None,16846000,253000000,1.89,0.0116,187000000,187000000,None,0.246,0.02,56205000,73051000,1.69,2021-09-30,22.03,73967000,9750000000.0,155865000,59995000,19585000,76054000,76054000,None,0,None,None,None,None,None,None,None,637000000,None,None,None,0.491,523000000,99660000,56205000,18059000,23500000,None,None,None,None,None,None,None,2.208,3.255,9.6,None,None,None,None,None,-2000000,None,0.324,None,20348000,2025-10-30,quarterly,1.71,USD,pre-market,None,47911000,0.0219,0.115,0.026,17.02,29010000,None,14988000,111181000,169.43,155.37,1.1834,265770000,164015000,26394000,33147000,101755000,6753000,155865000,232623000,29.79,-5541000,188.26,140.7
2025-12-28,ICE,5.49,9750000000.0,29.79,None,1.052,50.25,124000000,None,20002000,20002000,4374000000,1100000000,20000000,None,210000000,None,None,None,571000,266090000,None,37736000,37736000,1697000,None,None,14773000,None,None,16846000,251000000,1.89,0.0116,187000000,187000000,None,0.246,0.02,56205000,73051000,1.69,2021-06-30,22.03,73967000,9750000000.0,155865000,59995000,19585000,76054000,76054000,None,0,None,None,None,None,None,None,None,1253000000,None,None,None,0.491,873000000,99660000,56205000,18059000,23500000,None,None,None,None,None,None,None,2.208,3.255,9.6,None,None,None,None,None,-2000000,None,0.324,None,20348000,2025-10-30,quarterly,1.71,USD,pre-market,None,47911000,0.0219,0.115,0.026,17.02,29010000,None,14988000,111181000,169.43,155.37,1.1834,265770000,164015000,26394000,33147000,101755000,6753000,155865000,232623000,29.79,-5541000,188.26,140.7
2025-12-28,ICE,5.49,9750000000.0,29.79,None,1.052,50.25,116000000,None,20002000,20002000,888000000,444000000,35000000,None,-163000000,None,None,None,571000,266090000,None,37736000,37736000,1697000,None,None,14773000,None,None,16846000,255000000,1.89,0.0116,187000000,187000000,None,0.246,0.02,56205000,73051000,1.69,2021-03-31,22.03,73967000,9750000000.0,155865000,59995000,19585000,76054000,76054000,None,0,None,None,None,None,None,None,None,650000000,None,None,None,0.491,734000000,99660000,56205000,18059000,23500000,None,None,None,None,None,None,None,2.208,3.255,9.6,None,None,None,None,None,-65000000,None,0.324,None,20348000,2025-10-30,quarterly,1.71,USD,pre-market,None,47911000,0.0219,0.115,0.026,17.02,29010000,None,14988000,111181000,169.43,155.37,1.1834,265770000,164015000,26394000,33147000,101755000,6753000,155865000,232623000,29.79,-5541000,188.26,140.7
2025-12-28,ICE,5.49,9750000000.0,29.79,None,1.052,50.25,142000000,None,20002000,20002000,-965000000,-128000000,None,None,139000000,None,None,None,571000,266090000,None,37736000,37736000,1697000,None,None,14773000,None,None,16846000,257000000,1.89,0.0116,169000000,169000000,None,0.246,0.02,56205000,73051000,1.69,2020-12-31,22.03,73967000,9750000000.0,155865000,59995000,19585000,76054000,76054000,None,0,None,None,None,None,None,None,None,528000000,None,None,None,0.491,1066000000,99660000,56205000,18059000,23500000,None,None,None,None,None,None,None,2.208,3.255,9.6,None,None,None,None,None,-2000000,None,0.324,None,20348000,2025-10-30,quarterly,1.71,USD,pre-market,None,47911000,0.0219,0.115,0.026,17.02,29010000,None,14988000,111181000,169.43,155.37,1.1834,265770000,164015000,26394000,33147000,101755000,6753000,155865000,232623000,29.79,-5541000,188.26,140.7
2025-12-28,ICE,5.49,9750000000.0,29.79,None,1.052,50.25,124000000,None,20002000,20002000,8598000000,-9310000000,-275000000,None,119000000,None,None,None,571000,266090000,None,37736000,37736000,1697000,None,None,14773000,None,None,16846000,180000000,1.89,0.0116,170000000,170000000,None,0.246,0.02,56205000,73051000,1.69,2020-09-30,22.03,73967000,9750000000.0,155865000,59995000,19585000,76054000,76054000,None,0,None,None,None,None,None,None,None,394000000,None,None,None,0.491,437000000,99660000,56205000,18059000,23500000,None,None,None,None,None,None,None,2.208,3.255,9.6,None,None,None,None,None,-148000000,None,0.324,None,20348000,2025-10-30,quarterly,1.71,USD,pre-market,None,47911000,0.0219,0.115,0.026,17.02,29010000,None,14988000,111181000,169.43,155.37,1.1834,265770000,164015000,26394000,33147000,101755000,6753000,155865000,232623000,29.79,-5541000,188.26,140.7
2025-12-28,ICE,5.49,9750000000.0,29.79,None,1.052,50.25,85000000,None,20002000,20002000,-478000000,-90000000,290000000,None,-188000000,None,None,None,571000,266090000,None,37736000,37736000,1697000,None,None,14773000,None,None,16846000,157000000,1.89,0.0116,164000000,164000000,None,0.246,0.02,56205000,73051000,1.69,2020-06-30,22.03,73967000,9750000000.0,155865000,59995000,19585000,76054000,76054000,None,0,None,None,None,None,None,None,None,528000000,None,None,None,0.491,858000000,99660000,56205000,18059000,23500000,None,None,None,None,None,None,None,2.208,3.255,9.6,None,None,None,None,None,-403000000,None,0.324,None,20348000,2025-10-30,quarterly,1.71,USD,pre-market,None,47911000,0.0219,0.115,0.026,17.02,29010000,None,14988000,111181000,169.43,155.37,1.1834,265770000,164015000,26394000,33147000,101755000,6753000,155865000,232623000,29.79,-5541000,188.26,140.7
2025-12-28,ICE,5.49,9750000000.0,29.79,None,1.052,50.25,59000000,None,20002000,20002000,-411000000,-302000000,-193000000,None,-121000000,None,None,None,571000,266090000,None,37736000,37736000,1697000,None,None,14773000,None,None,16846000,157000000,1.89,0.0116,166000000,166000000,None,0.246,0.02,56205000,73051000,1.69,2020-03-31,22.03,73967000,9750000000.0,155865000,59995000,19585000,76054000,76054000,None,0,None,None,None,None,None,None,None,658000000,None,None,None,0.491,520000000,99660000,56205000,18059000,23500000,None,None,None,None,None,None,None,2.208,3.255,9.6,None,None,None,None,None,-768000000,None,0.324,None,20348000,2025-10-30,quarterly,1.71,USD,pre-market,None,47911000,0.0219,0.115,0.026,17.02,29010000,None,14988000,111181000,169.43,155.37,1.1834,265770000,164015000,26394000,33147000,101755000,6753000,155865000,232623000,29.79,-5541000,188.26,140.7
2025-12-28,ICE,5.49,9750000000.0,29.79,None,1.052,50.25,102000000,None,20002000,20002000,-502000000,-82000000,193000000,None,44000000,None,None,None,571000,266090000,None,37736000,37736000,1697000,None,None,14773000,None,None,16846000,189000000,1.89,0.0116,154000000,154000000,None,0.246,0.02,56205000,73051000,1.69,2019-12-31,22.03,73967000,9750000000.0,155865000,59995000,19585000,76054000,76054000,None,0,None,None,None,None,None,None,None,453000000,None,None,None,0.491,777000000,99660000,56205000,18059000,23500000,None,None,None,None,None,None,None,2.208,3.255,9.6,None,None,None,None,None,-341000000,None,0.324,None,20348000,2025-10-30,quarterly,1.71,USD,pre-market,None,47911000,0.0219,0.115,0.026,17.02,29010000,None,14988000,111181000,169.43,155.37,1.1834,265770000,164015000,26394000,33147000,101755000,6753000,155865000,232623000,29.79,-5541000,188.26,140.7
2025-12-28,ICE,5.49,9750000000.0,29.79,None,1.052,50.25,69000000,None,20002000,20002000,-469000000,-110000000,83000000,None,36000000,None,None,None,571000,266090000,None,37736000,37736000,1697000,None,None,14773000,None,None,16846000,158000000,1.89,0.0116,155000000,155000000,None,0.246,0.02,56205000,73051000,1.69,2019-09-30,22.03,73967000,9750000000.0,155865000,59995000,19585000,76054000,76054000,None,0,None,None,None,None,None,None,None,537000000,None,None,None,0.491,500000000,99660000,56205000,18059000,23500000,None,None,None,None,None,None,None,2.208,3.255,9.6,None,None,None,None,None,-344000000,None,0.324,None,20348000,2025-10-30,quarterly,1.71,USD,pre-market,None,47911000,0.0219,0.115,0.026,17.02,29010000,None,14988000,111181000,169.43,155.37,1.1834,265770000,164015000,26394000,33147000,101755000,6753000,155865000,232623000,29.79,-5541000,188.26,140.7
2025-12-28,ICE,5.49,9750000000.0,29.79,None,1.052,50.25,69000000,None,20002000,20002000,-186000000,-362000000,None,None,-34000000,None,None,None,571000,266090000,None,37736000,37736000,1697000,None,None,14773000,None,None,16846000,157000000,1.89,0.0116,155000000,155000000,None,0.246,0.02,56205000,73051000,1.69,2019-06-30,22.03,73967000,9750000000.0,155865000,59995000,19585000,76054000,76054000,None,0,None,None,None,None,None,None,None,478000000,None,None,None,0.491,728000000,99660000,56205000,18059000,23500000,None,None,None,None,None,None,None,2.208,3.255,9.6,None,None,None,None,None,-343000000,None,0.324,None,20348000,2025-10-30,quarterly,1.71,USD,pre-market,None,47911000,0.0219,0.115,0.026,17.02,29010000,None,14988000,111181000,169.43,155.37,1.1834,265770000,164015000,26394000,33147000,101755000,6753000,155865000,232623000,29.79,-5541000,188.26,140.7
2025-12-28,ICE,5.49,9750000000.0,29.79,None,1.052,50.25,65000000,None,20002000,20002000,-596000000,-40000000,18000000,None,-61000000,None,None,None,571000,266090000,None,37736000,37736000,1697000,None,None,14773000,None,None,16846000,158000000,1.89,0.0116,157000000,157000000,None,0.246,0.02,56205000,73051000,1.69,2019-03-31,22.03,73967000,9750000000.0,155865000,59995000,19585000,76054000,76054000,None,0,None,None,None,None,None,None,None,492000000,None,None,None,0.491,654000000,99660000,56205000,18059000,23500000,None,None,None,None,None,None,None,2.208,3.255,9.6,None,None,None,None,None,-497000000,None,0.324,None,20348000,2025-10-30,quarterly,1.71,USD,pre-market,None,47911000,0.0219,0.115,0.026,17.02,29010000,None,14988000,111181000,169.43,155.37,1.1834,265770000,164015000,26394000,33147000,101755000,6753000,155865000,232623000,29.79,-5541000,188.26,140.7
2025-12-28,ICE,5.49,9750000000.0,29.79,None,1.052,50.25,119000000,None,20002000,20002000,-444000000,-138000000,221000000,None,43000000,None,None,None,571000,266090000,None,37736000,37736000,1697000,None,None,14773000,None,None,16846000,157000000,1.89,0.0116,138000000,138000000,None,0.246,0.02,56205000,73051000,1.69,2018-12-31,22.03,73967000,9750000000.0,155865000,59995000,19585000,76054000,76054000,None,0,None,None,None,None,None,None,None,619000000,None,None,None,0.491,798000000,99660000,56205000,18059000,23500000,None,None,None,None,None,None,None,2.208,3.255,9.6,None,None,None,None,None,-141000000,None,0.324,None,20348000,2025-10-30,quarterly,1.71,USD,pre-market,None,47911000,0.0219,0.115,0.026,17.02,29010000,None,14988000,111181000,169.43,155.37,1.1834,265770000,164015000,26394000,33147000,101755000,6753000,155865000,232623000,29.79,-5541000,188.26,140.7
2025-12-28,ICE,5.49,9750000000.0,29.79,None,1.052,50.25,53000000,None,20002000,20002000,282000000,-799000000,-18000000,None,149000000,None,None,None,571000,266090000,None,37736000,37736000,1697000,None,None,14773000,None,None,16846000,148000000,1.89,0.0116,138000000,138000000,None,0.246,0.02,56205000,73051000,1.69,2018-09-30,22.03,73967000,9750000000.0,155865000,59995000,19585000,76054000,76054000,None,0,None,None,None,None,None,None,None,465000000,None,None,None,0.491,499000000,99660000,56205000,18059000,23500000,None,None,None,None,None,None,None,2.208,3.255,9.6,None,None,None,None,None,-302000000,None,0.324,None,20348000,2025-10-30,quarterly,1.71,USD,pre-market,None,47911000,0.0219,0.115,0.026,17.02,29010000,None,14988000,111181000,169.43,155.37,1.1834,265770000,164015000,26394000,33147000,101755000,6753000,155865000,232623000,29.79,-5541000,188.26,140.7
2025-12-28,ICE,5.49,9750000000.0,29.79,None,1.052,50.25,57000000,None,20002000,20002000,-571000000,-63000000,22000000,-7000000,-73000000,None,None,None,571000,266090000,None,37736000,37736000,1697000,None,None,14773000,None,None,16846000,143000000,1.89,0.0116,139000000,139000000,None,0.246,0.02,56205000,73051000,1.69,2018-06-30,22.03,73967000,9750000000.0,155865000,59995000,19585000,76054000,76054000,None,0,None,None,None,None,None,None,None,462000000,None,None,None,0.491,663000000,99660000,56205000,18059000,23500000,None,None,None,None,None,None,None,2.208,3.255,9.6,None,None,None,None,None,-463000000,None,0.324,None,20348000,2025-10-30,quarterly,1.71,USD,pre-market,None,47911000,0.0219,0.115,0.026,17.02,29010000,None,14988000,111181000,169.43,155.37,1.1834,265770000,164015000,26394000,33147000,101755000,6753000,155865000,232623000,29.79,-5541000,188.26,140.7
2025-12-28,ICE,5.49,9750000000.0,29.79,None,1.052,50.25,51000000,None,20002000,20002000,270000000,-755000000,90000000,2000000,-139000000,None,None,None,571000,266090000,None,37736000,37736000,1697000,None,None,14773000,None,None,16846000,138000000,1.89,0.0116,140000000,140000000,None,0.246,0.02,56205000,73051000,1.69,2018-03-31,22.03,73967000,9750000000.0,155865000,59995000,19585000,76054000,76054000,None,0,None,None,None,None,None,None,None,474000000,None,None,None,0.491,573000000,99660000,56205000,18059000,23500000,None,None,None,None,None,None,None,2.208,3.255,9.6,None,None,None,None,None,-372000000,None,0.324,None,20348000,2025-10-30,quarterly,1.71,USD,pre-market,None,47911000,0.0219,0.115,0.026,17.02,29010000,None,14988000,111181000,169.43,155.37,1.1834,265770000,164015000,26394000,33147000,101755000,6753000,155865000,232623000,29.79,-5541000,188.26,140.7
2025-12-28,ICE,5.49,9750000000.0,29.79,None,1.052,50.25,117000000,None,20002000,20002000,-437000000,-35000000,206000000,3000000,195000000,None,None,None,571000,266090000,None,37736000,37736000,1697000,None,None,14773000,None,None,16846000,131000000,1.89,0.0116,118000000,118000000,None,0.246,0.02,56205000,73051000,1.69,2017-12-31,22.03,73967000,9750000000.0,155865000,59995000,19585000,76054000,76054000,None,0,None,None,None,None,None,None,None,1231000000,None,None,None,0.491,675000000,99660000,56205000,18059000,23500000,None,None,None,None,None,None,None,2.208,3.255,9.6,None,None,None,None,None,-243000000,None,0.324,None,20348000,2025-10-30,quarterly,1.71,USD,pre-market,None,47911000,0.0219,0.115,0.026,17.02,29010000,None,14988000,111181000,169.43,155.37,1.1834,265770000,164015000,26394000,33147000,101755000,6753000,155865000,232623000,29.79,-5541000,188.26,140.7
2025-12-28,ICE,5.49,9750000000.0,29.79,None,1.052,50.25,90000000,None,20002000,20002000,-213000000,-82000000,21000000,4000000,-47000000,None,None,None,571000,266090000,None,37736000,37736000,1697000,None,None,14773000,None,None,16846000,128000000,1.89,0.0116,119000000,119000000,None,0.246,0.02,56205000,73051000,1.69,2017-09-30,22.03,73967000,9750000000.0,155865000,59995000,19585000,76054000,76054000,None,0,None,None,None,None,None,None,None,375000000,None,None,None,0.491,312000000,99660000,56205000,18059000,23500000,None,None,None,None,None,None,None,2.208,3.255,9.6,None,None,None,None,None,-244000000,None,0.324,None,20348000,2025-10-30,quarterly,1.71,USD,pre-market,None,47911000,0.0219,0.115,0.026,17.02,29010000,None,14988000,111181000,169.43,155.37,1.1834,265770000,164015000,26394000,33147000,101755000,6753000,155865000,232623000,29.79,-5541000,188.26,140.7
2025-12-28,ICE,5.49,9750000000.0,29.79,None,1.052,50.25,84000000,None,20002000,20002000,-770000000,317000000,38000000,4000000,-206000000,None,None,None,571000,266090000,None,37736000,37736000,1697000,None,None,14773000,None,None,16846000,142000000,1.89,0.0116,119000000,119000000,None,0.246,0.02,56205000,73051000,1.69,2017-06-30,22.03,73967000,9750000000.0,155865000,59995000,19585000,76054000,76054000,None,0,None,None,None,None,None,None,None,426000000,None,None,None,0.491,487000000,99660000,56205000,18059000,23500000,None,None,None,None,None,None,None,2.208,3.255,9.6,None,None,None,None,None,-244000000,None,0.324,None,20348000,2025-10-30,quarterly,1.71,USD,pre-market,None,47911000,0.0219,0.115,0.026,17.02,29010000,None,14988000,111181000,169.43,155.37,1.1834,265770000,164015000,26394000,33147000,101755000,6753000,155865000,232623000,29.79,-5541000,188.26,140.7
2025-12-28,ICE,5.49,9750000000.0,29.79,None,1.052,50.25,66000000,None,20002000,20002000,-551000000,-108000000,-47000000,1000000,34000000,None,None,-240000000,571000,266090000,None,37736000,37736000,1697000,None,None,14773000,None,None,16846000,134000000,1.89,0.0116,120000000,120000000,None,0.246,0.02,56205000,73051000,1.69,2017-03-31,22.03,73967000,9750000000.0,155865000,59995000,19585000,76054000,76054000,None,0,None,None,None,None,None,None,None,510000000,None,None,None,0.491,611000000,99660000,56205000,18059000,23500000,None,None,None,None,None,None,None,2.208,3.255,9.6,None,None,None,None,None,-306000000,None,0.324,None,20348000,2025-10-30,quarterly,1.71,USD,pre-market,None,47911000,0.0219,0.115,0.026,17.02,29010000,None,14988000,111181000,169.43,155.37,1.1834,265770000,164015000,26394000,33147000,101755000,6753000,155865000,232623000,29.79,-5541000,188.26,140.7
2025-12-28,ICE,5.49,9750000000.0,29.79,None,1.052,50.25,111000000,None,20002000,20002000,-96000000,-592000000,-51000000,-4000000,4000000,None,None,None,571000,266090000,None,37736000,37736000,1697000,None,None,14773000,None,None,16846000,140000000,1.89,0.0116,102000000,102000000,None,0.246,0.02,56205000,73051000,1.69,2016-12-31,22.03,73967000,9750000000.0,155865000,59995000,19585000,76054000,76054000,None,0,None,None,None,None,None,None,None,359000000,None,None,None,0.491,641000000,99660000,56205000,18059000,23500000,None,None,None,None,None,None,None,2.208,3.255,9.6,None,None,None,None,None,-53000000,None,0.324,None,20348000,2025-10-30,quarterly,1.71,USD,pre-market,None,47911000,0.0219,0.115,0.026,17.02,29010000,None,14988000,111181000,169.43,155.37,1.1834,265770000,164015000,26394000,33147000,101755000,6753000,155865000,232623000,29.79,-5541000,188.26,140.7
2025-12-28,ICE,5.49,9750000000.0,29.79,None,1.052,50.25,97000000,None,20002000,20002000,-335000000,-4000000,68000000,2000000,81000000,None,None,141000000,571000,266090000,None,37736000,37736000,1697000,None,None,14773000,None,None,16846000,181000000,1.89,0.0116,102000000,102000000,None,0.246,0.02,56205000,73051000,1.69,2016-09-30,22.03,73967000,9750000000.0,155865000,59995000,19585000,76054000,76054000,None,0,None,None,None,None,None,None,None,350000000,None,None,None,0.491,405000000,99660000,56205000,18059000,23500000,None,None,None,None,None,None,None,2.208,3.255,9.6,None,None,None,None,None,-3000000,None,0.324,None,20348000,2025-10-30,quarterly,1.71,USD,pre-market,None,47911000,0.0219,0.115,0.026,17.02,29010000,None,14988000,111181000,169.43,155.37,1.1834,265770000,164015000,26394000,33147000,101755000,6753000,155865000,232623000,29.79,-5541000,188.26,140.7
2025-12-28,ICE,5.49,9750000000.0,29.79,None,1.052,50.25,101000000,None,20002000,20002000,-334000000,-243000000,-78000000,-7000000,-143000000,None,None,None,571000,266090000,None,37736000,37736000,1697000,None,None,14773000,None,None,16846000,146000000,1.89,0.0116,103000000,103000000,None,0.246,0.02,56205000,73051000,1.69,2016-06-30,22.03,73967000,9750000000.0,155865000,59995000,19585000,76054000,76054000,None,0,None,None,None,None,None,None,None,363000000,None,None,None,0.491,506000000,99660000,56205000,18059000,23500000,None,None,None,None,None,None,None,2.208,3.255,9.6,None,None,None,None,None,-1000000,None,0.324,None,20348000,2025-10-30,quarterly,1.71,USD,pre-market,None,47911000,0.0219,0.115,0.026,17.02,29010000,None,14988000,111181000,169.43,155.37,1.1834,265770000,164015000,26394000,33147000,101755000,6753000,155865000,232623000,29.79,-5541000,188.26,140.7
2025-12-28,ICE,5.49,9750000000.0,29.79,None,1.052,50.25,56000000,None,20002000,20002000,-697000000,-59000000,-159000000,None,-75000000,None,None,-229000000,571000,266090000,None,37736000,37736000,1697000,None,None,14773000,None,None,16846000,143000000,1.89,0.0116,102000000,102000000,None,0.246,0.02,56205000,73051000,1.69,2016-03-31,22.03,73967000,9750000000.0,155865000,59995000,19585000,76054000,76054000,None,0,None,None,None,None,None,None,None,377000000,None,None,None,0.491,597000000,99660000,56205000,18059000,23500000,None,None,None,None,None,None,None,2.208,3.255,9.6,None,None,None,None,None,-47000000,None,0.324,None,20348000,2025-10-30,quarterly,1.71,USD,pre-market,None,47911000,0.0219,0.115,0.026,17.02,29010000,None,14988000,111181000,169.43,155.37,1.1834,265770000,164015000,26394000,33147000,101755000,6753000,155865000,232623000,29.79,-5541000,188.26,140.7
2025-12-28,ICE,5.49,9750000000.0,29.79,None,1.052,50.25,85000000,None,20002000,20002000,3668000000,-4144000000,-60000000,-5000000,-34000000,None,None,None,571000,266090000,None,37736000,37736000,1697000,None,None,14773000,None,None,16846000,98000000,1.89,0.0116,89000000,89000000,None,0.246,0.02,56205000,73051000,1.69,2015-12-31,22.03,73967000,9750000000.0,155865000,59995000,19585000,76054000,76054000,None,0,None,None,None,None,None,None,None,373000000,None,None,None,0.491,421000000,99660000,56205000,18059000,23500000,None,None,None,None,None,None,None,2.208,3.255,9.6,None,None,None,None,None,-58000000,None,0.324,None,20348000,2025-10-30,quarterly,1.71,USD,pre-market,None,47911000,0.0219,0.115,0.026,17.02,29010000,None,14988000,111181000,169.43,155.37,1.1834,265770000,164015000,26394000,33147000,101755000,6753000,155865000,232623000,29.79,-5541000,188.26,140.7
2025-12-28,ICE,5.49,9750000000.0,29.79,None,1.052,50.25,56000000,None,20002000,20002000,-57000000,-53000000,9000000,-1000000,-78000000,None,None,None,571000,266090000,None,37736000,37736000,1697000,None,None,14773000,None,None,16846000,94000000,1.89,0.0116,84000000,84000000,None,0.246,0.02,56205000,73051000,1.69,2015-09-30,22.03,73967000,9750000000.0,155865000,59995000,19585000,76054000,76054000,None,0,None,None,None,None,None,None,None,310000000,None,None,None,0.491,120000000,99660000,56205000,18059000,23500000,None,None,None,None,None,None,None,2.208,3.255,9.6,None,None,None,None,None,-209000000,None,0.324,None,20348000,2025-10-30,quarterly,1.71,USD,pre-market,None,47911000,0.0219,0.115,0.026,17.02,29010000,None,14988000,111181000,169.43,155.37,1.1834,265770000,164015000,26394000,33147000,101755000,6753000,155865000,232623000,29.79,-5541000,188.26,140.7
2025-12-28,ICE,5.49,9750000000.0,29.79,None,1.052,50.25,76000000,None,20002000,20002000,-1367000000,985000000,-74000000,3000000,-105000000,None,None,None,571000,266090000,None,37736000,37736000,1697000,None,None,14773000,None,None,16846000,93000000,1.89,0.0116,85000000,85000000,None,0.246,0.02,56205000,73051000,1.69,2015-06-30,22.03,73967000,9750000000.0,155865000,59995000,19585000,76054000,76054000,None,0,None,None,None,None,None,None,None,289000000,None,None,None,0.491,305000000,99660000,56205000,18059000,23500000,None,None,None,None,None,None,None,2.208,3.255,9.6,None,None,None,None,None,-206000000,None,0.324,None,20348000,2025-10-30,quarterly,1.71,USD,pre-market,None,47911000,0.0219,0.115,0.026,17.02,29010000,None,14988000,111181000,169.43,155.37,1.1834,265770000,164015000,26394000,33147000,101755000,6753000,155865000,232623000,29.79,-5541000,188.26,140.7
2025-12-28,ICE,5.49,9750000000.0,29.79,None,1.052,50.25,60000000,None,20002000,20002000,-268000000,-86000000,100000000,-11000000,-65000000,None,None,None,571000,266090000,None,37736000,37736000,1697000,None,None,14773000,None,None,16846000,89000000,1.89,0.0116,73000000,73000000,None,0.246,0.02,56205000,73051000,1.69,2015-03-31,22.03,73967000,9750000000.0,155865000,59995000,19585000,76054000,76054000,None,0,None,None,None,None,None,None,None,323000000,None,None,None,0.491,465000000,99660000,56205000,18059000,23500000,None,None,None,None,None,None,None,2.208,3.255,9.6,None,None,None,None,None,-232000000,None,0.324,None,20348000,2025-10-30,quarterly,1.71,USD,pre-market,None,47911000,0.0219,0.115,0.026,17.02,29010000,None,14988000,111181000,169.43,155.37,1.1834,265770000,164015000,26394000,33147000,101755000,6753000,155865000,232623000,29.79,-5541000,188.26,140.7
2025-12-28,ICE,5.49,9750000000.0,29.79,None,1.052,50.25,89000000,None,20002000,20002000,-55000000,-453000000,14000000,-19000000,0,None,None,None,571000,266090000,None,37736000,37736000,1697000,None,None,14773000,None,None,16846000,89000000,1.89,0.0116,74000000,74000000,None,0.246,0.02,56205000,73051000,1.69,2014-12-31,22.03,73967000,9750000000.0,155865000,59995000,19585000,76054000,76054000,None,0,None,None,None,None,None,None,None,294000000,None,None,None,0.491,541000000,99660000,56205000,18059000,23500000,None,None,None,None,None,None,None,2.208,3.255,9.6,None,None,None,None,None,-203000000,None,0.324,None,20348000,2025-10-30,quarterly,1.71,USD,pre-market,None,47911000,0.0219,0.115,0.026,17.02,29010000,None,14988000,111181000,169.43,155.37,1.1834,265770000,164015000,26394000,33147000,101755000,6753000,155865000,232623000,29.79,-5541000,188.26,140.7
2025-12-28,ICE,5.49,9750000000.0,29.79,None,1.052,50.25,63000000,None,20002000,20002000,-333000000,-1162000000,-1419000000,-6000000,0,None,None,None,571000,266090000,None,37736000,37736000,1697000,None,None,14773000,None,None,16846000,83000000,1.89,0.0116,74000000,74000000,None,0.246,0.02,56205000,73051000,1.69,2014-09-30,22.03,73967000,9750000000.0,155865000,59995000,19585000,76054000,76054000,None,0,None,None,None,None,None,None,None,223000000,None,None,None,0.491,82000000,99660000,56205000,18059000,23500000,None,None,None,None,None,None,None,2.208,3.255,9.6,None,None,None,None,None,-450000000,None,0.324,None,20348000,2025-10-30,quarterly,1.71,USD,pre-market,None,47911000,0.0219,0.115,0.026,17.02,29010000,None,14988000,111181000,169.43,155.37,1.1834,265770000,164015000,26394000,33147000,101755000,6753000,155865000,232623000,29.79,-5541000,188.26,140.7
2025-12-28,ICE,5.49,9750000000.0,29.79,None,1.052,50.25,47000000,None,20002000,20002000,-680000000,1396000000,1093000000,5000000,0,None,None,None,571000,266090000,None,37736000,37736000,1697000,None,None,14773000,None,None,16846000,73000000,1.89,0.0116,75000000,75000000,None,0.246,0.02,56205000,73051000,1.69,2014-06-30,22.03,73967000,9750000000.0,155865000,59995000,19585000,76054000,76054000,None,0,None,None,None,None,None,None,None,215000000,None,None,None,0.491,372000000,99660000,56205000,18059000,23500000,None,None,None,None,None,None,None,2.208,3.255,9.6,None,None,None,None,None,-1000000,None,0.324,None,20348000,2025-10-30,quarterly,1.71,USD,pre-market,None,47911000,0.0219,0.115,0.026,17.02,29010000,None,14988000,111181000,169.43,155.37,1.1834,265770000,164015000,26394000,33147000,101755000,6753000,155865000,232623000,29.79,-5541000,188.26,140.7
2025-12-28,ICE,5.49,9750000000.0,29.79,None,1.052,50.25,51000000,None,20002000,20002000,-266000000,-249000000,3000000,-1000000,0,None,None,None,571000,266090000,None,37736000,37736000,1697000,None,None,14773000,None,None,16846000,88000000,1.89,0.0116,76000000,76000000,None,0.246,0.02,56205000,73051000,1.69,2014-03-31,22.03,73967000,9750000000.0,155865000,59995000,19585000,76054000,76054000,None,0,None,None,None,None,None,None,None,273000000,None,None,None,0.491,519000000,99660000,56205000,18059000,23500000,None,None,None,None,None,None,None,2.208,3.255,9.6,None,None,None,None,None,-36000000,None,0.324,None,20348000,2025-10-30,quarterly,1.71,USD,pre-market,None,47911000,0.0219,0.115,0.026,17.02,29010000,None,14988000,111181000,169.43,155.37,1.1834,265770000,164015000,26394000,33147000,101755000,6753000,155865000,232623000,29.79,-5541000,188.26,140.7
2025-12-28,ICE,5.49,9750000000.0,29.79,None,1.052,50.25,77091000,None,20002000,20002000,1494749000,-2263885000,None,None,-15515000,None,None,None,571000,266090000,None,37736000,37736000,1697000,None,None,14773000,None,None,16846000,61375000,1.89,0.0116,75000000,75000000,None,0.246,0.02,56205000,73051000,1.69,2013-12-31,22.03,73967000,9750000000.0,155865000,59995000,19585000,76054000,76054000,None,0,None,None,None,None,None,None,None,-170086000,None,None,None,0.491,173166000,99660000,56205000,18059000,23500000,None,None,None,None,None,None,None,2.208,3.255,9.6,None,None,None,None,None,-53450000,None,0.324,None,20348000,2025-10-30,quarterly,1.71,USD,pre-market,None,47911000,0.0219,0.115,0.026,17.02,29010000,None,14988000,111181000,169.43,155.37,1.1834,265770000,164015000,26394000,33147000,101755000,6753000,155865000,232623000,29.79,-5541000,188.26,140.7
2025-12-28,ICE,5.49,9750000000.0,29.79,None,1.052,50.25,53954000,None,20002000,20002000,-22056000,-77232000,None,None,11545000,None,None,None,571000,266090000,None,37736000,37736000,1697000,None,None,14773000,None,None,16846000,34391000,1.89,0.0116,0,0,None,0.246,0.02,56205000,73051000,1.69,2013-09-30,22.03,73967000,9750000000.0,155865000,59995000,19585000,76054000,76054000,None,0,None,None,None,None,None,None,None,145044000,None,None,None,0.491,180012000,99660000,56205000,18059000,23500000,None,None,None,None,None,None,None,2.208,3.255,9.6,None,None,None,None,None,-3000000,None,0.324,None,20348000,2025-10-30,quarterly,1.71,USD,pre-market,None,47911000,0.0219,0.115,0.026,17.02,29010000,None,14988000,111181000,169.43,155.37,1.1834,265770000,164015000,26394000,33147000,101755000,6753000,155865000,232623000,29.79,-5541000,188.26,140.7
2025-12-28,ICE,5.49,9750000000.0,29.79,None,1.052,50.25,25323000,None,20002000,20002000,-101252000,-65668000,None,None,-6568000,None,None,None,571000,266090000,None,37736000,37736000,1697000,None,None,14773000,None,None,16846000,33068000,1.89,0.0116,0,0,None,0.246,0.02,56205000,73051000,1.69,2013-06-30,22.03,73967000,9750000000.0,155865000,59995000,19585000,76054000,76054000,None,0,None,None,None,None,None,None,None,157861000,None,None,None,0.491,231568000,99660000,56205000,18059000,23500000,None,None,None,None,None,None,None,2.208,3.255,9.6,None,None,None,None,None,-1000000,None,0.324,None,20348000,2025-10-30,quarterly,1.71,USD,pre-market,None,47911000,0.0219,0.115,0.026,17.02,29010000,None,14988000,111181000,169.43,155.37,1.1834,265770000,164015000,26394000,33147000,101755000,6753000,155865000,232623000,29.79,-5541000,188.26,140.7
2025-12-28,ICE,5.49,9750000000.0,29.79,None,1.052,50.25,24632000,None,20002000,20002000,-252441000,-116215000,None,None,34538000,None,None,None,571000,266090000,None,37736000,37736000,1697000,None,None,14773000,None,None,16846000,32166000,1.89,0.0116,None,None,None,0.246,0.02,56205000,73051000,1.69,2013-03-31,22.03,73967000,9750000000.0,155865000,59995000,19585000,76054000,76054000,None,0,None,None,None,None,None,None,None,137181000,None,None,None,0.491,150254000,99660000,56205000,18059000,23500000,None,None,None,None,None,None,None,2.208,3.255,9.6,None,None,None,None,None,-20000000,None,0.324,None,20348000,2025-10-30,quarterly,1.71,USD,pre-market,None,47911000,0.0219,0.115,0.026,17.02,29010000,None,14988000,111181000,169.43,155.37,1.1834,265770000,164015000,26394000,33147000,101755000,6753000,155865000,232623000,29.79,-5541000,188.26,140.7
2025-12-28,ICE,5.49,9750000000.0,29.79,None,1.052,50.25,17859000,None,20002000,20002000,233094000,-22053000,None,None,-10723000,None,None,None,571000,266090000,None,37736000,37736000,1697000,None,None,14773000,None,None,16846000,33547000,1.89,0.0116,None,None,None,0.246,0.02,56205000,73051000,1.69,2012-12-31,22.03,73967000,9750000000.0,155865000,59995000,19585000,76054000,76054000,None,0,None,None,None,None,None,None,None,132553000,None,None,None,0.491,160240000,99660000,56205000,18059000,23500000,None,None,None,None,None,None,None,2.208,3.255,9.6,None,None,None,None,None,-52426000,None,0.324,None,20348000,2025-10-30,quarterly,1.71,USD,pre-market,None,47911000,0.0219,0.115,0.026,17.02,29010000,None,14988000,111181000,169.43,155.37,1.1834,265770000,164015000,26394000,33147000,101755000,6753000,155865000,232623000,29.79,-5541000,188.26,140.7
2025-12-28,ICE,5.49,9750000000.0,29.79,None,1.052,50.25,16926000,None,20002000,20002000,-15057000,-34435000,None,None,4138000,None,None,None,571000,266090000,None,37736000,37736000,1697000,None,None,14773000,None,None,16846000,32864000,1.89,0.0116,None,None,None,0.246,0.02,56205000,73051000,1.69,2012-09-30,22.03,73967000,9750000000.0,155865000,59995000,19585000,76054000,76054000,None,0,None,None,None,None,None,None,None,134107000,None,None,None,0.491,207145000,99660000,56205000,18059000,23500000,None,None,None,None,None,None,None,2.208,3.255,9.6,None,None,None,None,None,-1567000,None,0.324,None,20348000,2025-10-30,quarterly,1.71,USD,pre-market,None,47911000,0.0219,0.115,0.026,17.02,29010000,None,14988000,111181000,169.43,155.37,1.1834,265770000,164015000,26394000,33147000,101755000,6753000,155865000,232623000,29.79,-5541000,188.26,140.7
2025-12-28,ICE,5.49,9750000000.0,29.79,None,1.052,50.25,17851000,None,20002000,20002000,-19850000,-45506000,None,None,-26090000,None,None,None,571000,266090000,None,37736000,37736000,1697000,None,None,14773000,None,None,16846000,32108000,1.89,0.0116,None,None,None,0.246,0.02,56205000,73051000,1.69,2012-06-30,22.03,73967000,9750000000.0,155865000,59995000,19585000,76054000,76054000,None,0,None,None,None,None,None,None,None,145298000,None,None,None,0.491,179925000,99660000,56205000,18059000,23500000,None,None,None,None,None,None,None,2.208,3.255,9.6,None,None,None,None,None,-4512000,None,0.324,None,20348000,2025-10-30,quarterly,1.71,USD,pre-market,None,47911000,0.0219,0.115,0.026,17.02,29010000,None,14988000,111181000,169.43,155.37,1.1834,265770000,164015000,26394000,33147000,101755000,6753000,155865000,232623000,29.79,-5541000,188.26,140.7
2025-12-28,ICE,5.49,9750000000.0,29.79,None,1.052,50.25,15173000,None,20002000,20002000,-25824000,-15873000,None,None,48739000,None,None,None,571000,266090000,None,37736000,37736000,1697000,None,None,14773000,None,None,16846000,31983000,1.89,0.0116,None,None,None,0.246,0.02,56205000,73051000,1.69,2012-03-31,22.03,73967000,9750000000.0,155865000,59995000,19585000,76054000,76054000,None,0,None,None,None,None,None,None,None,149779000,None,None,None,0.491,185644000,99660000,56205000,18059000,23500000,None,None,None,None,None,None,None,2.208,3.255,9.6,None,None,None,None,None,-14019000,None,0.324,None,20348000,2025-10-30,quarterly,1.71,USD,pre-market,None,47911000,0.0219,0.115,0.026,17.02,29010000,None,14988000,111181000,169.43,155.37,1.1834,265770000,164015000,26394000,33147000,101755000,6753000,155865000,232623000,29.79,-5541000,188.26,140.7
2025-12-28,ICE,5.49,9750000000.0,29.79,None,1.052,50.25,45044000,None,20002000,20002000,219794000,-64372000,None,None,None,None,None,None,571000,266090000,None,37736000,37736000,1697000,None,None,14773000,None,None,16846000,33189000,1.89,0.0116,None,None,None,0.246,0.02,56205000,73051000,1.69,2011-12-31,22.03,73967000,9750000000.0,155865000,59995000,19585000,76054000,76054000,None,0,None,None,None,None,None,None,None,130267000,None,None,None,0.491,171985000,99660000,56205000,18059000,23500000,None,None,None,None,None,None,None,2.208,3.255,9.6,None,None,None,None,None,-53762000,None,0.324,None,20348000,2025-10-30,quarterly,1.71,USD,pre-market,None,47911000,0.0219,0.115,0.026,17.02,29010000,None,14988000,111181000,169.43,155.37,1.1834,265770000,164015000,26394000,33147000,101755000,6753000,155865000,232623000,29.79,-5541000,188.26,140.7
2025-12-28,ICE,5.49,9750000000.0,29.79,None,1.052,50.25,12762000,None,20002000,20002000,39982000,-518878000,None,None,None,None,None,None,571000,266090000,None,37736000,37736000,1697000,None,None,14773000,None,None,16846000,33095000,1.89,0.0116,None,None,None,0.246,0.02,56205000,73051000,1.69,2011-09-30,22.03,73967000,9750000000.0,155865000,59995000,19585000,76054000,76054000,None,0,None,None,None,None,None,None,None,136948000,None,None,None,0.491,219718000,99660000,56205000,18059000,23500000,None,None,None,None,None,None,None,2.208,3.255,9.6,None,None,None,None,None,-101384000,None,0.324,None,20348000,2025-10-30,quarterly,1.71,USD,pre-market,None,47911000,0.0219,0.115,0.026,17.02,29010000,None,14988000,111181000,169.43,155.37,1.1834,265770000,164015000,26394000,33147000,101755000,6753000,155865000,232623000,29.79,-5541000,188.26,140.7
2025-12-28,ICE,5.49,9750000000.0,29.79,None,1.052,50.25,17368000,None,20002000,20002000,-87781000,-13745000,None,None,None,None,None,None,571000,266090000,None,37736000,37736000,1697000,None,None,14773000,None,None,16846000,32837000,1.89,0.0116,None,None,None,0.246,0.02,56205000,73051000,1.69,2011-06-30,22.03,73967000,9750000000.0,155865000,59995000,19585000,76054000,76054000,None,0,None,None,None,None,None,None,None,121365000,None,None,None,0.491,165711000,99660000,56205000,18059000,23500000,None,None,None,None,None,None,None,2.208,3.255,9.6,None,None,None,None,None,-25924000,None,0.324,None,20348000,2025-10-30,quarterly,1.71,USD,pre-market,None,47911000,0.0219,0.115,0.026,17.02,29010000,None,14988000,111181000,169.43,155.37,1.1834,265770000,164015000,26394000,33147000,101755000,6753000,155865000,232623000,29.79,-5541000,188.26,140.7
2025-12-28,ICE,5.49,9750000000.0,29.79,None,1.052,50.25,12461000,None,20002000,20002000,-66884000,-17861000,None,None,None,None,None,None,571000,266090000,None,37736000,37736000,1697000,None,None,14773000,None,None,16846000,33131000,1.89,0.0116,None,None,None,0.246,0.02,56205000,73051000,1.69,2011-03-31,22.03,73967000,9750000000.0,155865000,59995000,19585000,76054000,76054000,None,0,None,None,None,None,None,None,None,128904000,None,None,None,0.491,155356000,99660000,56205000,18059000,23500000,None,None,None,None,None,None,None,2.208,3.255,9.6,None,None,None,None,None,-9404000,None,0.324,None,20348000,2025-10-30,quarterly,1.71,USD,pre-market,None,47911000,0.0219,0.115,0.026,17.02,29010000,None,14988000,111181000,169.43,155.37,1.1834,265770000,164015000,26394000,33147000,101755000,6753000,155865000,232623000,29.79,-5541000,188.26,140.7
2025-12-28,ICE,5.49,9750000000.0,29.79,None,1.052,50.25,10741000,None,20002000,20002000,-56395000,-14532000,None,None,None,None,None,None,571000,266090000,None,37736000,37736000,1697000,None,None,14773000,None,None,16846000,33342000,1.89,0.0116,None,None,None,0.246,0.02,56205000,73051000,1.69,2010-12-31,22.03,73967000,9750000000.0,155865000,59995000,19585000,76054000,76054000,None,0,None,None,None,None,None,None,None,101809000,None,None,None,0.491,155187000,99660000,56205000,18059000,23500000,None,None,None,None,None,None,None,2.208,3.255,9.6,None,None,None,None,None,-81681000,None,0.324,None,20348000,2025-10-30,quarterly,1.71,USD,pre-market,None,47911000,0.0219,0.115,0.026,17.02,29010000,None,14988000,111181000,169.43,155.37,1.1834,265770000,164015000,26394000,33147000,101755000,6753000,155865000,232623000,29.79,-5541000,188.26,140.7
2025-12-28,ICE,5.49,9750000000.0,29.79,None,1.052,50.25,12753000,None,20002000,20002000,55929000,55224000,None,None,None,None,None,None,571000,266090000,None,37736000,37736000,1697000,None,None,14773000,None,None,16846000,31739000,1.89,0.0116,None,None,None,0.246,0.02,56205000,73051000,1.69,2010-09-30,22.03,73967000,9750000000.0,155865000,59995000,19585000,76054000,76054000,None,0,None,None,None,None,None,None,None,99913000,None,None,None,0.491,119252000,99660000,56205000,18059000,23500000,None,None,None,None,None,None,None,2.208,3.255,9.6,None,None,None,None,None,-91129000,None,0.324,None,20348000,2025-10-30,quarterly,1.71,USD,pre-market,None,47911000,0.0219,0.115,0.026,17.02,29010000,None,14988000,111181000,169.43,155.37,1.1834,265770000,164015000,26394000,33147000,101755000,6753000,155865000,232623000,29.79,-5541000,188.26,140.7
2025-12-28,ICE,5.49,9750000000.0,29.79,None,1.052,50.25,13526000,None,20002000,20002000,199646000,-662472000,None,None,None,None,None,None,571000,266090000,None,37736000,37736000,1697000,None,None,14773000,None,None,16846000,27914000,1.89,0.0116,None,None,None,0.246,0.02,56205000,73051000,1.69,2010-06-30,22.03,73967000,9750000000.0,155865000,59995000,19585000,76054000,76054000,None,0,None,None,None,None,None,None,None,102527000,None,None,None,0.491,157759000,99660000,56205000,18059000,23500000,None,None,None,None,None,None,None,2.208,3.255,9.6,None,None,None,None,None,-816000,None,0.324,None,20348000,2025-10-30,quarterly,1.71,USD,pre-market,None,47911000,0.0219,0.115,0.026,17.02,29010000,None,14988000,111181000,169.43,155.37,1.1834,265770000,164015000,26394000,33147000,101755000,6753000,155865000,232623000,29.79,-5541000,188.26,140.7
2025-12-28,ICE,5.49,9750000000.0,29.79,None,1.052,50.25,10748000,None,20002000,20002000,-29660000,-11302000,None,None,None,None,None,None,571000,266090000,None,37736000,37736000,1697000,None,None,14773000,None,None,16846000,28214000,1.89,0.0116,None,None,None,0.246,0.02,56205000,73051000,1.69,2010-03-31,22.03,73967000,9750000000.0,155865000,59995000,19585000,76054000,76054000,None,0,None,None,None,None,None,None,None,103518000,None,None,None,0.491,101560000,99660000,56205000,18059000,23500000,None,None,None,None,None,None,None,2.208,3.255,9.6,None,None,None,None,None,-7164000,None,0.324,None,20348000,2025-10-30,quarterly,1.71,USD,pre-market,None,47911000,0.0219,0.115,0.026,17.02,29010000,None,14988000,111181000,169.43,155.37,1.1834,265770000,164015000,26394000,33147000,101755000,6753000,155865000,232623000,29.79,-5541000,188.26,140.7
2025-12-28,ICE,5.49,9750000000.0,29.79,None,1.052,50.25,16177000,None,20002000,20002000,-34279000,-834000,None,None,None,None,None,None,571000,266090000,None,37736000,37736000,1697000,None,None,14773000,None,None,16846000,28607000,1.89,0.0116,None,None,None,0.246,0.02,56205000,73051000,1.69,2009-12-31,22.03,73967000,9750000000.0,155865000,59995000,19585000,76054000,76054000,None,0,None,None,None,None,None,None,None,82992000,None,None,None,0.491,195265000,99660000,56205000,18059000,23500000,None,None,None,None,None,None,None,2.208,3.255,9.6,None,None,None,None,None,None,None,0.324,None,20348000,2025-10-30,quarterly,1.71,USD,pre-market,None,47911000,0.0219,0.115,0.026,17.02,29010000,None,14988000,111181000,169.43,155.37,1.1834,265770000,164015000,26394000,33147000,101755000,6753000,155865000,232623000,29.79,-5541000,188.26,140.7
2025-12-28,ICE,5.49,9750000000.0,29.79,None,1.052,50.25,10144000,None,20002000,20002000,-18598000,-9749000,None,None,None,None,None,None,571000,266090000,None,37736000,37736000,1697000,None,None,14773000,None,None,16846000,27868000,1.89,0.0116,None,None,None,0.246,0.02,56205000,73051000,1.69,2009-09-30,22.03,73967000,9750000000.0,155865000,59995000,19585000,76054000,76054000,None,0,None,None,None,None,None,None,None,86882000,None,None,None,0.491,119980000,99660000,56205000,18059000,23500000,None,None,None,None,None,None,None,2.208,3.255,9.6,None,None,None,None,None,-745000,None,0.324,None,20348000,2025-10-30,quarterly,1.71,USD,pre-market,None,47911000,0.0219,0.115,0.026,17.02,29010000,None,14988000,111181000,169.43,155.37,1.1834,265770000,164015000,26394000,33147000,101755000,6753000,155865000,232623000,29.79,-5541000,188.26,140.7
2025-12-28,ICE,5.49,9750000000.0,29.79,None,1.052,50.25,10492000,None,20002000,20002000,-7171000,-26077000,None,None,None,None,None,None,571000,266090000,None,37736000,37736000,1697000,None,None,14773000,None,None,16846000,27579000,1.89,0.0116,None,None,None,0.246,0.02,56205000,73051000,1.69,2009-06-30,22.03,73967000,9750000000.0,155865000,59995000,19585000,76054000,76054000,None,0,None,None,None,None,None,None,None,72058000,None,None,None,0.491,103628000,99660000,56205000,18059000,23500000,None,None,None,None,None,None,None,2.208,3.255,9.6,None,None,None,None,None,-521000,None,0.324,None,20348000,2025-10-30,quarterly,1.71,USD,pre-market,None,47911000,0.0219,0.115,0.026,17.02,29010000,None,14988000,111181000,169.43,155.37,1.1834,265770000,164015000,26394000,33147000,101755000,6753000,155865000,232623000,29.79,-5541000,188.26,140.7
2025-12-28,ICE,5.49,9750000000.0,29.79,None,1.052,50.25,7929000,None,20002000,20002000,-15064000,-105615000,None,None,None,None,None,None,571000,266090000,None,37736000,37736000,1697000,None,None,14773000,None,None,16846000,27303000,1.89,0.0116,None,None,None,0.246,0.02,56205000,73051000,1.69,2009-03-31,22.03,73967000,9750000000.0,155865000,59995000,19585000,76054000,76054000,None,0,None,None,None,None,None,None,None,72222000,None,None,None,0.491,67720000,99660000,56205000,18059000,23500000,None,None,None,None,None,None,None,2.208,3.255,9.6,None,None,None,None,None,-7256000,None,0.324,None,20348000,2025-10-30,quarterly,1.71,USD,pre-market,None,47911000,0.0219,0.115,0.026,17.02,29010000,None,14988000,111181000,169.43,155.37,1.1834,265770000,164015000,26394000,33147000,101755000,6753000,155865000,232623000,29.79,-5541000,188.26,140.7
2025-12-28,ICE,5.49,9750000000.0,29.79,None,1.052,50.25,19193000,None,20002000,20002000,-8992000,-24370000,None,None,None,None,None,None,571000,266090000,None,37736000,37736000,1697000,None,None,14773000,None,None,16846000,26821000,1.89,0.0116,None,None,None,0.246,0.02,56205000,73051000,1.69,2008-12-31,22.03,73967000,9750000000.0,155865000,59995000,19585000,76054000,76054000,None,0,None,None,None,None,None,None,None,48855000,None,None,None,0.491,75690000,99660000,56205000,18059000,23500000,None,None,None,None,None,None,None,2.208,3.255,9.6,None,None,None,None,None,43550000,None,0.324,None,20348000,2025-10-30,quarterly,1.71,USD,pre-market,None,47911000,0.0219,0.115,0.026,17.02,29010000,None,14988000,111181000,169.43,155.37,1.1834,265770000,164015000,26394000,33147000,101755000,6753000,155865000,232623000,29.79,-5541000,188.26,140.7
2025-12-28,ICE,5.49,9750000000.0,29.79,None,1.052,50.25,14551000,None,20002000,20002000,-113467000,-115753000,None,None,None,None,None,None,571000,266090000,None,37736000,37736000,1697000,None,None,14773000,None,None,16846000,14920000,1.89,0.0116,None,None,None,0.246,0.02,56205000,73051000,1.69,2008-09-30,22.03,73967000,9750000000.0,155865000,59995000,19585000,76054000,76054000,None,0,None,None,None,None,None,None,None,74963000,None,None,None,0.491,107870000,99660000,56205000,18059000,23500000,None,None,None,None,None,None,None,2.208,3.255,9.6,None,None,None,None,None,-301561000,None,0.324,None,20348000,2025-10-30,quarterly,1.71,USD,pre-market,None,47911000,0.0219,0.115,0.026,17.02,29010000,None,14988000,111181000,169.43,155.37,1.1834,265770000,164015000,26394000,33147000,101755000,6753000,155865000,232623000,29.79,-5541000,188.26,140.7
2025-12-28,ICE,5.49,9750000000.0,29.79,None,1.052,50.25,8669000,None,20002000,20002000,-3404000,38146000,None,None,None,None,None,None,571000,266090000,None,37736000,37736000,1697000,None,None,14773000,None,None,16846000,11027000,1.89,0.0116,None,None,None,0.246,0.02,56205000,73051000,1.69,2008-06-30,22.03,73967000,9750000000.0,155865000,59995000,19585000,76054000,76054000,None,0,None,None,None,None,None,None,None,84864000,None,None,None,0.491,112207000,99660000,56205000,18059000,23500000,None,None,None,None,None,None,None,2.208,3.255,9.6,None,None,None,None,None,-1434000,None,0.324,None,20348000,2025-10-30,quarterly,1.71,USD,pre-market,None,47911000,0.0219,0.115,0.026,17.02,29010000,None,14988000,111181000,169.43,155.37,1.1834,265770000,164015000,26394000,33147000,101755000,6753000,155865000,232623000,29.79,-5541000,188.26,140.7
2025-12-28,ICE,5.49,9750000000.0,29.79,None,1.052,50.25,6399000,None,20002000,20002000,-15256000,32231000,None,None,None,None,None,None,571000,266090000,None,37736000,37736000,1697000,None,None,14773000,None,None,16846000,11123000,1.89,0.0116,None,None,None,0.246,0.02,56205000,73051000,1.69,2008-03-31,22.03,73967000,9750000000.0,155865000,59995000,19585000,76054000,76054000,None,0,None,None,None,None,None,None,None,92290000,None,None,None,0.491,79345000,99660000,56205000,18059000,23500000,None,None,None,None,None,None,None,2.208,3.255,9.6,None,None,None,None,None,-40555000,None,0.324,None,20348000,2025-10-30,quarterly,1.71,USD,pre-market,None,47911000,0.0219,0.115,0.026,17.02,29010000,None,14988000,111181000,169.43,155.37,1.1834,265770000,164015000,26394000,33147000,101755000,6753000,155865000,232623000,29.79,-5541000,188.26,140.7
2025-12-28,ICE,5.49,9750000000.0,29.79,None,1.052,50.25,11438000,None,20002000,20002000,2491000,-78024000,None,None,None,None,None,None,571000,266090000,None,37736000,37736000,1697000,None,None,14773000,None,None,16846000,9785000,1.89,0.0116,None,None,None,0.246,0.02,56205000,73051000,1.69,2007-12-31,22.03,73967000,9750000000.0,155865000,59995000,19585000,76054000,76054000,None,0,None,None,None,None,None,None,None,64652000,None,None,None,0.491,102192000,99660000,56205000,18059000,23500000,None,None,None,None,None,None,None,2.208,3.255,9.6,None,None,None,None,None,-3750000,None,0.324,None,20348000,2025-10-30,quarterly,1.71,USD,pre-market,None,47911000,0.0219,0.115,0.026,17.02,29010000,None,14988000,111181000,169.43,155.37,1.1834,265770000,164015000,26394000,33147000,101755000,6753000,155865000,232623000,29.79,-5541000,188.26,140.7
2025-12-28,ICE,5.49,9750000000.0,29.79,None,1.052,50.25,59510000,None,20002000,20002000,-2574000,-116321000,None,None,None,None,None,None,571000,266090000,None,37736000,37736000,1697000,None,None,14773000,None,None,16846000,9065000,1.89,0.0116,None,None,None,0.246,0.02,56205000,73051000,1.69,2007-09-30,22.03,73967000,9750000000.0,155865000,59995000,19585000,76054000,76054000,None,0,None,None,None,None,None,None,None,66681000,None,None,None,0.491,90785000,99660000,56205000,18059000,23500000,None,None,None,None,None,None,None,2.208,3.255,9.6,None,None,None,None,None,-2455000,None,0.324,None,20348000,2025-10-30,quarterly,1.71,USD,pre-market,None,47911000,0.0219,0.115,0.026,17.02,29010000,None,14988000,111181000,169.43,155.37,1.1834,265770000,164015000,26394000,33147000,101755000,6753000,155865000,232623000,29.79,-5541000,188.26,140.7
2025-12-28,ICE,5.49,9750000000.0,29.79,None,1.052,50.25,12288000,None,20002000,20002000,-1639000,-56341000,None,None,None,None,None,None,571000,266090000,None,37736000,37736000,1697000,None,None,14773000,None,None,16846000,7902000,1.89,0.0116,None,None,None,0.246,0.02,56205000,73051000,1.69,2007-06-30,22.03,73967000,9750000000.0,155865000,59995000,19585000,76054000,76054000,None,0,None,None,None,None,None,None,None,53693000,None,None,None,0.491,63973000,99660000,56205000,18059000,23500000,None,None,None,None,None,None,None,2.208,3.255,9.6,None,None,None,None,None,None,None,0.324,None,20348000,2025-10-30,quarterly,1.71,USD,pre-market,None,47911000,0.0219,0.115,0.026,17.02,29010000,None,14988000,111181000,169.43,155.37,1.1834,265770000,164015000,26394000,33147000,101755000,6753000,155865000,232623000,29.79,-5541000,188.26,140.7
2025-12-28,ICE,5.49,9750000000.0,29.79,None,1.052,50.25,21129000,None,20002000,20002000,266481000,-386702000,None,None,None,None,None,None,571000,266090000,None,37736000,37736000,1697000,None,None,14773000,None,None,16846000,6647000,1.89,0.0116,None,None,None,0.246,0.02,56205000,73051000,1.69,2007-03-31,22.03,73967000,9750000000.0,155865000,59995000,19585000,76054000,76054000,None,0,None,None,None,None,None,None,None,55586000,None,None,None,0.491,30831000,99660000,56205000,18059000,23500000,None,None,None,None,None,None,None,2.208,3.255,9.6,None,None,None,None,None,None,None,0.324,None,20348000,2025-10-30,quarterly,1.71,USD,pre-market,None,47911000,0.0219,0.115,0.026,17.02,29010000,None,14988000,111181000,169.43,155.37,1.1834,265770000,164015000,26394000,33147000,101755000,6753000,155865000,232623000,29.79,-5541000,188.26,140.7
2025-12-28,ICE,5.49,9750000000.0,29.79,None,1.052,50.25,6725000,None,20002000,20002000,23225000,49046000,None,None,None,None,None,None,571000,266090000,None,37736000,37736000,1697000,None,None,14773000,None,None,16846000,3939000,1.89,0.0116,None,None,None,0.246,0.02,56205000,73051000,1.69,2006-12-31,22.03,73967000,9750000000.0,155865000,59995000,19585000,76054000,76054000,None,0,None,None,None,None,None,None,None,48992000,None,None,None,0.491,61810000,99660000,56205000,18059000,23500000,None,None,None,None,None,None,None,2.208,3.255,9.6,None,None,None,None,None,None,None,0.324,None,20348000,2025-10-30,quarterly,1.71,USD,pre-market,None,47911000,0.0219,0.115,0.026,17.02,29010000,None,14988000,111181000,169.43,155.37,1.1834,265770000,164015000,26394000,33147000,101755000,6753000,155865000,232623000,29.79,-5541000,188.26,140.7
2025-12-28,ICE,5.49,9750000000.0,29.79,None,1.052,50.25,5514000,None,20002000,20002000,19512000,-50920000,None,None,None,None,None,None,571000,266090000,None,37736000,37736000,1697000,None,None,14773000,None,None,16846000,3351000,1.89,0.0116,None,None,None,0.246,0.02,56205000,73051000,1.69,2006-09-30,22.03,73967000,9750000000.0,155865000,59995000,19585000,76054000,76054000,None,0,None,None,None,None,None,None,None,43645000,None,None,None,0.491,45430000,99660000,56205000,18059000,23500000,None,None,None,None,None,None,None,2.208,3.255,9.6,None,None,None,None,None,-3706000,None,0.324,None,20348000,2025-10-30,quarterly,1.71,USD,pre-market,None,47911000,0.0219,0.115,0.026,17.02,29010000,None,14988000,111181000,169.43,155.37,1.1834,265770000,164015000,26394000,33147000,101755000,6753000,155865000,232623000,29.79,-5541000,188.26,140.7
2025-12-28,ICE,5.49,9750000000.0,29.79,None,1.052,50.25,4258000,None,20002000,20002000,17906000,5521000,None,None,None,None,None,None,571000,266090000,None,37736000,37736000,1697000,None,None,14773000,None,None,16846000,3345000,1.89,0.0116,None,None,None,0.246,0.02,56205000,73051000,1.69,2006-06-30,22.03,73967000,9750000000.0,155865000,59995000,19585000,76054000,76054000,None,0,None,None,None,None,None,None,None,30967000,None,None,None,0.491,21608000,99660000,56205000,18059000,23500000,None,None,None,None,None,None,None,2.208,3.255,9.6,None,None,None,None,None,None,None,0.324,None,20348000,2025-10-30,quarterly,1.71,USD,pre-market,None,47911000,0.0219,0.115,0.026,17.02,29010000,None,14988000,111181000,169.43,155.37,1.1834,265770000,164015000,26394000,33147000,101755000,6753000,155865000,232623000,29.79,-5541000,188.26,140.7
2025-12-28,ICE,5.49,9750000000.0,29.79,None,1.052,50.25,3318000,None,20002000,20002000,2461000,-31275000,None,None,None,None,None,None,571000,266090000,None,37736000,37736000,1697000,None,None,14773000,None,None,16846000,3226000,1.89,0.0116,None,None,None,0.246,0.02,56205000,73051000,1.69,2006-03-31,22.03,73967000,9750000000.0,155865000,59995000,19585000,76054000,76054000,None,0,None,None,None,None,None,None,None,19664000,None,None,None,0.491,17076000,99660000,56205000,18059000,23500000,None,None,None,None,None,None,None,2.208,3.255,9.6,None,None,None,None,None,-19000,None,0.324,None,20348000,2025-10-30,quarterly,1.71,USD,pre-market,None,47911000,0.0219,0.115,0.026,17.02,29010000,None,14988000,111181000,169.43,155.37,1.1834,265770000,164015000,26394000,33147000,101755000,6753000,155865000,232623000,29.79,-5541000,188.26,140.7
2025-12-28,ICE,5.49,9750000000.0,29.79,None,1.052,50.25,3842000,None,20002000,20002000,45445000,None,None,None,None,None,None,None,571000,266090000,None,37736000,37736000,1697000,None,None,14773000,None,None,16846000,4116000,1.89,0.0116,None,None,None,0.246,0.02,56205000,73051000,1.69,2005-12-31,22.03,73967000,9750000000.0,155865000,59995000,19585000,76054000,76054000,None,0,None,None,None,None,None,None,None,14860000,None,None,None,0.491,20322000,99660000,56205000,18059000,23500000,None,None,None,None,None,None,None,2.208,3.255,9.6,None,None,None,None,None,None,None,0.324,None,20348000,2025-10-30,quarterly,1.71,USD,pre-market,None,47911000,0.0219,0.115,0.026,17.02,29010000,None,14988000,111181000,169.43,155.37,1.1834,265770000,164015000,26394000,33147000,101755000,6753000,155865000,232623000,29.79,-5541000,188.26,140.7
2025-12-28,ICE,5.49,9750000000.0,29.79,None,1.052,50.25,8788000,None,20002000,20002000,None,None,None,None,None,None,None,None,571000,266090000,None,37736000,37736000,1697000,None,None,14773000,None,None,16846000,None,1.89,0.0116,None,None,None,0.246,0.02,56205000,73051000,1.69,2005-09-30,22.03,73967000,9750000000.0,155865000,59995000,19585000,76054000,76054000,None,0,None,None,None,None,None,None,None,16821000,None,None,None,0.491,29490000,99660000,56205000,18059000,23500000,None,None,None,None,None,None,None,2.208,3.255,9.6,None,None,None,None,None,None,None,0.324,None,20348000,2025-10-30,quarterly,1.71,USD,pre-market,None,47911000,0.0219,0.115,0.026,17.02,29010000,None,14988000,111181000,169.43,155.37,1.1834,265770000,164015000,26394000,33147000,101755000,6753000,155865000,232623000,29.79,-5541000,188.26,140.7
2025-12-28,ICE,5.49,9750000000.0,29.79,None,1.052,50.25,406000000,None,20002000,20002000,79000000,-921000000,None,None,None,None,None,None,571000,266090000,None,37736000,37736000,1697000,None,None,14773000,None,None,16846000,1537000000,1.89,0.0116,1039000000,1039000000,None,0.246,0.02,56205000,73051000,1.69,2024-12-31,22.03,73967000,9750000000.0,155865000,59995000,19585000,76054000,76054000,None,0,None,None,None,None,None,None,None,2802000000,None,None,None,0.491,4609000000,99660000,56205000,18059000,23500000,None,None,None,None,None,None,None,2.208,3.255,9.6,None,None,None,None,None,-81000000,None,0.324,None,20348000,2025-10-30,annual,1.71,USD,pre-market,None,47911000,0.0219,0.115,0.026,17.02,29010000,None,14988000,111181000,169.43,155.37,1.1834,265770000,164015000,26394000,33147000,101755000,6753000,155865000,232623000,29.79,-5541000,188.26,140.7
2025-12-28,ICE,5.49,9750000000.0,29.79,None,1.052,50.25,489000000,None,20002000,20002000,-64345000000,-8797000000,None,None,-157000000,None,None,None,571000,266090000,None,37736000,37736000,1697000,None,None,14773000,None,None,16846000,1215000000,1.89,0.0116,955000000,955000000,None,0.246,0.02,56205000,73051000,1.69,2023-12-31,22.03,73967000,9750000000.0,155865000,59995000,19585000,76054000,76054000,None,0,None,None,None,None,None,None,None,2438000000,None,None,None,0.491,3542000000,99660000,56205000,18059000,23500000,None,None,None,None,None,None,None,2.208,3.255,9.6,None,None,None,None,None,-78000000,None,0.324,None,20348000,2025-10-30,annual,1.71,USD,pre-market,None,47911000,0.0219,0.115,0.026,17.02,29010000,None,14988000,111181000,169.43,155.37,1.1834,265770000,164015000,26394000,33147000,101755000,6753000,155865000,232623000,29.79,-5541000,188.26,140.7
2025-12-28,ICE,5.49,9750000000.0,29.79,None,1.052,50.25,482000000,None,20002000,20002000,-1841000000,677000000,2390000000,None,None,None,None,None,571000,266090000,None,37736000,37736000,1697000,None,None,14773000,None,None,16846000,1031000000,1.89,0.0116,853000000,853000000,None,0.246,0.02,56205000,73051000,1.69,2022-12-31,22.03,73967000,9750000000.0,155865000,59995000,19585000,76054000,76054000,None,0,None,None,None,None,None,None,None,1498000000,None,None,None,0.491,3554000000,99660000,56205000,18059000,23500000,None,None,None,None,None,None,None,2.208,3.255,9.6,None,None,None,None,None,-705000000,None,0.324,None,20348000,2025-10-30,annual,1.71,USD,pre-market,None,47911000,0.0219,0.115,0.026,17.02,29010000,None,14988000,111181000,169.43,155.37,1.1834,265770000,164015000,26394000,33147000,101755000,6753000,155865000,232623000,29.79,-5541000,188.26,140.7
2025-12-28,ICE,5.49,9750000000.0,29.79,None,1.052,50.25,452000000,None,20002000,20002000,62026000000,-786000000,64363000000,None,34000000,None,None,None,571000,266090000,None,37736000,37736000,1697000,None,None,14773000,None,None,16846000,1009000000,1.89,0.0116,747000000,747000000,None,0.246,0.02,56205000,73051000,1.69,2021-12-31,22.03,73967000,9750000000.0,155865000,59995000,19585000,76054000,76054000,None,0,None,None,None,None,None,None,None,4069000000,None,None,None,0.491,3123000000,99660000,56205000,18059000,23500000,None,None,None,None,None,None,None,2.208,3.255,9.6,None,None,None,None,None,-320000000,None,0.324,None,20348000,2025-10-30,annual,1.71,USD,pre-market,None,47911000,0.0219,0.115,0.026,17.02,29010000,None,14988000,111181000,169.43,155.37,1.1834,265770000,164015000,26394000,33147000,101755000,6753000,155865000,232623000,29.79,-5541000,188.26,140.7
2025-12-28,ICE,5.49,9750000000.0,29.79,None,1.052,50.25,410000000,None,20002000,20002000,6744000000,-9830000000,-205000000,None,-51000000,None,None,None,571000,266090000,None,37736000,37736000,1697000,None,None,14773000,None,None,16846000,751000000,1.89,0.0116,669000000,669000000,None,0.246,0.02,56205000,73051000,1.69,2020-12-31,22.03,73967000,9750000000.0,155865000,59995000,19585000,76054000,76054000,None,0,None,None,None,None,None,None,None,2108000000,None,None,None,0.491,2881000000,99660000,56205000,18059000,23500000,None,None,None,None,None,None,None,2.208,3.255,9.6,None,None,None,None,None,-1321000000,None,0.324,None,20348000,2025-10-30,annual,1.71,USD,pre-market,None,47911000,0.0219,0.115,0.026,17.02,29010000,None,14988000,111181000,169.43,155.37,1.1834,265770000,164015000,26394000,33147000,101755000,6753000,155865000,232623000,29.79,-5541000,188.26,140.7
2025-12-28,ICE,5.49,9750000000.0,29.79,None,1.052,50.25,305000000,None,20002000,20002000,-1753000000,-594000000,312000000,None,-15000000,None,None,None,571000,266090000,None,37736000,37736000,1697000,None,None,14773000,None,None,16846000,662000000,1.89,0.0116,621000000,621000000,None,0.246,0.02,56205000,73051000,1.69,2019-12-31,22.03,73967000,9750000000.0,155865000,59995000,19585000,76054000,76054000,None,0,None,None,None,None,None,None,None,1960000000,None,None,None,0.491,2659000000,99660000,56205000,18059000,23500000,None,None,None,None,None,None,None,2.208,3.255,9.6,None,None,None,None,None,-1525000000,None,0.324,None,20348000,2025-10-30,annual,1.71,USD,pre-market,None,47911000,0.0219,0.115,0.026,17.02,29010000,None,14988000,111181000,169.43,155.37,1.1834,265770000,164015000,26394000,33147000,101755000,6753000,155865000,232623000,29.79,-5541000,188.26,140.7
2025-12-28,ICE,5.49,9750000000.0,29.79,None,1.052,50.25,280000000,None,20002000,20002000,-463000000,-1755000000,315000000,None,-20000000,None,None,None,571000,266090000,None,37736000,37736000,1697000,None,None,14773000,None,None,16846000,586000000,1.89,0.0116,555000000,555000000,None,0.246,0.02,56205000,73051000,1.69,2018-12-31,22.03,73967000,9750000000.0,155865000,59995000,19585000,76054000,76054000,None,0,None,None,None,None,None,None,None,2020000000,None,None,None,0.491,2533000000,99660000,56205000,18059000,23500000,None,None,None,None,None,None,None,2.208,3.255,9.6,None,None,None,None,None,-1278000000,None,0.324,None,20348000,2025-10-30,annual,1.71,USD,pre-market,None,47911000,0.0219,0.115,0.026,17.02,29010000,None,14988000,111181000,169.43,155.37,1.1834,265770000,164015000,26394000,33147000,101755000,6753000,155865000,232623000,29.79,-5541000,188.26,140.7
2025-12-28,ICE,5.49,9750000000.0,29.79,None,1.052,50.25,357000000,None,20002000,20002000,-1971000000,92000000,218000000,12000000,-24000000,None,None,None,571000,266090000,None,37736000,37736000,1697000,None,None,14773000,None,None,16846000,535000000,1.89,0.0116,476000000,476000000,None,0.246,0.02,56205000,73051000,1.69,2017-12-31,22.03,73967000,9750000000.0,155865000,59995000,19585000,76054000,76054000,None,0,None,None,None,None,None,None,None,2542000000,None,None,None,0.491,2085000000,99660000,56205000,18059000,23500000,None,None,None,None,None,None,None,2.208,3.255,9.6,None,None,None,None,None,-1037000000,None,0.324,None,20348000,2025-10-30,annual,1.71,USD,pre-market,None,47911000,0.0219,0.115,0.026,17.02,29010000,None,14988000,111181000,169.43,155.37,1.1834,265770000,164015000,26394000,33147000,101755000,6753000,155865000,232623000,29.79,-5541000,188.26,140.7
2025-12-28,ICE,5.49,9750000000.0,29.79,None,1.052,50.25,365000000,None,20002000,20002000,-1462000000,-898000000,-220000000,-9000000,-133000000,None,None,None,571000,266090000,None,37736000,37736000,1697000,None,None,14773000,None,None,16846000,610000000,1.89,0.0116,409000000,409000000,None,0.246,0.02,56205000,73051000,1.69,2016-12-31,22.03,73967000,9750000000.0,155865000,59995000,19585000,76054000,76054000,None,0,None,None,None,None,None,None,None,1449000000,None,None,None,0.491,2149000000,99660000,56205000,18059000,23500000,None,None,None,None,None,None,None,2.208,3.255,9.6,None,None,None,None,None,-104000000,None,0.324,None,20348000,2025-10-30,annual,1.71,USD,pre-market,None,47911000,0.0219,0.115,0.026,17.02,29010000,None,14988000,111181000,169.43,155.37,1.1834,265770000,164015000,26394000,33147000,101755000,6753000,155865000,232623000,29.79,-5541000,188.26,140.7
2025-12-28,ICE,5.49,9750000000.0,29.79,None,1.052,50.25,277000000,None,20002000,20002000,1976000000,-3298000000,-25000000,-14000000,-282000000,None,None,None,571000,266090000,None,37736000,37736000,1697000,None,None,14773000,None,None,16846000,374000000,1.89,0.0116,331000000,331000000,None,0.246,0.02,56205000,73051000,1.69,2015-12-31,22.03,73967000,9750000000.0,155865000,59995000,19585000,76054000,76054000,None,0,None,None,None,None,None,None,None,1295000000,None,None,None,0.491,1311000000,99660000,56205000,18059000,23500000,None,None,None,None,None,None,None,2.208,3.255,9.6,None,None,None,None,None,-705000000,None,0.324,None,20348000,2025-10-30,annual,1.71,USD,pre-market,None,47911000,0.0219,0.115,0.026,17.02,29010000,None,14988000,111181000,169.43,155.37,1.1834,265770000,164015000,26394000,33147000,101755000,6753000,155865000,232623000,29.79,-5541000,188.26,140.7
2025-12-28,ICE,5.49,9750000000.0,29.79,None,1.052,50.25,250000000,None,20002000,20002000,-1334000000,-468000000,-309000000,-21000000,76000000,None,None,None,571000,266090000,None,37736000,37736000,1697000,None,None,14773000,None,None,16846000,333000000,1.89,0.0116,299000000,299000000,None,0.246,0.02,56205000,73051000,1.69,2014-12-31,22.03,73967000,9750000000.0,155865000,59995000,19585000,76054000,76054000,None,0,None,None,None,None,None,None,None,1005000000,None,None,None,0.491,1514000000,99660000,56205000,18059000,23500000,None,None,None,None,None,None,None,2.208,3.255,9.6,None,None,None,None,None,-690000000,None,0.324,None,20348000,2025-10-30,annual,1.71,USD,pre-market,None,47911000,0.0219,0.115,0.026,17.02,29010000,None,14988000,111181000,169.43,155.37,1.1834,265770000,164015000,26394000,33147000,101755000,6753000,155865000,232623000,29.79,-5541000,188.26,140.7
2025-12-28,ICE,5.49,9750000000.0,29.79,None,1.052,50.25,181000000,None,20002000,20002000,1119000000,-2523000000,-651000000,18000000,0,None,None,None,571000,266090000,None,37736000,37736000,1697000,None,None,14773000,None,None,16846000,161000000,1.89,0.0116,75000000,75000000,None,0.246,0.02,56205000,73051000,1.69,2013-12-31,22.03,73967000,9750000000.0,155865000,59995000,19585000,76054000,76054000,None,0,None,None,None,None,None,None,None,270000000,None,None,None,0.491,735000000,99660000,56205000,18059000,23500000,None,None,None,None,None,None,None,2.208,3.255,9.6,None,None,None,None,None,-77000000,None,0.324,None,20348000,2025-10-30,annual,1.71,USD,pre-market,None,47911000,0.0219,0.115,0.026,17.02,29010000,None,14988000,111181000,169.43,155.37,1.1834,265770000,164015000,26394000,33147000,101755000,6753000,155865000,232623000,29.79,-5541000,188.26,140.7
2025-12-28,ICE,5.49,9750000000.0,29.79,None,1.052,50.25,67809000,None,20002000,20002000,172363000,-117867000,None,None,16064000,None,None,None,571000,266090000,None,37736000,37736000,1697000,None,None,14773000,None,None,16846000,130502000,1.89,0.0116,None,None,None,0.246,0.02,56205000,73051000,1.69,2012-12-31,22.03,73967000,9750000000.0,155865000,59995000,19585000,76054000,76054000,None,0,None,None,None,None,None,None,None,561737000,None,None,None,0.491,732954000,99660000,56205000,18059000,23500000,None,None,None,None,None,None,None,2.208,3.255,9.6,None,None,None,None,None,-72000000,None,0.324,None,20348000,2025-10-30,annual,1.71,USD,pre-market,None,47911000,0.0219,0.115,0.026,17.02,29010000,None,14988000,111181000,169.43,155.37,1.1834,265770000,164015000,26394000,33147000,101755000,6753000,155865000,232623000,29.79,-5541000,188.26,140.7
2025-12-28,ICE,5.49,9750000000.0,29.79,None,1.052,50.25,87635000,None,20002000,20002000,105111000,-614856000,None,None,36528000,None,None,None,571000,266090000,None,37736000,37736000,1697000,None,None,14773000,None,None,16846000,132252000,1.89,0.0116,None,None,None,0.246,0.02,56205000,73051000,1.69,2011-12-31,22.03,73967000,9750000000.0,155865000,59995000,19585000,76054000,76054000,None,0,None,None,None,None,None,None,None,521741000,None,None,None,0.491,712770000,99660000,56205000,18059000,23500000,None,None,None,None,None,None,None,2.208,3.255,9.6,None,None,None,None,None,-190474000,None,0.324,None,20348000,2025-10-30,annual,1.71,USD,pre-market,None,47911000,0.0219,0.115,0.026,17.02,29010000,None,14988000,111181000,169.43,155.37,1.1834,265770000,164015000,26394000,33147000,101755000,6753000,155865000,232623000,29.79,-5541000,188.26,140.7
2025-12-28,ICE,5.49,9750000000.0,29.79,None,1.052,50.25,47768000,None,20002000,20002000,169520000,-633082000,None,None,None,None,None,None,571000,266090000,None,37736000,37736000,1697000,None,None,14773000,None,None,16846000,121209000,1.89,0.0116,None,None,None,0.246,0.02,56205000,73051000,1.69,2010-12-31,22.03,73967000,9750000000.0,155865000,59995000,19585000,76054000,76054000,None,0,None,None,None,None,None,None,None,407767000,None,None,None,0.491,533758000,99660000,56205000,18059000,23500000,None,None,None,None,None,None,None,2.208,3.255,9.6,None,None,None,None,None,-104202000,None,0.324,None,20348000,2025-10-30,annual,1.71,USD,pre-market,None,47911000,0.0219,0.115,0.026,17.02,29010000,None,14988000,111181000,169.43,155.37,1.1834,265770000,164015000,26394000,33147000,101755000,6753000,155865000,232623000,29.79,-5541000,188.26,140.7
2025-12-28,ICE,5.49,9750000000.0,29.79,None,1.052,50.25,44742000,None,20002000,20002000,-75112000,-142275000,None,None,None,None,None,None,571000,266090000,None,37736000,37736000,1697000,None,None,14773000,None,None,16846000,111357000,1.89,0.0116,None,None,None,0.246,0.02,56205000,73051000,1.69,2009-12-31,22.03,73967000,9750000000.0,155865000,59995000,19585000,76054000,76054000,None,0,None,None,None,None,None,None,None,314154000,None,None,None,0.491,486593000,99660000,56205000,18059000,23500000,None,None,None,None,None,None,None,2.208,3.255,9.6,None,None,None,None,None,-12070000,None,0.324,None,20348000,2025-10-30,annual,1.71,USD,pre-market,None,47911000,0.0219,0.115,0.026,17.02,29010000,None,14988000,111181000,169.43,155.37,1.1834,265770000,164015000,26394000,33147000,101755000,6753000,155865000,232623000,29.79,-5541000,188.26,140.7
2025-12-28,ICE,5.49,9750000000.0,29.79,None,1.052,50.25,48812000,None,20002000,20002000,-141119000,-69746000,None,None,None,None,None,None,571000,266090000,None,37736000,37736000,1697000,None,None,14773000,None,None,16846000,63891000,1.89,0.0116,3447000,3447000,None,0.246,0.02,56205000,73051000,1.69,2008-12-31,22.03,73967000,9750000000.0,155865000,59995000,19585000,76054000,76054000,None,0,None,None,None,None,None,None,None,300972000,None,None,None,0.491,375112000,99660000,56205000,18059000,23500000,None,None,None,None,None,None,None,2.208,3.255,9.6,None,None,None,None,None,-300000000,None,0.324,None,20348000,2025-10-30,annual,1.71,USD,pre-market,None,47911000,0.0219,0.115,0.026,17.02,29010000,None,14988000,111181000,169.43,155.37,1.1834,265770000,164015000,26394000,33147000,101755000,6753000,155865000,232623000,29.79,-5541000,188.26,140.7
2025-12-28,ICE,5.49,9750000000.0,29.79,None,1.052,50.25,104365000,None,20002000,20002000,264759000,-637388000,None,None,None,None,None,None,571000,266090000,None,37736000,37736000,1697000,None,None,14773000,None,None,16846000,33399000,1.89,0.0116,None,None,None,0.246,0.02,56205000,73051000,1.69,2007-12-31,22.03,73967000,9750000000.0,155865000,59995000,19585000,76054000,76054000,None,0,None,None,None,None,None,None,None,240612000,None,None,None,0.491,287781000,99660000,56205000,18059000,23500000,None,None,None,None,None,None,None,2.208,3.255,9.6,None,None,None,None,None,-25484000,None,0.324,None,20348000,2025-10-30,annual,1.71,USD,pre-market,None,47911000,0.0219,0.115,0.026,17.02,29010000,None,14988000,111181000,169.43,155.37,1.1834,265770000,164015000,26394000,33147000,101755000,6753000,155865000,232623000,29.79,-5541000,188.26,140.7
2025-12-28,ICE,5.49,9750000000.0,29.79,None,1.052,50.25,19815000,None,20002000,20002000,63104000,-27628000,None,None,None,None,None,None,571000,266090000,None,37736000,37736000,1697000,None,None,14773000,None,None,16846000,13861000,1.89,0.0116,None,None,None,0.246,0.02,56205000,73051000,1.69,2006-12-31,22.03,73967000,9750000000.0,155865000,59995000,19585000,76054000,76054000,None,0,None,None,None,None,None,None,None,143268000,None,None,None,0.491,145924000,99660000,56205000,18059000,23500000,None,None,None,None,None,None,None,2.208,3.255,9.6,None,None,None,None,None,None,None,0.324,None,20348000,2025-10-30,annual,1.71,USD,pre-market,None,47911000,0.0219,0.115,0.026,17.02,29010000,None,14988000,111181000,169.43,155.37,1.1834,265770000,164015000,26394000,33147000,101755000,6753000,155865000,232623000,29.79,-5541000,188.26,140.7
2025-12-28,ICE,5.49,9750000000.0,29.79,None,1.052,50.25,8610000,None,20002000,20002000,30329000,None,None,None,None,None,None,None,571000,266090000,None,37736000,37736000,1697000,None,None,14773000,None,None,16846000,16846000,1.89,0.0116,None,None,None,0.246,0.02,56205000,73051000,1.69,2005-12-31,22.03,73967000,9750000000.0,155865000,59995000,19585000,76054000,76054000,None,0,None,None,None,None,None,None,None,40410000,None,None,None,0.491,49812000,99660000,56205000,18059000,23500000,None,None,None,None,None,None,None,2.208,3.255,9.6,None,None,None,None,None,None,None,0.324,None,20348000,2025-10-30,annual,1.71,USD,pre-market,None,47911000,0.0219,0.115,0.026,17.02,29010000,None,14988000,111181000,169.43,155.37,1.1834,265770000,164015000,26394000,33147000,101755000,6753000,155865000,232623000,29.79,-5541000,188.26,140.7
