date,symbol,eps,revenue_ttm,pe_ratio,accumulateddepreciationamortizationppe,beta,book_value,capitalexpenditures,capitalleaseobligations,cashandcashequivalentsatcarryingvalue,cashandshortterminvestments,cashflowfromfinancing,cashflowfrominvestment,changeincashandcashequivalents,changeinexchangerate,changeininventory,changeinoperatingassets,changeinoperatingliabilities,changeinreceivables,commonstock,commonstocksharesoutstanding,comprehensiveincomenetoftax,costofgoodsandservicessold,costofrevenue,currentaccountspayable,currentdebt,currentlongtermdebt,currentnetreceivables,deferredrevenue,depreciation,depreciationandamortization,depreciationdepletionandamortization,dividendpayout,dividendpayoutcommonstock,dividendpayoutpreferredstock,earnings_growth_yoy,earnings_surprise,ebit,ebitda,estimated_eps,fiscaldateending,forward_pe,goodwill,gross_profit_ttm,grossprofit,incomebeforetax,incometaxexpense,intangibleassets,intangibleassetsexcludinggoodwill,interestanddebtexpense,interestexpense,interestincome,inventory,investmentincomenet,investments,longtermdebt,longtermdebtnoncurrent,longterminvestments,netincome,netincomefromcontinuingoperations,netinterestincome,noninterestincome,operating_margin_ttm,operatingcashflow,operatingexpenses,operatingincome,othercurrentassets,othercurrentliabilities,othernoncurrentassets,othernoncurrentliabilities,othernonoperatingincome,paymentsforoperatingactivities,paymentsforrepurchaseofcommonstock,paymentsforrepurchaseofequity,paymentsforrepurchaseofpreferredstock,peg_ratio,price_to_book,price_to_sales_ttm,proceedsfromissuanceofcommonstock,proceedsfromissuanceoflongtermdebtandcapitalsecuritiesnet,proceedsfromissuanceofpreferredstock,proceedsfromoperatingactivities,proceedsfromrepaymentsofshorttermdebt,proceedsfromrepurchaseofequity,proceedsfromsaleoftreasurystock,profit_margin,profitloss,propertyplantequipment,report_date,report_type,reported_eps,reportedcurrency,reporttime,researchanddevelopment,retainedearnings,return_on_assets_ttm,return_on_equity_ttm,revenue_growth_yoy,revenue_per_share_ttm,sellinggeneralandadministrative,shortlongtermdebttotal,shorttermdebt,shortterminvestments,sma_200,sma_50,surprise_pct,totalassets,totalcurrentassets,totalcurrentliabilities,totalliabilities,totalnoncurrentassets,totalnoncurrentliabilities,totalrevenue,totalshareholderequity,trailing_pe,treasurystock,week_52_high,week_52_low
1996-03-31,IDXX,,,,,,,,,,,,,,,,,,,,,,,,,,,,,,,,,,,,0.0,,,0.05,,,,,,,,,,,,,,,,,,,,,,,,,,,,,,,,,,,,,,,,,,,,,,,,,1996-04-19,,0.05,,pre-market,,,,,,,,,,,,,0.0,,,,,,,,,,,,
1996-06-30,IDXX,,,,,,,,,,,,,,,,,,,,,,,,,,,,,,,,,,,,0.0,,,0.05,,,,,,,,,,,,,,,,,,,,,,,,,,,,,,,,,,,,,,,,,,,,,,,,,1996-07-19,,0.05,,pre-market,,,,,,,,,,,,,0.0,,,,,,,,,,,,
1996-09-30,IDXX,,,,,,,,,,,,,,,,,,,,,,,,,,,,,,,,,,,,0.01,,,0.05,,,,,,,,,,,,,,,,,,,,,,,,,,,,,,,,,,,,,,,,,,,,,,,,,1996-10-18,,0.06,,pre-market,,,,,,,,,,,,,20.0,,,,,,,,,,,,
1996-12-31,IDXX,,,,,,,,,,,,,,,,,,,,,,,,,,,,,,,,,,,,0.0,,,0.06,,,,,,,,,,,,,,,,,,,,,,,,,,,,,,,,,,,,,,,,,,,,,,,,,1997-02-14,,0.06,,pre-market,,,,,,,,,,,,,0.0,,,,,,,,,,,,
1997-03-31,IDXX,,,,,,,,,,,,,,,,,,,,,,,,,,,,,,,,,,,,0.0,,,0.01,,,,,,,,,,,,,,,,,,,,,,,,,,,,,,,,,,,,,,,,,,,,,,,,,1997-04-18,,0.01,,pre-market,,,,,,,,,,,,,0.0,,,,,,,,,,,,
1997-06-30,IDXX,,,,,,,,,,,,,,,,,,,,,,,,,,,,,,,,,,,,0.0,,,-0.01,,,,,,,,,,,,,,,,,,,,,,,,,,,,,,,,,,,,,,,,,,,,,,,,,1997-07-18,,-0.01,,pre-market,,,,,,,,,,,,,0.0,,,,,,,,,,,,
1997-09-30,IDXX,,,,,,,,,,,,,,,,,,,,,,,,,,,,,,,,,,,,0.01,,,0.01,,,,,,,,,,,,,,,,,,,,,,,,,,,,,,,,,,,,,,,,,,,,,,,,,1997-10-17,,0.02,,pre-market,,,,,,,,,,,,,100.0,,,,,,,,,,,,
1997-12-31,IDXX,,,,,,,,,,,,,,,,,,,,,,,,,,,,,,,,,,,,0.0,,,0.02,,,,,,,,,,,,,,,,,,,,,,,,,,,,,,,,,,,,,,,,,,,,,,,,,1998-02-12,,0.02,,pre-market,,,,,,,,,,,,,0.0,,,,,,,,,,,,
1998-03-31,IDXX,,,,,,,,,,,,,,,,,,,,,,,,,,,,,,,,,,,,0.0,,,0.03,,,,,,,,,,,,,,,,,,,,,,,,,,,,,,,,,,,,,,,,,,,,,,,,,1998-04-17,,0.03,,pre-market,,,,,,,,,,,,,0.0,,,,,,,,,,,,
1998-06-30,IDXX,,,,,,,,,,,,,,,,,,,,,,,,,,,,,,,,,,,,-0.01,,,0.04,,,,,,,,,,,,,,,,,,,,,,,,,,,,,,,,,,,,,,,,,,,,,,,,,1998-07-17,,0.03,,pre-market,,,,,,,,,,,,,-25.0,,,,,,,,,,,,
1998-09-30,IDXX,,,,,,,,,,,,,,,,,,,,,,,,,,,,,,,,,,,,0.0,,,0.04,,,,,,,,,,,,,,,,,,,,,,,,,,,,,,,,,,,,,,,,,,,,,,,,,1998-10-16,,0.04,,pre-market,,,,,,,,,,,,,0.0,,,,,,,,,,,,
1998-12-31,IDXX,,,,,,,,,,,,,,,,,,,,,,,,,,,,,,,,,,,,0.0,,,0.04,,,,,,,,,,,,,,,,,,,,,,,,,,,,,,,,,,,,,,,,,,,,,,,,,1999-02-05,,0.04,,pre-market,,,,,,,,,,,,,0.0,,,,,,,,,,,,
1999-03-31,IDXX,,,,,,,,,,,,,,,,,,,,,,,,,,,,,,,,,,,,0.0,,,0.05,,,,,,,,,,,,,,,,,,,,,,,,,,,,,,,,,,,,,,,,,,,,,,,,,1999-04-16,,0.05,,pre-market,,,,,,,,,,,,,0.0,,,,,,,,,,,,
1999-06-30,IDXX,,,,,,,,,,,,,,,,,,,,,,,,,,,,,,,,,,,,0.0,,,0.05,,,,,,,,,,,,,,,,,,,,,,,,,,,,,,,,,,,,,,,,,,,,,,,,,1999-07-16,,0.05,,pre-market,,,,,,,,,,,,,0.0,,,,,,,,,,,,
1999-09-30,IDXX,,,,,,,,,,,,,,,,,,,,,,,,,,,,,,,,,,,,0.0,,,0.05,,,,,,,,,,,,,,,,,,,,,,,,,,,,,,,,,,,,,,,,,,,,,,,,,1999-10-15,,0.05,,pre-market,,,,,,,,,,,,,0.0,,,,,,,,,,,,
1999-12-31,IDXX,,,,,,,,,,,,,,,,,,,,,,,,,,,,,,,,,,,,0.0,,,0.06,,,,,,,,,,,,,,,,,,,,,,,,,,,,,,,,,,,,,,,,,,,,,,,,,2000-01-28,,0.06,,pre-market,,,,,,,,,,,,,0.0,,,,,,,,,,,,
2000-03-31,IDXX,,,,,,,,,,,,,,,,,,,,,,,,,,,,,,,,,,,,0.01,,,0.05,,,,,,,,,,,,,,,,,,,,,,,,,,,,,,,,,,,,,,,,,,,,,,,,,2000-04-14,,0.06,,pre-market,,,,,,,,,,,,,20.0,,,,,,,,,,,,
2000-06-30,IDXX,,,,,,,,,,,,,,,,,,,,,,,,,,,,,,,,,,,,0.0,,,0.07,,,,,,,,,,,,,,,,,,,,,,,,,,,,,,,,,,,,,,,,,,,,,,,,,2000-07-18,,0.07,,pre-market,,,,,,,,,,,,,0.0,,,,,,,,,,,,
2000-09-30,IDXX,,,,,,,,,,,,,,,,,,,,,,,,,,,,,,,,,,,,0.0,,,0.07,,,,,,,,,,,,,,,,,,,,,,,,,,,,,,,,,,,,,,,,,,,,,,,,,2000-10-13,,0.07,,pre-market,,,,,,,,,,,,,0.0,,,,,,,,,,,,
2000-12-31,IDXX,,,,,,,,,,,,,,,,,,,,,,,,,,,,,,,,,,,,0.0,,,0.07,,,,,,,,,,,,,,,,,,,,,,,,,,,,,,,,,,,,,,,,,,,,,,,,,2001-01-25,,0.07,,pre-market,,,,,,,,,,,,,0.0,,,,,,,,,,,,
2001-03-31,IDXX,,,,,,,,,,,,,,,,,,,,,,,,,,,,,,,,,,,,0.0,,,0.06,,,,,,,,,,,,,,,,,,,,,,,,,,,,,,,,,,,,,,,,,,,,,,,,,2001-04-12,,0.06,,pre-market,,,,,,,,,,,,,0.0,,,,,,,,,,,,
2001-06-30,IDXX,,,,,,,,,,,,,,,,,,,,,,,,,,,,,,,,,,,,0.0,,,0.07,,,,,,,,,,,,,,,,,,,,,,,,,,,,,,,,,,,,,,,,,,,,,,,,,2001-07-17,,0.07,,pre-market,,,,,,,,,,,,,0.0,,,,,,,,,,,,
2001-09-30,IDXX,,,,,,,,,,,,,,,,,,,,,,,,,,,,,,,,,,,,0.01,,,0.07,,,,,,,,,,,,,,,,,,,,,,,,,,,,,,,,,,,,,,,,,,,,,,,,,2001-10-15,,0.08,,pre-market,,,,,,,,,,,,,14.2857,,,,,,,,,,,,
2001-12-31,IDXX,,,,,,,,,,,,,,,,,,,,,,,,,,,,,,,,,,,,0.0,,,0.07,,,,,,,,,,,,,,,,,,,,,,,,,,,,,,,,,,,,,,,,,,,,,,,,,2002-01-25,,0.07,,pre-market,,,,,,,,,,,,,0.0,,,,,,,,,,,,
2002-03-31,IDXX,,,,,,,,,,,,,,,,,,,,,,,,,,,,,,,,,,,,-0.01,,,0.06,,,,,,,,,,,,,,,,,,,,,,,,,,,,,,,,,,,,,,,,,,,,,,,,,2002-04-12,,0.05,,pre-market,,,,,,,,,,,,,-16.6667,,,,,,,,,,,,
2002-06-30,IDXX,,,,,,,,,,,,,,,,,,,,,,,,,,,,,,,,,,,,0.01,,,0.08,,,,,,,,,,,,,,,,,,,,,,,,,,,,,,,,,,,,,,,,,,,,,,,,,2002-07-15,,0.09,,pre-market,,,,,,,,,,,,,12.5,,,,,,,,,,,,
2002-09-30,IDXX,,,,,,,,,,,,,,,,,,,,,,,,,,,,,,,,,,,,0.0,,,0.09,,,,,,,,,,,,,,,,,,,,,,,,,,,,,,,,,,,,,,,,,,,,,,,,,2002-10-21,,0.09,,pre-market,,,,,,,,,,,,,0.0,,,,,,,,,,,,
2002-12-31,IDXX,,,,,,,,,,,,,,,,,,,,,,,,,,,,,,,,,,,,0.0,,,0.09,,,,,,,,,,,,,,,,,,,,,,,,,,,,,,,,,,,,,,,,,,,,,,,,,2003-01-27,,0.09,,pre-market,,,,,,,,,,,,,0.0,,,,,,,,,,,,
2003-03-31,IDXX,,,,,,,,,,,,,,,,,,,,,,,,,,,,,,,,,,,,0.01,,,0.08,,,,,,,,,,,,,,,,,,,,,,,,,,,,,,,,,,,,,,,,,,,,,,,,,2003-04-21,,0.09,,pre-market,,,,,,,,,,,,,12.5,,,,,,,,,,,,
2003-06-30,IDXX,,,,,,,,,,,,,,,,,,,,,,,,,,,,,,,,,,,,0.01,,,0.11,,,,,,,,,,,,,,,,,,,,,,,,,,,,,,,,,,,,,,,,,,,,,,,,,2003-07-21,,0.12,,pre-market,,,,,,,,,,,,,9.0909,,,,,,,,,,,,
2003-09-30,IDXX,,,,,,,,,,,,,,,,,,,,,,,,,,,,,,,,,,,,0.01,,,0.1,,,,,,,,,,,,,,,,,,,,,,,,,,,,,,,,,,,,,,,,,,,,,,,,,2003-10-20,,0.11,,pre-market,,,,,,,,,,,,,10.0,,,,,,,,,,,,
2003-12-31,IDXX,,,,,,,,,,,,,,,,,,,,,,,,,,,,,,,,,,,,0.0,,,0.1,,,,,,,,,,,,,,,,,,,,,,,,,,,,,,,,,,,,,,,,,,,,,,,,,2004-01-26,,0.1,,pre-market,,,,,,,,,,,,,0.0,,,,,,,,,,,,
2004-03-31,IDXX,,,,,,,,,,,,,,,,,,,,,,,,,,,,,,,,,,,,0.0,,,0.12,,,,,,,,,,,,,,,,,,,,,,,,,,,,,,,,,,,,,,,,,,,,,,,,,2004-04-19,,0.12,,pre-market,,,,,,,,,,,,,0.0,,,,,,,,,,,,
2004-06-30,IDXX,,,,,,,,,,,,,,,,,,,,,,,,,,,,,,,,,,,,0.01,,,0.13,,,,,,,,,,,,,,,,,,,,,,,,,,,,,,,,,,,,,,,,,,,,,,,,,2004-07-23,,0.14,,pre-market,,,,,,,,,,,,,7.6923,,,,,,,,,,,,
2004-09-30,IDXX,,,,,,,,,,,,,,,,,,,,,,,,,,,,,,,,,,,,0.02,,,0.12,,,,,,,,,,,,,,,,,,,,,,,,,,,,,,,,,,,,,,,,,,,,,,,,,2004-10-22,,0.14,,pre-market,,,,,,,,,,,,,16.6667,,,,,,,,,,,,
2004-12-31,IDXX,,,,,,,,,,,,,,,,,,,,,,,,,,,,,,,,,,,,0.0,,,0.12,,,,,,,,,,,,,,,,,,,,,,,,,,,,,,,,,,,,,,,,,,,,,,,,,2005-01-28,,0.12,,pre-market,,,,,,,,,,,,,0.0,,,,,,,,,,,,
2005-03-31,IDXX,,,,,,,,,,,,,,,,,,,,,,,,,,,,,,,,,,,,0.01,,,0.12,,,,,,,,,,,,,,,,,,,,,,,,,,,,,,,,,,,,,,,,,,,,,,,,,2005-04-29,,0.13,,pre-market,,,,,,,,,,,,,8.3333,,,,,,,,,,,,
2005-06-30,IDXX,,,,,,,,,,,,,,,,,,,,,,,,,,,,,,,,,,,,0.01,,,0.14,,,,,,,,,,,,,,,,,,,,,,,,,,,,,,,,,,,,,,,,,,,,,,,,,2005-07-29,,0.15,,pre-market,,,,,,,,,,,,,7.1429,,,,,,,,,,,,
2005-09-30,IDXX,,,,,,,,,,,,,,,,,,,,,,,,,,,,,,,,,,,,0.0,,,0.15,,,,,,,,,,,,,,,,,,,,,,,,,,,,,,,,,,,,,,,,,,,,,,,,,2005-10-28,,0.15,,pre-market,,,,,,,,,,,,,0.0,,,,,,,,,,,,
2005-12-31,IDXX,,,,,,,,,,,,,,,,,,,,,,,,,,,,,,,,,,,,0.01,,,0.15,,,,,,,,,,,,,,,,,,,,,,,,,,,,,,,,,,,,,,,,,,,,,,,,,2006-01-27,,0.16,,pre-market,,,,,,,,,,,,,6.6667,,,,,,,,,,,,
2006-03-31,IDXX,,,,,,,,,,,,,,,,,,,,,,,,,,,,,,,,,,,,0.0,,,0.14,,,,,,,,,,,,,,,,,,,,,,,,,,,,,,,,,,,,,,,,,,,,,,,,,2006-04-28,,0.14,,pre-market,,,,,,,,,,,,,0.0,,,,,,,,,,,,
2006-06-30,IDXX,,,,,,,,,,,,,,,,,,,,,,,,,,,,,,,,,,,,0.03,,,0.16,,,,,,,,,,,,,,,,,,,,,,,,,,,,,,,,,,,,,,,,,,,,,,,,,2006-07-28,,0.19,,pre-market,,,,,,,,,,,,,18.75,,,,,,,,,,,,
2006-09-30,IDXX,,,,,,,,,,,,,,,,,,,,,,,,,,,,,,,,,,,,0.02,,,0.17,,,,,,,,,,,,,,,,,,,,,,,,,,,,,,,,,,,,,,,,,,,,,,,,,2006-10-27,,0.19,,pre-market,,,,,,,,,,,,,11.7647,,,,,,,,,,,,
2006-12-31,IDXX,,,,,,,,,,,,,,,,,,,,,,,,,,,,,,,,,,,,0.01,,,0.15,,,,,,,,,,,,,,,,,,,,,,,,,,,,,,,,,,,,,,,,,,,,,,,,,2007-01-26,,0.16,,pre-market,,,,,,,,,,,,,6.6667,,,,,,,,,,,,
2007-03-31,IDXX,,,,,,,,,,,,,,,,,,,,,,,,,,,,,,,,,,,,0.02,,,0.15,,,,,,,,,,,,,,,,,,,,,,,,,,,,,,,,,,,,,,,,,,,,,,,,,2007-04-27,,0.17,,pre-market,,,,,,,,,,,,,13.3333,,,,,,,,,,,,
2007-06-30,IDXX,,,,,,,,,,,,,,,,,,,,,,,,,,,,,,,,,,,,0.01,,,0.21,,,,,,,,,,,,,,,,,,,,,,,,,,,,,,,,,,,,,,,,,,,,,,,,,2007-07-27,,0.22,,pre-market,,,,,,,,,,,,,4.7619,,,,,,,,,,,,
2007-09-30,IDXX,,,,,,,,,,,,,,,,,,,,,,,,,,,,,,,,,,,,0.0,,,0.2,,,,,,,,,,,,,,,,,,,,,,,,,,,,,,,,,,,,,,,,,,,,,,,,,2007-10-26,,0.2,,pre-market,,,,,,,,,,,,,0.0,,,,,,,,,,,,
2007-12-31,IDXX,,,,,,,,,,,,,,,,,,,,,,,,,,,,,,,,,,,,0.0,,,0.2,,,,,,,,,,,,,,,,,,,,,,,,,,,,,,,,,,,,,,,,,,,,,,,,,2008-01-25,,0.2,,pre-market,,,,,,,,,,,,,0.0,,,,,,,,,,,,
2008-03-31,IDXX,,,,,,,,,,,,,,,,,,,,,,,,,,,,,,,,,,,,0.02,,,0.2,,,,,,,,,,,,,,,,,,,,,,,,,,,,,,,,,,,,,,,,,,,,,,,,,2008-04-25,,0.22,,pre-market,,,,,,,,,,,,,10.0,,,,,,,,,,,,
2008-06-30,IDXX,,,,,,,,,,,,,,,,,,,,,,,,,,,,,,,,,,,,0.04,,,0.28,,,,,,,,,,,,,,,,,,,,,,,,,,,,,,,,,,,,,,,,,,,,,,,,,2008-07-25,,0.32,,pre-market,,,,,,,,,,,,,14.2857,,,,,,,,,,,,
2008-09-30,IDXX,,,,,,,,,,,,,,,,,,,,,,,,,,,,,,,,,,,,0.01,,,0.2,,,,,,,,,,,,,,,,,,,,,,,,,,,,,,,,,,,,,,,,,,,,,,,,,2008-10-24,,0.21,,pre-market,,,,,,,,,,,,,5.0,,,,,,,,,,,,
2008-12-31,IDXX,,,,,,,,,,,,,,,,,,,,,,,,,,,,,,,,,,,,0.01,,,0.21,,,,,,,,,,,,,,,,,,,,,,,,,,,,,,,,,,,,,,,,,,,,,,,,,2009-01-30,,0.22,,pre-market,,,,,,,,,,,,,4.7619,,,,,,,,,,,,
2009-03-31,IDXX,,,,,,,,,,,,,,,,,,,,,,,,,,,,,,,,,,,,0.03,,,0.19,,,,,,,,,,,,,,,,,,,,,,,,,,,,,,,,,,,,,,,,,,,,,,,,,2009-04-24,,0.22,,pre-market,,,,,,,,,,,,,15.7895,,,,,,,,,,,,
2009-06-30,IDXX,,,,,,,,,,,,,,,,,,,,,,,,,,,,,,,,,,,,0.01,,,0.27,,,,,,,,,,,,,,,,,,,,,,,,,,,,,,,,,,,,,,,,,,,,,,,,,2009-07-24,,0.28,,pre-market,,,,,,,,,,,,,3.7037,,,,,,,,,,,,
2009-09-30,IDXX,,,,,,,,,,,,,,,,,,,,,,,,,,,,,,,,,,,,0.04,,,0.22,,,,,,,,,,,,,,,,,,,,,,,,,,,,,,,,,,,,,,,,,,,,,,,,,2009-10-23,,0.26,,pre-market,,,,,,,,,,,,,18.1818,,,,,,,,,,,,
2009-12-31,IDXX,,,,,,,,,,,,,,,,,,,,,,,,,,,,,,,,,,,,0.04,,,0.22,,,,,,,,,,,,,,,,,,,,,,,,,,,,,,,,,,,,,,,,,,,,,,,,,2010-01-29,,0.26,,pre-market,,,,,,,,,,,,,18.1818,,,,,,,,,,,,
2010-03-31,IDXX,,,,,,,,,,,,,,,,,,,,,,,,,,,,,,,,,,,,0.03,,,0.25,,,,,,,,,,,,,,,,,,,,,,,,,,,,,,,,,,,,,,,,,,,,,,,,,2010-04-23,,0.28,,pre-market,,,,,,,,,,,,,12.0,,,,,,,,,,,,
2010-06-30,IDXX,,,,,,,,,,,,,,,,,,,,,,,,,,,,,,,,,,,,0.01,,,0.3,,,,,,,,,,,,,,,,,,,,,,,,,,,,,,,,,,,,,,,,,,,,,,,,,2010-07-23,,0.31,,pre-market,,,,,,,,,,,,,3.3333,,,,,,,,,,,,
2010-09-30,IDXX,,,,,,,,,,,,,,,,,,,,,,,,,,,,,,,,,,,,0.03,,,0.27,,,,,,,,,,,,,,,,,,,,,,,,,,,,,,,,,,,,,,,,,,,,,,,,,2010-10-22,,0.3,,pre-market,,,,,,,,,,,,,11.1111,,,,,,,,,,,,
2010-12-31,IDXX,,,,,,,,,,,,,,,,,,,,,,,,,,,,,,,,,,,,0.04,,,0.27,,,,,,,,,,,,,,,,,,,,,,,,,,,,,,,,,,,,,,,,,,,,,,,,,2011-01-28,,0.31,,pre-market,,,,,,,,,,,,,14.8148,,,,,,,,,,,,
2011-03-31,IDXX,,,,,,,,,,,,,,,,,,,,,,,,,,,,,,,,,,,,0.01,,,0.3,,,,,,,,,,,,,,,,,,,,,,,,,,,,,,,,,,,,,,,,,,,,,,,,,2011-04-21,,0.31,,pre-market,,,,,,,,,,,,,3.3333,,,,,,,,,,,,
2011-06-30,IDXX,,,,,,,,,,,,,,,,,,,,,,,,,,,,,,,,,,,,0.06,,,0.36,,,,,,,,,,,,,,,,,,,,,,,,,,,,,,,,,,,,,,,,,,,,,,,,,2011-07-22,,0.42,,pre-market,,,,,,,,,,,,,16.6667,,,,,,,,,,,,
2011-09-30,IDXX,,,,,,,,,,,,,,,,,,,,,,,,,,,,,,,,,,,,0.01,,,0.32,,,,,,,,,,,,,,,,,,,,,,,,,,,,,,,,,,,,,,,,,,,,,,,,,2011-10-21,,0.33,,pre-market,,,,,,,,,,,,,3.125,,,,,,,,,,,,
2011-12-31,IDXX,,,,,,,,,,,,,,,,,,,,,,,,,,,,,,,,,,,,0.03,,,0.31,,,,,,,,,,,,,,,,,,,,,,,,,,,,,,,,,,,,,,,,,,,,,,,,,2012-01-27,,0.34,,pre-market,,,,,,,,,,,,,9.6774,,,,,,,,,,,,
2012-03-31,IDXX,,,,,,,,,,,,,,,,,,,,,,,,,,,,,,,,,,,,0.01,,,0.35,,,,,,,,,,,,,,,,,,,,,,,,,,,,,,,,,,,,,,,,,,,,,,,,,2012-04-20,,0.36,,pre-market,,,,,,,,,,,,,2.8571,,,,,,,,,,,,
2012-06-30,IDXX,,,,,,,,,,,,,,,,,,,,,,,,,,,,,,,,,,,,0.01,,,0.45,,,,,,,,,,,,,,,,,,,,,,,,,,,,,,,,,,,,,,,,,,,,,,,,,2012-07-20,,0.46,,pre-market,,,,,,,,,,,,,2.2222,,,,,,,,,,,,
2012-09-30,IDXX,,,,,,,,,,,,,,,,,,,,,,,,,,,,,,,,,,,,0.02,,,0.36,,,,,,,,,,,,,,,,,,,,,,,,,,,,,,,,,,,,,,,,,,,,,,,,,2012-10-19,,0.38,,pre-market,,,,,,,,,,,,,5.5556,,,,,,,,,,,,
2012-12-31,IDXX,,,,,,,,,,,,,,,,,,,,,,,,,,,,,,,,,,,,0.02,,,0.35,,,,,,,,,,,,,,,,,,,,,,,,,,,,,,,,,,,,,,,,,,,,,,,,,2013-01-29,,0.37,,pre-market,,,,,,,,,,,,,5.7143,,,,,,,,,,,,
2013-03-31,IDXX,,,,,,,,,,,,,,,,,,,,,,,,,,,,,,,,,,,,0.0,,,0.41,,,,,,,,,,,,,,,,,,,,,,,,,,,,,,,,,,,,,,,,,,,,,,,,,2013-04-23,,0.41,,pre-market,,,,,,,,,,,,,0.0,,,,,,,,,,,,
2013-06-30,IDXX,,,,,,,,,,,,,,,,,,,,,,,,,,,,,,,,,,,,0.02,,,0.48,,,,,,,,,,,,,,,,,,,,,,,,,,,,,,,,,,,,,,,,,,,,,,,,,2013-07-23,,0.5,,pre-market,,,,,,,,,,,,,4.1667,,,,,,,,,,,,
2013-09-30,IDXX,,,,,,,,,,,,,,,,,,,,,,,,,,,,,,,,,,,,0.02,,,0.41,,,,,,,,,,,,,,,,,,,,,,,,,,,,,,,,,,,,,,,,,,,,,,,,,2013-10-22,,0.43,,pre-market,,,,,,,,,,,,,4.878,,,,,,,,,,,,
2013-12-31,IDXX,,,,,,,,,,,,,,,,,,,,,,,,,,,,,,,,,,,,0.06,,,0.4,,,,,,,,,,,,,,,,,,,,,,,,,,,,,,,,,,,,,,,,,,,,,,,,,2014-02-04,,0.46,,pre-market,,,,,,,,,,,,,15.0,,,,,,,,,,,,
2014-03-31,IDXX,,,,,,,,,,,,,,,,,,,,,,,,,,,,,,,,,,,,0.02,,,0.43,,,,,,,,,,,,,,,,,,,,,,,,,,,,,,,,,,,,,,,,,,,,,,,,,2014-04-25,,0.45,,pre-market,,,,,,,,,,,,,4.6512,,,,,,,,,,,,
2014-06-30,IDXX,,,,,,,,,,,,,,,,,,,,,,,,,,,,,,,,,,,,0.02,,,0.53,,,,,,,,,,,,,,,,,,,,,,,,,,,,,,,,,,,,,,,,,,,,,,,,,2014-07-25,,0.55,,pre-market,,,,,,,,,,,,,3.7736,,,,,,,,,,,,
2014-09-30,IDXX,,,,,,,,,,,,,,,,,,,,,,,,,,,,,,,,,,,,0.1,,,0.43,,,,,,,,,,,,,,,,,,,,,,,,,,,,,,,,,,,,,,,,,,,,,,,,,2014-10-24,,0.53,,pre-market,,,,,,,,,,,,,23.2558,,,,,,,,,,,,
2014-12-31,IDXX,,,,,,,,,,,,,,,,,,,,,,,,,,,,,,,,,,,,0.1,,,0.38,,,,,,,,,,,,,,,,,,,,,,,,,,,,,,,,,,,,,,,,,,,,,,,,,2015-01-30,,0.48,,pre-market,,,,,,,,,,,,,26.3158,,,,,,,,,,,,
2015-03-31,IDXX,,,,,,,,,,,,,,,,,,,,,,,,,,,,,,,,,,,,0.01,,,0.48,,,,,,,,,,,,,,,,,,,,,,,,,,,,,,,,,,,,,,,,,,,,,,,,,2015-04-28,,0.49,,pre-market,,,,,,,,,,,,,2.0833,,,,,,,,,,,,
2015-06-30,IDXX,,,,,,,,,,,,,,,,,,,,,,,,,,,,,,,,,,,,0.03,,,0.57,,,,,,,,,,,,,,,,,,,,,,,,,,,,,,,,,,,,,,,,,,,,,,,,,2015-07-30,,0.6,,pre-market,,,,,,,,,,,,,5.2632,,,,,,,,,,,,
2015-09-30,IDXX,,,,,,,,,,,,,,,,,,,,,,,,,,,,,,,,,,,,0.01,,,0.53,,,,,,,,,,,,,,,,,,,,,,,,,,,,,,,,,,,,,,,,,,,,,,,,,2015-10-28,,0.54,,pre-market,,,,,,,,,,,,,1.8868,,,,,,,,,,,,
2015-12-31,IDXX,,,,,,,,,,,,,,,,,,,,,,,,,,,,,,,,,,,,0.04,,,0.44,,,,,,,,,,,,,,,,,,,,,,,,,,,,,,,,,,,,,,,,,,,,,,,,,2016-01-29,,0.48,,pre-market,,,,,,,,,,,,,9.0909,,,,,,,,,,,,
2016-03-31,IDXX,,,,,,,,,,,,,,,,,,,,,,,,,,,,,,,,,,,,0.04,,,0.47,,,,,,,,,,,,,,,,,,,,,,,,,,,,,,,,,,,,,,,,,,,,,,,,,2016-04-29,,0.51,,pre-market,,,,,,,,,,,,,8.5106,,,,,,,,,,,,
2016-06-30,IDXX,,,,,,,,,,,,,,,,,,,,,,,,,,,,,,,,,,,,0.12,,,0.62,,,,,,,,,,,,,,,,,,,,,,,,,,,,,,,,,,,,,,,,,,,,,,,,,2016-08-02,,0.74,,pre-market,,,,,,,,,,,,,19.3548,,,,,,,,,,,,
2016-09-30,IDXX,,,,,,,,,,,,,,,,,,,,,,,,,,,,,,,,,,,,0.02,,,0.6,,,,,,,,,,,,,,,,,,,,,,,,,,,,,,,,,,,,,,,,,,,,,,,,,2016-11-01,,0.62,,pre-market,,,,,,,,,,,,,3.3333,,,,,,,,,,,,
2016-12-31,IDXX,,,,,,,,,,,,,,,,,,,,,,,,,,,,,,,,,,,,0.07,,,0.51,,,,,,,,,,,,,,,,,,,,,,,,,,,,,,,,,,,,,,,,,,,,,,,,,2017-02-02,,0.58,,pre-market,,,,,,,,,,,,,13.7255,,,,,,,,,,,,
2017-03-31,IDXX,,,,,,,,,,,,,,,,,,,,,,,,,,,,,,,,,,,,0.17,,,0.6,,,,,,,,,,,,,,,,,,,,,,,,,,,,,,,,,,,,,,,,,,,,,,,,,2017-04-28,,0.77,,pre-market,,,,,,,,,,,,,28.3333,,,,,,,,,,,,
2017-06-30,IDXX,,,,,,,,,,,,,,,,,,,,,,,,,,,,,,,,,,,,0.1,,,0.85,,,,,,,,,,,,,,,,,,,,,,,,,,,,,,,,,,,,,,,,,,,,,,,,,2017-08-01,,0.95,,pre-market,,,,,,,,,,,,,11.7647,,,,,,,,,,,,
2017-09-30,IDXX,,,,,,,,,,,,,,,,,,,,,,,,,,,,,,,,,,,,0.05,,,0.74,,,,,,,,,,,,,,,,,,,,,,,,,,,,,,,,,,,,,,,,,,,,,,,,,2017-10-31,,0.79,,pre-market,,,,,,,,,,,,,6.7568,,,,,,,,,,,,
2017-12-31,IDXX,,,,,,,,,,,,,,,,,,,,,,,,,,,,,,,,,,,,0.04,,,0.73,,,,,,,,,,,,,,,,,,,,,,,,,,,,,,,,,,,,,,,,,,,,,,,,,2018-02-01,,0.77,,pre-market,,,,,,,,,,,,,5.4795,,,,,,,,,,,,
2018-03-31,IDXX,,,,,,,,,,,,,,,,,,,,,,,,,,,,,,,,,,,,0.09,,,0.92,,,,,,,,,,,,,,,,,,,,,,,,,,,,,,,,,,,,,,,,,,,,,,,,,2018-05-04,,1.01,,pre-market,,,,,,,,,,,,,9.7826,,,,,,,,,,,,
2018-06-30,IDXX,,,,,,,,,,,,,,,,,,,,,,,,,,,,,,,,,,,,0.06,,,1.17,,,,,,,,,,,,,,,,,,,,,,,,,,,,,,,,,,,,,,,,,,,,,,,,,2018-08-01,,1.23,,pre-market,,,,,,,,,,,,,5.1282,,,,,,,,,,,,
2018-09-30,IDXX,,,,,,,,,,,,,,,,,,,,,,,,,,,,,,,,,,,,0.08,,,0.97,,,,,,,,,,,,,,,,,,,,,,,,,,,,,,,,,,,,,,,,,,,,,,,,,2018-11-01,,1.05,,pre-market,,,,,,,,,,,,,8.2474,,,,,,,,,,,,
2018-12-31,IDXX,,,,,,,,,,,,,,,,,,,,,,,,,,,,,,,,,,,,0.07,,,0.91,,,,,,,,,,,,,,,,,,,,,,,,,,,,,,,,,,,,,,,,,,,,,,,,,2019-02-01,,0.98,,pre-market,,,,,,,,,,,,,7.6923,,,,,,,,,,,,
2019-03-31,IDXX,,,,,,,,,,,,,,,,,,,,,,,,,,,,,,,,,,,,0.11,,,1.06,,,,,,,,,,,,,,,,,,,,,,,,,,,,,,,,,,,,,,,,,,,,,,,,,2019-05-01,,1.17,,pre-market,,,,,,,,,,,,,10.3774,,,,,,,,,,,,
2019-06-30,IDXX,,,,,,,,,,,,,,,,,,,,,,,,,,,,,,,,,,,,0.06,,,1.37,,,,,,,,,,,,,,,,,,,,,,,,,,,,,,,,,,,,,,,,,,,,,,,,,2019-08-01,,1.43,,pre-market,,,,,,,,,,,,,4.3796,,,,,,,,,,,,
2019-09-30,IDXX,,,,,,,,,,,,,,,,,,,,,,,,,,,,,,,,,,,,0.1,,,1.14,,,,,,,,,,,,,,,,,,,,,,,,,,,,,,,,,,,,,,,,,,,,,,,,,2019-10-31,,1.24,,pre-market,,,,,,,,,,,,,8.7719,,,,,,,,,,,,
2019-12-31,IDXX,,,,,,,,,,,,,,,,,,,,,,,,,,,,,,,,,,,,0.14,,,0.9,,,,,,,,,,,,,,,,,,,,,,,,,,,,,,,,,,,,,,,,,,,,,,,,,2020-01-31,,1.04,,pre-market,,,,,,,,,,,,,15.5556,,,,,,,,,,,,
2020-03-31,IDXX,,,,,,,,,,,,,,,,,,,,,,,,,,,,,,,,,,,,0.07,,,1.22,,,,,,,,,,,,,,,,,,,,,,,,,,,,,,,,,,,,,,,,,,,,,,,,,2020-04-30,,1.29,,pre-market,,,,,,,,,,,,,5.7377,,,,,,,,,,,,
2020-06-30,IDXX,,,,,,,,,,,,,,,,,,,,,,,,,,,,,,,,,,,,0.55,,,1.17,,,,,,,,,,,,,,,,,,,,,,,,,,,,,,,,,,,,,,,,,,,,,,,,,2020-07-31,,1.72,,pre-market,,,,,,,,,,,,,47.0085,,,,,,,,,,,,
2020-09-30,IDXX,,,,,,,,,,,,,,,,,,,,,,,,,,,,,,,,,,,,0.25,,,1.44,,,,,,,,,,,,,,,,,,,,,,,,,,,,,,,,,,,,,,,,,,,,,,,,,2020-10-29,,1.69,,pre-market,,,,,,,,,,,,,17.3611,,,,,,,,,,,,
2020-12-31,IDXX,,,,,,,,,,,,,,,,,,,,,,,,,,,,,,,,,,,,0.37,,,1.39,,,,,,,,,,,,,,,,,,,,,,,,,,,,,,,,,,,,,,,,,,,,,,,,,2021-02-02,,1.76,,pre-market,,,,,,,,,,,,,26.6187,,,,,,,,,,,,
2021-03-31,IDXX,,,,,,,,,,,,,,,,,,,,,,,,,,,,,,,,,,,,0.63,,,1.72,,,,,,,,,,,,,,,,,,,,,,,,,,,,,,,,,,,,,,,,,,,,,,,,,2021-05-04,,2.35,,pre-market,,,,,,,,,,,,,36.6279,,,,,,,,,,,,
2021-06-30,IDXX,,,,,,,,,,,,,,,,,,,,,,,,,,,,,,,,,,,,0.3,,,2.04,,,,,,,,,,,,,,,,,,,,,,,,,,,,,,,,,,,,,,,,,,,,,,,,,2021-07-30,,2.34,,pre-market,,,,,,,,,,,,,14.7059,,,,,,,,,,,,
2021-09-30,IDXX,,,,,,,,,,,,,,,,,,,,,,,,,,,,,,,,,,,,0.12,,,1.91,,,,,,,,,,,,,,,,,,,,,,,,,,,,,,,,,,,,,,,,,,,,,,,,,2021-11-02,,2.03,,pre-market,,,,,,,,,,,,,6.2827,,,,,,,,,,,,
2021-12-31,IDXX,,,,,,,,,,,,,,,,,,,,,,,,,,,,,,,,,,,,0.17,,,1.72,,,,,,,,,,,,,,,,,,,,,,,,,,,,,,,,,,,,,,,,,,,,,,,,,2022-02-02,,1.89,,pre-market,,,,,,,,,,,,,9.8837,,,,,,,,,,,,
2022-03-31,IDXX,,,,,,,,,,,,,,,,,,,,,,,,,,,,,,,,,,,,0.02,,,2.25,,,,,,,,,,,,,,,,,,,,,,,,,,,,,,,,,,,,,,,,,,,,,,,,,2022-05-04,,2.27,,pre-market,,,,,,,,,,,,,0.8889,,,,,,,,,,,,
2022-06-30,IDXX,,,,,,,,,,,,,,,,,,,,,,,,,,,,,,,,,,,,-0.07,,,1.63,,,,,,,,,,,,,,,,,,,,,,,,,,,,,,,,,,,,,,,,,,,,,,,,,2022-08-02,,1.56,,pre-market,,,,,,,,,,,,,-4.2945,,,,,,,,,,,,
2022-09-30,IDXX,,,,,,,,,,,,,,,,,,,,,,,,,,,,,,,,,,,,0.11,,,2.04,,,,,,,,,,,,,,,,,,,,,,,,,,,,,,,,,,,,,,,,,,,,,,,,,2022-11-01,,2.15,,pre-market,,,,,,,,,,,,,5.3922,,,,,,,,,,,,
2022-12-31,IDXX,,,,,,,,,,,,,,,,,,,,,,,,,,,,,,,,,,,,0.13,,,1.92,,,,,,,,,,,,,,,,,,,,,,,,,,,,,,,,,,,,,,,,,,,,,,,,,2023-02-06,,2.05,,pre-market,,,,,,,,,,,,,6.7708,,,,,,,,,,,,
2023-03-31,IDXX,,,,,,,,,,,,,,,,,,,,,,,,,,,,,,,,,,,,0.12,,,2.43,,,,,,,,,,,,,,,,,,,,,,,,,,,,,,,,,,,,,,,,,,,,,,,,,2023-05-02,,2.55,,pre-market,,,,,,,,,,,,,4.9383,,,,,,,,,,,,
2023-06-30,IDXX,,,,,,,,,,,,,,,,,,,,,,,,,,,,,,,,,,,,0.2,,,2.47,,,,,,,,,,,,,,,,,,,,,,,,,,,,,,,,,,,,,,,,,,,,,,,,,2023-08-01,,2.67,,pre-market,,,,,,,,,,,,,8.0972,,,,,,,,,,,,
2023-09-30,IDXX,,,,,,,,,,,,,,,,,,,,,,,,,,,,,,,,,,,,0.16,,,2.37,,,,,,,,,,,,,,,,,,,,,,,,,,,,,,,,,,,,,,,,,,,,,,,,,2023-11-01,,2.53,,pre-market,,,,,,,,,,,,,6.7511,,,,,,,,,,,,
2023-12-31,IDXX,,,,,,,,,,,,,,,,,,,,,,,,,,,,,,,,,,,,0.2,,,2.12,,,,,,,,,,,,,,,,,,,,,,,,,,,,,,,,,,,,,,,,,,,,,,,,,2024-02-05,,2.32,,post-market,,,,,,,,,,,,,9.434,,,,,,,,,,,,
2024-03-31,IDXX,,,,,,,,,,,,,,,,,,,,,,,,,,,,,,,,,,,,0.14,,,2.67,,,,,,,,,,,,,,,,,,,,,,,,,,,,,,,,,,,,,,,,,,,,,,,,,2024-05-01,,2.81,,pre-market,,,,,,,,,,,,,5.2434,,,,,,,,,,,,
2024-06-30,IDXX,,,,,,,,,,,,,,,,,,,,,,,,,,,,,,,,,,,,0.15,,,2.87,,,,,,,,,,,,,,,,,,,,,,,,,,,,,,,,,,,,,,,,,,,,,,,,,2024-08-06,,3.02,,pre-market,,,,,,,,,,,,,5.2265,,,,,,,,,,,,
2024-09-30,IDXX,,,,,,,,,,,,,,,,,,,,,,,,,,,,,,,,,,,,0.11,,,2.69,,,,,,,,,,,,,,,,,,,,,,,,,,,,,,,,,,,,,,,,,,,,,,,,,2024-10-31,,2.8,,pre-market,,,,,,,,,,,,,4.0892,,,,,,,,,,,,
2024-12-31,IDXX,,,,,,,,,,,,,,,,,,,,,,,,,,,,,,,,,,,,0.22,,,2.4,,,,,,,,,,,,,,,,,,,,,,,,,,,,,,,,,,,,,,,,,,,,,,,,,2025-02-03,,2.62,,pre-market,,,,,,,,,,,,,9.1667,,,,,,,,,,,,
2025-03-31,IDXX,,,,,,,,,,,,,,,,,,,,,,,,,,,,,,,,,,,,0.11,,,2.85,,,,,,,,,,,,,,,,,,,,,,,,,,,,,,,,,,,,,,,,,,,,,,,,,2025-05-01,,2.96,,pre-market,,,,,,,,,,,,,3.8596,,,,,,,,,,,,
2025-06-30,IDXX,,,,,,,,,,,,,,,,,,,,,,,,,,,,,,,,,,,,0.33,,,3.3,,,,,,,,,,,,,,,,,,,,,,,,,,,,,,,,,,,,,,,,,,,,,,,,,2025-08-04,,3.63,,pre-market,,,,,,,,,,,,,10.0,,,,,,,,,,,,
2025-09-30,IDXX,,,,,,,,,,,,,,,,,,,,,,,,,,,,,,,,,,,,0.25,,,3.15,,,,,,,,,,,,,,,,,,,,,,,,,,,,,,,,,,,,,,,,,,,,,,,,,2025-11-03,,3.4,,pre-market,,,,,,,,,,,,,7.9365,,,,,,,,,,,,
2025-12-28,IDXX,12.6,4167411000.0,54.64,,1.668,19.52,,,,,,,,,,,,,,,,,,,,,,,,,,,,,0.214,0.25,,,3.15,,48.08,,2572125000.0,,,,,,,,,,,,,,,,,,,0.321,,,,,,,,,,,,,4.064,35.2,13.22,,,,,,,,0.246,,,2025-11-03,,3.4,,pre-market,,,0.241,0.646,0.133,51.5,,,,,576.01,691.29,7.9365,,,,,,,,,54.64,,769.98,356.14
2025-12-28,IDXX,12.6,4167411000.0,54.64,,1.668,19.52,,,,,,,,,,,,,,,None,421885000,421885000,,,,,,None,36627000,,,,,0.214,0.25,355426000,392053000,3.15,2025-09-30,48.08,,2572125000.0,683354000,344771000,70161000,,,None,10655000,580000,,None,,,,,274610000,274610000,-10075000,None,0.321,,328508000,354846000,,,,,None,,,,,4.064,35.2,13.22,,,,,,,,0.246,,,2025-11-03,quarterly,3.4,USD,pre-market,63415000,,0.241,0.646,0.133,51.5,105936000,,,,576.01,691.29,7.9365,,,,,,,1105239000,,54.64,,769.98,356.14
2025-12-28,IDXX,12.6,4167411000.0,54.64,,1.668,19.52,,,,,,,,,,,,,,,None,414725000,414725000,,,,,,None,35772000,,,,,0.214,0.25,373673000,409445000,3.15,2025-06-30,48.08,,2572125000.0,694732000,362352000,68363000,,,None,11321000,627000,,None,,,,,293989000,293989000,-10694000,None,0.321,,321686000,373046000,,,,,None,,,,,4.064,35.2,13.22,,,,,,,,0.246,,,2025-11-03,quarterly,3.4,USD,pre-market,61898000,,0.241,0.646,0.133,51.5,98681000,,,,576.01,691.29,7.9365,,,,,,,1109457000,,54.64,,769.98,356.14
2025-12-28,IDXX,12.6,4167411000.0,54.64,,1.668,19.52,,,,,,,,,,,,,,,None,375048000,375048000,,,,,,None,34063000,,,,,0.214,0.25,317750000,351813000,3.15,2025-03-31,48.08,,2572125000.0,623379000,310084000,67407000,,,None,7666000,1216000,,None,,,,,242677000,242677000,-6450000,None,0.321,,306845000,316534000,,,,,None,,,,,4.064,35.2,13.22,,,,,,,,0.246,,,2025-11-03,quarterly,3.4,USD,pre-market,59061000,,0.241,0.646,0.133,51.5,91561000,,,,576.01,691.29,7.9365,,,,,,,998427000,,54.64,,769.98,356.14
2025-12-28,IDXX,12.6,4167411000.0,54.64,,1.668,19.52,,,,,,,,,,,,,,,None,383628000,383628000,,,,,,None,33706000,,,,,0.214,0.25,264857000,298563000,3.15,2024-12-31,48.08,,2572125000.0,570660000,256387000,40238000,,,None,7498000,2199000,,None,,,,,216149000,216149000,-5299000,None,0.321,,308974000,261686000,,,,,None,,,,,4.064,35.2,13.22,,,,,,,,0.246,,,2025-11-03,quarterly,3.4,USD,pre-market,57729000,,0.241,0.646,0.133,51.5,101137000,,,,576.01,691.29,7.9365,,,,,,,954288000,,54.64,,769.98,356.14
2025-12-28,IDXX,12.6,4167411000.0,54.64,,1.668,19.52,,,,,,,,,,,,,,,None,379505000,379505000,,,,,,None,34133000,,,,,0.214,0.25,307866000,341999000,3.15,2024-09-30,48.08,,2572125000.0,596038000,298909000,66068000,,,None,7697000,2714000,,None,,,,,232841000,232841000,-4983000,None,0.321,,292146000,303892000,,,,,None,,,,,4.064,35.2,13.22,,,,,,,,0.246,,,2025-11-03,quarterly,3.4,USD,pre-market,53978000,,0.241,0.646,0.133,51.5,91887000,,,,576.01,691.29,7.9365,,,,,,,975543000,,54.64,,769.98,356.14
2025-12-28,IDXX,12.6,4167411000.0,54.64,,1.668,19.52,,,,,,,,,,,,,,,None,382698000,382698000,,,,,,None,32193000,,,,,0.214,0.25,268534000,300727000,3.15,2024-06-30,48.08,,2572125000.0,620880000,259056000,55758000,,,None,8099000,3354000,,None,,,,,203298000,203298000,-4745000,None,0.321,,355358000,263801000,,,,,None,,,,,4.064,35.2,13.22,,,,,,,,0.246,,,2025-11-03,quarterly,3.4,USD,pre-market,55450000,,0.241,0.646,0.133,51.5,157243000,,,,576.01,691.29,7.9365,,,,,,,1003578000,,54.64,,769.98,356.14
2025-12-28,IDXX,12.6,4167411000.0,54.64,,1.668,19.52,,,,,,,,,,,,,,,None,371025000,371025000,,,,,,None,29904000,,,,,0.214,0.25,304647000,334551000,3.15,2024-03-31,48.08,,2572125000.0,593070000,295479000,59900000,,,None,7911000,4432000,,None,,,,,235579000,235579000,-3479000,None,0.321,,294112000,298958000,,,,,None,,,,,4.064,35.2,13.22,,,,,,,,0.246,,,2025-11-03,quarterly,3.4,USD,pre-market,52635000,,0.241,0.646,0.133,51.5,92024000,,,,576.01,691.29,7.9365,,,,,,,964095000,,54.64,,769.98,356.14
2025-12-28,IDXX,12.6,4167411000.0,54.64,,1.668,19.52,,,,,,,,,,,,,,,None,375434000,375434000,,,,,,None,29737000,,,,,0.214,0.25,248933000,278670000,3.15,2023-12-31,48.08,,2572125000.0,526167000,239668000,45147000,,,None,9265000,3631000,,None,,,,,194521000,194521000,-5634000,None,0.321,,280865000,245302000,,,,,None,,,,,4.064,35.2,13.22,,,,,,,,0.246,,,2025-11-03,quarterly,3.4,USD,pre-market,51812000,,0.241,0.646,0.133,51.5,87021000,,,,576.01,691.29,7.9365,,,,,,,901601000,,54.64,,769.98,356.14
2025-12-28,IDXX,12.6,4167411000.0,54.64,,1.668,19.52,,,,,,,,,,,,,,,None,367545000,367545000,,,,,,None,28985000,,,,,0.214,0.25,276838000,305823000,3.15,2023-09-30,48.08,,2572125000.0,547982000,267891000,55660000,,,None,8647000,1255000,,None,,,,,212231000,212231000,-7392000,None,0.321,,272699000,275283000,,,,,None,,,,,4.064,35.2,13.22,,,,,,,,0.246,,,2025-11-03,quarterly,3.4,USD,pre-market,47967000,,0.241,0.646,0.133,51.5,89034000,,,,576.01,691.29,7.9365,,,,,,,915527000,,54.64,,769.98,356.14
2025-12-28,IDXX,12.6,4167411000.0,54.64,,1.668,19.52,,,,,,,,,,,,,,,None,370780000,370780000,,,,,,None,27855000,,,,,0.214,0.25,297554000,325409000,3.15,2023-06-30,48.08,,2572125000.0,572850000,285929000,61693000,,,None,10542000,327000,,None,,,,,224236000,224236000,-10215000,None,0.321,,276706000,296144000,,,,,327000,,,,,4.064,35.2,13.22,,,,,,,,0.246,,,2025-11-03,quarterly,3.4,USD,pre-market,46505000,,0.241,0.646,0.133,51.5,89669000,,,,576.01,691.29,7.9365,,,,,,,943630000,,54.64,,769.98,356.14
2025-12-28,IDXX,12.6,4167411000.0,54.64,,1.668,19.52,,,,,,,,,,,,,,,None,357224000,357224000,,,,,,None,28331000,,,,,0.214,0.25,280815000,309146000,3.15,2023-03-31,48.08,,2572125000.0,542971000,267688000,53634000,,,None,13127000,416000,,None,,,,,214054000,214054000,-12711000,None,0.321,,262572000,280399000,,,,,416000,,,,,4.064,35.2,13.22,,,,,,,,0.246,,,2025-11-03,quarterly,3.4,USD,pre-market,44667000,,0.241,0.646,0.133,51.5,70101000,,,,576.01,691.29,7.9365,,,,,,,900195000,,54.64,,769.98,356.14
2025-12-28,IDXX,12.6,4167411000.0,54.64,,1.668,19.52,,,,,,,,,,,,,,,None,343641000,343641000,,,,,,None,28720000,,,,,0.214,0.25,227462000,256182000,3.15,2022-12-31,48.08,,2572125000.0,484927000,213215000,41008000,,,None,13547000,235000,,None,,,,,172207000,172207000,-13312000,None,0.321,,258400000,226527000,,,,,235000,,,,,4.064,35.2,13.22,,,,,,,,0.246,,,2025-11-03,quarterly,3.4,USD,pre-market,43418000,,0.241,0.646,0.133,51.5,83047000,,,,576.01,691.29,7.9365,,,,,,,828568000,,54.64,,769.98,356.14
2025-12-28,IDXX,12.6,4167411000.0,54.64,,1.668,19.52,,,,,,,,,,,,,,,None,335035000,335035000,,,,,,None,28547000,,,,,0.214,0.25,245881000,274428000,3.15,2022-09-30,48.08,,2572125000.0,506626000,234183000,53245000,,,None,10998000,353000,,None,,,,,180938000,180938000,-10645000,None,0.321,,261798000,244828000,,,,,353000,,,,,4.064,35.2,13.22,,,,,,,,0.246,,,2025-11-03,quarterly,3.4,USD,pre-market,48013000,,0.241,0.646,0.133,51.5,83764000,,,,576.01,691.29,7.9365,,,,,,,841661000,,54.64,,769.98,356.14
2025-12-28,IDXX,12.6,4167411000.0,54.64,,1.668,19.52,,,,,,,,,,,,,,,None,346514000,346514000,,,,,,None,28122000,,,,,0.214,0.25,180100000,208222000,3.15,2022-06-30,48.08,,2572125000.0,514032000,171083000,39104000,,,None,8317000,334000,,None,,,,,131979000,131979000,-7983000,None,0.321,,334966000,179066000,,,,,334000,,,,,4.064,35.2,13.22,,,,,,,,0.246,,,2025-11-03,quarterly,3.4,USD,pre-market,123221000,,0.241,0.646,0.133,51.5,81488000,,,,576.01,691.29,7.9365,,,,,,,860546000,,54.64,,769.98,356.14
2025-12-28,IDXX,12.6,4167411000.0,54.64,,1.668,19.52,,,,,,,,,,,,,,,None,337796000,337796000,,,,,,None,26511000,,,,,0.214,0.25,249187000,275698000,3.15,2022-03-31,48.08,,2572125000.0,498753000,241491000,47526000,,,None,6996000,143000,,None,,,,,193965000,193965000,-6853000,None,0.321,,250409000,248344000,,,,,143000,,,,,4.064,35.2,13.22,,,,,,,,0.246,,,2025-11-03,quarterly,3.4,USD,pre-market,40168000,,0.241,0.646,0.133,51.5,77949000,,,,576.01,691.29,7.9365,,,,,,,836549000,,54.64,,769.98,356.14
2025-12-28,IDXX,12.6,4167411000.0,54.64,,1.668,19.52,,,,,,,,,,,,,,,None,344669000,344669000,,,,,,None,27695000,,,,,0.214,0.25,200060000,227755000,3.15,2021-12-31,48.08,,2572125000.0,456421000,191883000,29112000,,,None,7477000,169000,,None,,,,,162771000,162771000,-7308000,None,0.321,,257230000,199191000,,,,,169000,,,,,4.064,35.2,13.22,,,,,,,,0.246,,,2025-11-03,quarterly,3.4,USD,pre-market,45306000,,0.241,0.646,0.133,51.5,83466000,,,,576.01,691.29,7.9365,,,,,,,801090000,,54.64,,769.98,356.14
2025-12-28,IDXX,12.6,4167411000.0,54.64,,1.668,19.52,,,,,,,,,,,,,,,None,337500000,337500000,,,,,,None,26467000,,,,,0.214,0.25,226784000,253251000,3.15,2021-09-30,48.08,,2572125000.0,472921000,218950000,43772000,,,None,7134000,122000,,None,,,,,175235000,175178000,-7012000,None,0.321,,246959000,225962000,,,,,122000,,,,,4.064,35.2,13.22,,,,,,,,0.246,,,2025-11-03,quarterly,3.4,USD,pre-market,40427000,,0.241,0.646,0.133,51.5,82098000,,,,576.01,691.29,7.9365,,,,,,,810421000,,54.64,,769.98,356.14
2025-12-28,IDXX,12.6,4167411000.0,54.64,,1.668,19.52,,,,,,,,,,,,,,,None,336834000,336834000,,,,,,None,25377000,,,,,0.214,0.25,260044000,285421000,3.15,2021-06-30,48.08,,2572125000.0,489308000,251731000,49125000,,,None,7613000,91000,,None,,,,,202582000,202606000,-7522000,None,0.321,,230055000,259253000,,,,,91000,,,,,4.064,35.2,13.22,,,,,,,,0.246,,,2025-11-03,quarterly,3.4,USD,pre-market,37697000,,0.241,0.646,0.133,51.5,73326000,,,,576.01,691.29,7.9365,,,,,,,826142000,,54.64,,769.98,356.14
2025-12-28,IDXX,12.6,4167411000.0,54.64,,1.668,19.52,,,,,,,,,,,,,,,None,306925000,306925000,,,,,,None,25057000,,,,,0.214,0.25,248374000,273431000,3.15,2021-03-31,48.08,,2572125000.0,470782000,240090000,35801000,,,None,7584000,52000,,None,,,,,204257000,204289000,-7532000,None,0.321,,223160000,247622000,,,,,52000,,,,,4.064,35.2,13.22,,,,,,,,0.246,,,2025-11-03,quarterly,3.4,USD,pre-market,37579000,,0.241,0.646,0.133,51.5,70770000,,,,576.01,691.29,7.9365,,,,,,,777707000,,54.64,,769.98,356.14
2025-12-28,IDXX,12.6,4167411000.0,54.64,,1.668,19.52,,,,,,,,,,,,,,,None,311436000,311436000,,,,,,None,24561000,,,,,0.214,0.25,185964000,210525000,3.15,2020-12-31,48.08,,2572125000.0,409502000,177436000,2478000,,,None,7828000,169000,,None,,,,,174790000,174958000,-7659000,None,0.321,,224407000,185095000,,,,,169000,,,,,4.064,35.2,13.22,,,,,,,,0.246,,,2025-11-03,quarterly,3.4,USD,pre-market,38777000,,0.241,0.646,0.133,51.5,69721000,,,,576.01,691.29,7.9365,,,,,,,720938000,,54.64,,769.98,356.14
2025-12-28,IDXX,12.6,4167411000.0,54.64,,1.668,19.52,,,,,,,,,,,,,,,None,299183000,299183000,,,,,,None,24651000,,,,,0.214,0.25,172764000,197415000,3.15,2020-09-30,48.08,,2572125000.0,422606000,163954000,17633000,,,None,8110000,208000,,None,,,,,146219000,146321000,-7902000,None,0.321,,250750000,171856000,,,,,208000,,,,,4.064,35.2,13.22,,,,,,,,0.246,,,2025-11-03,quarterly,3.4,USD,pre-market,37517000,,0.241,0.646,0.133,51.5,105031000,,,,576.01,691.29,7.9365,,,,,,,721789000,,54.64,,769.98,356.14
2025-12-28,IDXX,12.6,4167411000.0,54.64,,1.668,19.52,,,,,,,,,,,,,,,None,258250000,258250000,,,,,,None,23582000,,,,,0.214,0.25,194017000,217599000,3.15,2020-06-30,48.08,,2572125000.0,379342000,183822000,34826000,,,None,9495000,69000,,None,,,,,148940000,148996000,-9426000,None,0.321,,186094000,193248000,,,,,69000,,,,,4.064,35.2,13.22,,,,,,,,0.246,,,2025-11-03,quarterly,3.4,USD,pre-market,31645000,,0.241,0.646,0.133,51.5,60268000,,,,576.01,691.29,7.9365,,,,,,,637592000,,54.64,,769.98,356.14
2025-12-28,IDXX,12.6,4167411000.0,54.64,,1.668,19.52,,,,,,,,,,,,,,,None,266746000,266746000,,,,,,None,23204000,,,,,0.214,0.25,145165000,168369000,3.15,2020-03-31,48.08,,2572125000.0,359590000,136773000,24917000,,,None,7692000,140000,,None,,,,,111827000,111856000,-7552000,None,0.321,,215265000,144325000,,,,,140000,,,,,4.064,35.2,13.22,,,,,,,,0.246,,,2025-11-03,quarterly,3.4,USD,pre-market,33310000,,0.241,0.646,0.133,51.5,65812000,,,,576.01,691.29,7.9365,,,,,,,626336000,,54.64,,769.98,356.14
2025-12-28,IDXX,12.6,4167411000.0,54.64,,1.668,19.52,,,,,,,,,,,,,,,None,274297000,274297000,,,,,,None,22589000,,,,,0.214,0.25,115899000,138488000,3.15,2019-12-31,48.08,,2572125000.0,331149000,108506000,17962000,,,None,7393000,268000,,None,,,,,90496000,90544000,-7125000,None,0.321,,215518000,115631000,,,,,268000,,,,,4.064,35.2,13.22,,,,,,,,0.246,,,2025-11-03,quarterly,3.4,USD,pre-market,35160000,,0.241,0.646,0.133,51.5,74664000,,,,576.01,691.29,7.9365,,,,,,,605446000,,54.64,,769.98,356.14
2025-12-28,IDXX,12.6,4167411000.0,54.64,,1.668,19.52,,,,,,,,,,,,,,,None,260353000,260353000,,,,,,None,22446000,,,,,0.214,0.25,140488000,162934000,3.15,2019-09-30,48.08,,2572125000.0,344950000,132798000,23960000,,,None,7090000,86000,,None,,,,,108837000,108838000,-7004000,None,0.321,,205148000,139802000,,,,,86000,,,,,4.064,35.2,13.22,,,,,,,,0.246,,,2025-11-03,quarterly,3.4,USD,pre-market,34260000,,0.241,0.646,0.133,51.5,66337000,,,,576.01,691.29,7.9365,,,,,,,605303000,,54.64,,769.98,356.14
2025-12-28,IDXX,12.6,4167411000.0,54.64,,1.668,19.52,,,,,,,,,,,,,,,None,262250000,262250000,,,,,,None,21621000,,,,,0.214,0.25,164908000,186529000,3.15,2019-06-30,48.08,,2572125000.0,357853000,156122000,30421000,,,None,8186000,33000,,None,,,,,125706000,125701000,-8153000,None,0.321,,193578000,164275000,,,,,33000,,,,,4.064,35.2,13.22,,,,,,,,0.246,,,2025-11-03,quarterly,3.4,USD,pre-market,32259000,,0.241,0.646,0.133,51.5,59955000,,,,576.01,691.29,7.9365,,,,,,,620103000,,54.64,,769.98,356.14
2025-12-28,IDXX,12.6,4167411000.0,54.64,,1.668,19.52,,,,,,,,,,,,,,,None,244459000,244459000,,,,,,None,21355000,,,,,0.214,0.25,133678000,155033000,3.15,2019-03-31,48.08,,2572125000.0,331597000,124792000,22083000,,,None,8386000,8346000,,None,,,,,102681000,102709000,-8346000,None,0.321,,198459000,133138000,,,,,40000,,,,,4.064,35.2,13.22,,,,,,,,0.246,,,2025-11-03,quarterly,3.4,USD,pre-market,31514000,,0.241,0.646,0.133,51.5,60361000,,,,576.01,691.29,7.9365,,,,,,,576056000,,54.64,,769.98,356.14
2025-12-28,IDXX,12.6,4167411000.0,54.64,,1.668,19.52,,,,,,,,,,,,,,,None,249025000,249025000,,,,,,None,20604000,,,,,0.214,0.25,115605000,136209000,3.15,2018-12-31,48.08,,2572125000.0,300361000,107045000,21368000,,,None,8560000,None,,None,,,,,85638000,85677000,None,None,0.321,,185014000,115347000,,,,,258000,,,,,4.064,35.2,13.22,,,,,,,,0.246,,,2025-11-03,quarterly,3.4,USD,pre-market,30138000,,0.241,0.646,0.133,51.5,58972000,,,,576.01,691.29,7.9365,,,,,,,549386000,,54.64,,769.98,356.14
2025-12-28,IDXX,12.6,4167411000.0,54.64,,1.668,19.52,,,,,,,,,,,,,,,None,239805000,239805000,,,,,,None,20878000,,,,,0.214,0.25,117492000,138370000,3.15,2018-09-30,48.08,,2572125000.0,305643000,109039000,15825000,,,None,8453000,None,,None,,,,,93251000,93214000,None,None,0.321,,188293000,117350000,,,,,142000,,,,,4.064,35.2,13.22,,,,,,,,0.246,,,2025-11-03,quarterly,3.4,USD,pre-market,29192000,,0.241,0.646,0.133,51.5,63955000,,,,576.01,691.29,7.9365,,,,,,,545448000,,54.64,,769.98,356.14
2025-12-28,IDXX,12.6,4167411000.0,54.64,,1.668,19.52,,,,,,,,,,,,,,,None,248313000,248313000,,,,,,None,20892000,,,,,0.214,0.25,145766000,166658000,3.15,2018-06-30,48.08,,2572125000.0,332439000,137309000,28629000,,,None,8457000,None,,None,,,,,108691000,108680000,None,None,0.321,,186845000,145594000,,,,,172000,,,,,4.064,35.2,13.22,,,,,,,,0.246,,,2025-11-03,quarterly,3.4,USD,pre-market,29510000,,0.241,0.646,0.133,51.5,61080000,,,,576.01,691.29,7.9365,,,,,,,580752000,,54.64,,769.98,356.14
2025-12-28,IDXX,12.6,4167411000.0,54.64,,1.668,19.52,,,,,,,,,,,,,,,None,234557000,234557000,,,,,,None,20804000,,,,,0.214,0.25,113623000,134427000,3.15,2018-03-31,48.08,,2572125000.0,303099000,104349000,14873000,,,None,9274000,None,,None,,,,,89451000,89476000,None,None,0.321,,190055000,113044000,,,,,579000,,,,,4.064,35.2,13.22,,,,,,,,0.246,,,2025-11-03,quarterly,3.4,USD,pre-market,29023000,,0.241,0.646,0.133,51.5,60931000,,,,576.01,691.29,7.9365,,,,,,,537656000,,54.64,,769.98,356.14
2025-12-28,IDXX,12.6,4167411000.0,54.64,,1.668,19.52,,,,,,,,,,,,,,,None,233647000,233647000,,,,,,None,21520000,,,,,0.214,0.25,99403000,120923000,3.15,2017-12-31,48.08,,2572125000.0,272474000,89686000,51396000,,,None,9717000,None,,None,,,,,38257000,38290000,None,None,0.321,,174666000,97808000,,,,,1595000,,,,,4.064,35.2,13.22,,,,,,,,0.246,,,2025-11-03,quarterly,3.4,USD,pre-market,28809000,,0.241,0.646,0.133,51.5,55318000,,,,576.01,691.29,7.9365,,,,,,,506121000,,54.64,,769.98,356.14
2025-12-28,IDXX,12.6,4167411000.0,54.64,,1.668,19.52,,,,,,,,,,,,,,,None,217974000,217974000,,,,,,None,20727000,,,,,0.214,0.25,101813000,122540000,3.15,2017-09-30,48.08,,2572125000.0,274002000,92049000,21535000,,,None,9764000,None,,None,,,,,70511000,70514000,None,None,0.321,,173589000,100413000,,,,,1400000,,,,,4.064,35.2,13.22,,,,,,,,0.246,,,2025-11-03,quarterly,3.4,USD,pre-market,27585000,,0.241,0.646,0.133,51.5,57186000,,,,576.01,691.29,7.9365,,,,,,,491976000,,54.64,,769.98,356.14
2025-12-28,IDXX,12.6,4167411000.0,54.64,,1.668,19.52,,,,,,,,,,,,,,,None,216225000,216225000,,,,,,None,20586000,,,,,0.214,0.25,123740000,144326000,3.15,2017-06-30,48.08,,2572125000.0,292715000,114585000,29178000,,,None,9155000,None,,None,,,,,85357000,85407000,None,None,0.321,,170151000,122564000,,,,,1176000,,,,,4.064,35.2,13.22,,,,,,,,0.246,,,2025-11-03,quarterly,3.4,USD,pre-market,26998000,,0.241,0.646,0.133,51.5,55460000,,,,576.01,691.29,7.9365,,,,,,,508940000,,54.64,,769.98,356.14
2025-12-28,IDXX,12.6,4167411000.0,54.64,,1.668,19.52,,,,,,,,,,,,,,,None,203830000,203830000,,,,,,None,20307000,,,,,0.214,0.25,93326000,113633000,3.15,2017-03-31,48.08,,2572125000.0,258191000,84737000,15679000,,,None,8589000,None,,None,,,,,69019000,69058000,None,None,0.321,,165948000,92243000,,,,,1083000,,,,,4.064,35.2,13.22,,,,,,,,0.246,,,2025-11-03,quarterly,3.4,USD,pre-market,25790000,,0.241,0.646,0.133,51.5,52914000,,,,576.01,691.29,7.9365,,,,,,,462021000,,54.64,,769.98,356.14
2025-12-28,IDXX,12.6,4167411000.0,54.64,,1.668,19.52,,,,,,,,,,,,,,,None,202370000,202370000,,,,,,None,20241000,,,,,0.214,0.25,84882000,105123000,3.15,2016-12-31,48.08,,2572125000.0,240626000,77127000,24756000,,,None,7755000,None,,None,,,,,52369000,52371000,None,None,0.321,,156801000,83825000,,,,,1057000,,,,,4.064,35.2,13.22,,,,,,,,0.246,,,2025-11-03,quarterly,3.4,USD,pre-market,25418000,,0.241,0.646,0.133,51.5,50778000,,,,576.01,691.29,7.9365,,,,,,,442996000,,54.64,,769.98,356.14
2025-12-28,IDXX,12.6,4167411000.0,54.64,,1.668,19.52,,,,,,,,,,,,,,,None,201578000,201578000,,,,,,None,19767000,,,,,0.214,0.25,89310000,109077000,3.15,2016-09-30,48.08,,2572125000.0,246730000,81524000,25072000,,,None,7786000,None,,None,,,,,56455000,56452000,None,None,0.321,,158271000,88459000,,,,,851000,,,,,4.064,35.2,13.22,,,,,,,,0.246,,,2025-11-03,quarterly,3.4,USD,pre-market,25672000,,0.241,0.646,0.133,51.5,52627000,,,,576.01,691.29,7.9365,,,,,,,448308000,,54.64,,769.98,356.14
2025-12-28,IDXX,12.6,4167411000.0,54.64,,1.668,19.52,,,,,,,,,,,,,,,None,206026000,206026000,,,,,,None,19664000,,,,,0.214,0.25,105090000,124754000,3.15,2016-06-30,48.08,,2572125000.0,260543000,96886000,29680000,,,None,8204000,None,,None,,,,,67202000,67206000,None,None,0.321,,156381000,104162000,,,,,928000,,,,,4.064,35.2,13.22,,,,,,,,0.246,,,2025-11-03,quarterly,3.4,USD,pre-market,25412000,,0.241,0.646,0.133,51.5,54317000,,,,576.01,691.29,7.9365,,,,,,,466569000,,54.64,,769.98,356.14
2025-12-28,IDXX,12.6,4167411000.0,54.64,,1.668,19.52,,,,,,,,,,,,,,,None,190013000,190013000,,,,,,None,18546000,,,,,0.214,0.25,74613000,93159000,3.15,2016-03-31,48.08,,2572125000.0,227537000,66309000,20284000,,,None,8304000,None,,None,,,,,46019000,46025000,None,None,0.321,,153744000,73793000,,,,,820000,,,,,4.064,35.2,13.22,,,,,,,,0.246,,,2025-11-03,quarterly,3.4,USD,pre-market,24620000,,0.241,0.646,0.133,51.5,49295000,,,,576.01,691.29,7.9365,,,,,,,417550000,,54.64,,769.98,356.14
2025-12-28,IDXX,12.6,4167411000.0,54.64,,1.668,19.52,,,,,,,,,,,,,,,None,181990000,181990000,,,,,,None,17729000,,,,,0.214,0.25,67711000,85440000,3.15,2015-12-31,48.08,,2572125000.0,217695000,59785000,15395000,,,None,7126000,None,,None,,,,,44349000,44390000,None,None,0.321,,150784000,66911000,,,,,800000,,,,,4.064,35.2,13.22,,,,,,,,0.246,,,2025-11-03,quarterly,3.4,USD,pre-market,25496000,,0.241,0.646,0.133,51.5,48793000,,,,576.01,691.29,7.9365,,,,,,,399685000,,54.64,,769.98,356.14
2025-12-28,IDXX,12.6,4167411000.0,54.64,,1.668,19.52,,,,,,,,,,,,,,,None,182113000,182113000,,,,,,None,18283000,,,,,0.214,0.25,72579000,90862000,3.15,2015-09-30,48.08,,2572125000.0,224274000,64829000,20600000,,,None,7750000,None,,None,,,,,44223000,44229000,None,None,0.321,,144167000,71895000,,,,,684000,,,,,4.064,35.2,13.22,,,,,,,,0.246,,,2025-11-03,quarterly,3.4,USD,pre-market,24862000,,0.241,0.646,0.133,51.5,46198000,,,,576.01,691.29,7.9365,,,,,,,406387000,,54.64,,769.98,356.14
2025-12-28,IDXX,12.6,4167411000.0,54.64,,1.668,19.52,,,,,,,,,,,,,,,None,180586000,180586000,,,,,,None,16790000,,,,,0.214,0.25,88862000,105652000,3.15,2015-06-30,48.08,,2572125000.0,232757000,81603000,24665000,,,None,7259000,None,,None,,,,,56912000,56938000,None,None,0.321,,144454000,88303000,,,,,559000,,,,,4.064,35.2,13.22,,,,,,,,0.246,,,2025-11-03,quarterly,3.4,USD,pre-market,24317000,,0.241,0.646,0.133,51.5,44920000,,,,576.01,691.29,7.9365,,,,,,,413343000,,54.64,,769.98,356.14
2025-12-28,IDXX,12.6,4167411000.0,54.64,,1.668,19.52,,,,,,,,,,,,,,,None,166933000,166933000,,,,,,None,16154000,,,,,0.214,0.25,73228000,89382000,3.15,2015-03-31,48.08,,2572125000.0,215544000,66924000,20346000,,,None,5879000,None,,None,,,,,46594000,46578000,None,None,0.321,,142741000,72803000,,,,,425000,,,,,4.064,35.2,13.22,,,,,,,,0.246,,,2025-11-03,quarterly,3.4,USD,pre-market,25006000,,0.241,0.646,0.133,51.5,42599000,,,,576.01,691.29,7.9365,,,,,,,382477000,,54.64,,769.98,356.14
2025-12-28,IDXX,12.6,4167411000.0,54.64,,1.668,19.52,,,,,,,,,,,,,,,None,169794000,169794000,,,,,,None,15278000,,,,,0.214,0.25,35258000,50536000,3.15,2014-12-31,48.08,,2572125000.0,182165000,29862000,3911000,,,None,4939000,None,,None,,,,,25961000,25951000,None,None,0.321,,147364000,34801000,,,,,457000,,,,,4.064,35.2,13.22,,,,,,,,0.246,,,2025-11-03,quarterly,3.4,USD,pre-market,24869000,,0.241,0.646,0.133,51.5,45257000,,,,576.01,691.29,7.9365,,,,,,,351959000,,54.64,,769.98,356.14
2025-12-28,IDXX,12.6,4167411000.0,54.64,,1.668,19.52,,,,,,,,,,,,,,,None,170187000,170187000,,,,,,None,15521000,,,,,0.214,0.25,72502000,88023000,3.15,2014-09-30,48.08,,2572125000.0,213336000,68208000,16045000,,,None,4294000,None,,None,,,,,52142000,52163000,None,None,0.321,,141147000,72189000,,,,,313000,,,,,4.064,35.2,13.22,,,,,,,,0.246,,,2025-11-03,quarterly,3.4,USD,pre-market,24847000,,0.241,0.646,0.133,51.5,45698000,,,,576.01,691.29,7.9365,,,,,,,383523000,,54.64,,769.98,356.14
2025-12-28,IDXX,12.6,4167411000.0,54.64,,1.668,19.52,,,,,,,,,,,,,,,None,171604000,171604000,,,,,,None,14695000,,,,,0.214,0.25,83707000,98402000,3.15,2014-06-30,48.08,,2572125000.0,218518000,80742000,23498000,,,None,2965000,None,,None,,,,,57218000,57244000,None,None,0.321,,135299000,83219000,,,,,488000,,,,,4.064,35.2,13.22,,,,,,,,0.246,,,2025-11-03,quarterly,3.4,USD,pre-market,25433000,,0.241,0.646,0.133,51.5,41846000,,,,576.01,691.29,7.9365,,,,,,,390122000,,54.64,,769.98,356.14
2025-12-28,IDXX,12.6,4167411000.0,54.64,,1.668,19.52,,,,,,,,,,,,,,,None,158106000,158106000,,,,,,None,13394000,,,,,0.214,0.25,70517000,83911000,3.15,2014-03-31,48.08,,2572125000.0,202097000,67743000,21150000,,,None,2774000,None,,None,,,,,46585000,46593000,None,None,0.321,,132051000,70046000,,,,,471000,,,,,4.064,35.2,13.22,,,,,,,,0.246,,,2025-11-03,quarterly,3.4,USD,pre-market,23114000,,0.241,0.646,0.133,51.5,41089000,,,,576.01,691.29,7.9365,,,,,,,360203000,,54.64,,769.98,356.14
2025-12-28,IDXX,12.6,4167411000.0,54.64,,1.668,19.52,,,,,,,,,,,,,,,None,165408000,165408000,,,,,,None,13466000,,,,,0.214,0.25,61868000,75334000,3.15,2013-12-31,48.08,,2572125000.0,188665000,59959000,16722000,,,None,1369000,None,,None,,,,,43258000,43236000,None,None,0.321,,127337000,61328000,,,,,541000,,,,,4.064,35.2,13.22,,,,,,,,0.246,,,2025-11-03,quarterly,3.4,USD,pre-market,22496000,,0.241,0.646,0.133,51.5,38147000,,,,576.01,691.29,7.9365,,,,,,,354073000,,54.64,,769.98,356.14
2025-12-28,IDXX,12.6,4167411000.0,54.64,,1.668,19.52,,,,,,,,,,,,,,,None,152514000,152514000,,,,,,None,13773000,,,,,0.214,0.25,65941000,79714000,3.15,2013-09-30,48.08,,2572125000.0,185783000,64478000,18786000,,,None,1463000,None,,None,,,,,45688000,45692000,None,None,0.321,,120298000,65485000,,,,,456000,,,,,4.064,35.2,13.22,,,,,,,,0.246,,,2025-11-03,quarterly,3.4,USD,pre-market,21568000,,0.241,0.646,0.133,51.5,38651000,,,,576.01,691.29,7.9365,,,,,,,338297000,,54.64,,769.98,356.14
2025-12-28,IDXX,12.6,4167411000.0,54.64,,1.668,19.52,,,,,,,,,,,,,,,None,154885000,154885000,,,,,,None,13844000,,,,,0.214,0.25,79207000,93051000,3.15,2013-06-30,48.08,,2572125000.0,197698000,78028000,24029000,,,None,735000,None,,None,,,,,53995000,53999000,None,None,0.321,,118935000,78763000,,,,,444000,,,,,4.064,35.2,13.22,,,,,,,,0.246,,,2025-11-03,quarterly,3.4,USD,pre-market,22181000,,0.241,0.646,0.133,51.5,38858000,,,,576.01,691.29,7.9365,,,,,,,352583000,,54.64,,769.98,356.14
2025-12-28,IDXX,12.6,4167411000.0,54.64,,1.668,19.52,,,,,,,,,,,,,,,None,148132000,148132000,,,,,,None,13513000,,,,,0.214,0.25,61632000,75145000,3.15,2013-03-31,48.08,,2572125000.0,183974000,60797000,15930000,,,None,835000,None,,None,,,,,44860000,44867000,None,None,0.321,,122786000,61188000,,,,,444000,,,,,4.064,35.2,13.22,,,,,,,,0.246,,,2025-11-03,quarterly,3.4,USD,pre-market,21758000,,0.241,0.646,0.133,51.5,41631000,,,,576.01,691.29,7.9365,,,,,,,332106000,,54.64,,769.98,356.14
2025-12-28,IDXX,12.6,4167411000.0,54.64,,1.668,19.52,,,,,,,,,,,,,,,None,150488000,150488000,,,,,,None,13918000,,,,,0.214,0.25,63940000,77858000,3.15,2012-12-31,48.08,,2572125000.0,169050000,63084000,19724000,,,None,343000,None,,None,,,,,43354000,43360000,None,None,0.321,,105623000,63427000,,,,,949000,,,,,4.064,35.2,13.22,,,,,,,,0.246,,,2025-11-03,quarterly,3.4,USD,pre-market,21050000,,0.241,0.646,0.133,51.5,31849000,,,,576.01,691.29,7.9365,,,,,,,319538000,,54.64,,769.98,356.14
2025-12-28,IDXX,12.6,4167411000.0,54.64,,1.668,19.52,,,,,,,,,,,,,,,None,144840000,144840000,,,,,,None,12799000,,,,,0.214,0.25,63385000,76184000,3.15,2012-09-30,48.08,,2572125000.0,170635000,62512000,19639000,,,None,873000,None,,None,,,,,42853000,42873000,None,None,0.321,,107723000,62912000,,,,,473000,,,,,4.064,35.2,13.22,,,,,,,,0.246,,,2025-11-03,quarterly,3.4,USD,pre-market,20349000,,0.241,0.646,0.133,51.5,35307000,,,,576.01,691.29,7.9365,,,,,,,315475000,,54.64,,769.98,356.14
2025-12-28,IDXX,12.6,4167411000.0,54.64,,1.668,19.52,,,,,,,,,,,,,,,None,150960000,150960000,,,,,,None,12986000,,,,,0.214,0.25,76297000,89283000,3.15,2012-06-30,48.08,,2572125000.0,184689000,75371000,24051000,,,None,446000,None,,None,,,,,51317000,51320000,None,None,0.321,,108872000,75817000,,,,,480000,,,,,4.064,35.2,13.22,,,,,,,,0.246,,,2025-11-03,quarterly,3.4,USD,pre-market,20058000,,0.241,0.646,0.133,51.5,34275000,,,,576.01,691.29,7.9365,,,,,,,335649000,,54.64,,769.98,356.14
2025-12-28,IDXX,12.6,4167411000.0,54.64,,1.668,19.52,,,,,,,,,,,,,,,None,147902000,147902000,,,,,,None,12705000,,,,,0.214,0.25,60843000,73548000,3.15,2012-03-31,48.08,,2572125000.0,174774000,59650000,18916000,,,None,757000,None,,None,,,,,40743000,40734000,None,None,0.321,,114367000,60407000,,,,,None,,,,,4.064,35.2,13.22,,,,,,,,0.246,,,2025-11-03,quarterly,3.4,USD,pre-market,20557000,,0.241,0.646,0.133,51.5,36178000,,,,576.01,691.29,7.9365,,,,,,,322676000,,54.64,,769.98,356.14
2025-12-28,IDXX,12.6,4167411000.0,54.64,,1.668,19.52,,,,,,,,,,,,,,,None,148320000,148320000,,,,,,None,12814000,,,,,0.214,0.25,55805000,68619000,3.15,2011-12-31,48.08,,2572125000.0,158881000,54696000,16698000,,,None,1109000,None,,None,,,,,38010000,183334000,None,None,0.321,,103582000,55299000,,,,,None,,,,,4.064,35.2,13.22,,,,,,,,0.246,,,2025-11-03,quarterly,3.4,USD,pre-market,20203000,,0.241,0.646,0.133,51.5,31170000,,,,576.01,691.29,7.9365,,,,,,,307201000,,54.64,,769.98,356.14
2025-12-28,IDXX,12.6,4167411000.0,54.64,,1.668,19.52,,,,,,,,,,,,,,,None,142287000,142287000,,,,,,None,12045000,,,,,0.214,0.25,56546000,68591000,3.15,2011-09-30,48.08,,2572125000.0,158667000,55618000,17122000,,,None,928000,None,,None,,,,,38507000,38496000,None,None,0.321,,102571000,56096000,,,,,None,,,,,4.064,35.2,13.22,,,,,,,,0.246,,,2025-11-03,quarterly,3.4,USD,pre-market,19406000,,0.241,0.646,0.133,51.5,32483000,,,,576.01,691.29,7.9365,,,,,,,300954000,,54.64,,769.98,356.14
2025-12-28,IDXX,12.6,4167411000.0,54.64,,1.668,19.52,,,,,,,,,,,,,,,None,143829000,143829000,,,,,,None,11879000,,,,,0.214,0.25,71717000,83596000,3.15,2011-06-30,48.08,,2572125000.0,174033000,70935000,22281000,,,None,782000,None,,None,,,,,48657000,48654000,None,None,0.321,,102735000,71298000,,,,,None,,,,,4.064,35.2,13.22,,,,,,,,0.246,,,2025-11-03,quarterly,3.4,USD,pre-market,18621000,,0.241,0.646,0.133,51.5,33140000,,,,576.01,691.29,7.9365,,,,,,,317862000,,54.64,,769.98,356.14
2025-12-28,IDXX,12.6,4167411000.0,54.64,,1.668,19.52,,,,,,,,,,,,,,,None,137747000,137747000,,,,,,None,11464000,,,,,0.214,0.25,53901000,65365000,3.15,2011-03-31,48.08,,2572125000.0,154925000,53173000,16567000,,,None,728000,None,,None,,,,,36612000,36606000,None,None,0.321,,101393000,53532000,,,,,None,,,,,4.064,35.2,13.22,,,,,,,,0.246,,,2025-11-03,quarterly,3.4,USD,pre-market,17812000,,0.241,0.646,0.133,51.5,32596000,,,,576.01,691.29,7.9365,,,,,,,292672000,,54.64,,769.98,356.14
2025-12-28,IDXX,12.6,4167411000.0,54.64,,1.668,19.52,,,,,,,,,,,,,,,None,138986000,138986000,,,,,,None,11839000,,,,,0.214,0.25,51140000,62979000,3.15,2010-12-31,48.08,,2572125000.0,144771000,50466000,14086000,,,None,674000,None,,None,,,,,36371000,0,None,None,0.321,,93967000,50804000,,,,,None,,,,,4.064,35.2,13.22,,,,,,,,0.246,,,2025-11-03,quarterly,3.4,USD,pre-market,17479000,,0.241,0.646,0.133,51.5,29931000,,,,576.01,691.29,7.9365,,,,,,,283757000,,54.64,,769.98,356.14
2025-12-28,IDXX,12.6,4167411000.0,54.64,,1.668,19.52,,,,,,,,,,,,,,,None,127421000,127421000,,,,,,None,11485000,,,,,0.214,0.25,49950000,61435000,3.15,2010-09-30,48.08,,2572125000.0,142207000,49263000,14548000,,,None,687000,None,,None,,,,,34694000,34715000,None,None,0.321,,92393000,49814000,,,,,None,,,,,4.064,35.2,13.22,,,,,,,,0.246,,,2025-11-03,quarterly,3.4,USD,pre-market,17203000,,0.241,0.646,0.133,51.5,30704000,,,,576.01,691.29,7.9365,,,,,,,269628000,,54.64,,769.98,356.14
2025-12-28,IDXX,12.6,4167411000.0,54.64,,1.668,19.52,,,,,,,,,,,,,,,None,132198000,132198000,,,,,,None,11386000,,,,,0.214,0.25,54973000,66359000,3.15,2010-06-30,48.08,,2572125000.0,149284000,54284000,17087000,,,None,689000,None,,None,,,,,37193000,37197000,None,None,0.321,,94449000,54835000,,,,,None,,,,,4.064,35.2,13.22,,,,,,,,0.246,,,2025-11-03,quarterly,3.4,USD,pre-market,17206000,,0.241,0.646,0.133,51.5,33076000,,,,576.01,691.29,7.9365,,,,,,,281482000,,54.64,,769.98,356.14
2025-12-28,IDXX,12.6,4167411000.0,54.64,,1.668,19.52,,,,,,,,,,,,,,,None,126164000,126164000,,,,,,None,11246000,,,,,0.214,0.25,48481000,59727000,3.15,2010-03-31,48.08,,2572125000.0,142361000,48116000,15088000,,,None,365000,None,,None,,,,,33026000,0,None,None,0.321,,93933000,48428000,,,,,None,,,,,4.064,35.2,13.22,,,,,,,,0.246,,,2025-11-03,quarterly,3.4,USD,pre-market,16709000,,0.241,0.646,0.133,51.5,32808000,,,,576.01,691.29,7.9365,,,,,,,268525000,,54.64,,769.98,356.14
2025-12-28,IDXX,12.6,4167411000.0,54.64,,1.668,19.52,,,,,,,,,,,,,,,None,137404000,137404000,,,,,,None,12555000,,,,,0.214,0.25,44285000,56840000,3.15,2009-12-31,48.08,,2572125000.0,132931000,43904000,12943000,,,None,381000,None,,None,,,,,30951000,0,None,None,0.321,,88784000,44147000,,,,,None,,,,,4.064,35.2,13.22,,,,,,,,0.246,,,2025-11-03,quarterly,3.4,USD,pre-market,16008000,,0.241,0.646,0.133,51.5,29393000,,,,576.01,691.29,7.9365,,,,,,,270335000,,54.64,,769.98,356.14
2025-12-28,IDXX,12.6,4167411000.0,54.64,,1.668,19.52,,,,,,,,,,,,,,,None,128643000,128643000,,,,,,None,12506000,,,,,0.214,0.25,44253000,56759000,3.15,2009-09-30,48.08,,2572125000.0,130477000,43817000,12281000,,,None,436000,None,,None,,,,,31536000,0,None,None,0.321,,86272000,44205000,,,,,None,,,,,4.064,35.2,13.22,,,,,,,,0.246,,,2025-11-03,quarterly,3.4,USD,pre-market,16583000,,0.241,0.646,0.133,51.5,28185000,,,,576.01,691.29,7.9365,,,,,,,259120000,,54.64,,769.98,356.14
2025-12-28,IDXX,12.6,4167411000.0,54.64,,1.668,19.52,,,,,,,,,,,,,,,None,127283000,127283000,,,,,,None,11665000,,,,,0.214,0.25,49723000,61388000,3.15,2009-06-30,48.08,,2572125000.0,138440000,48773000,15106000,,,None,403000,None,,None,,,,,33667000,0,None,None,0.321,,89264000,49176000,,,,,None,,,,,4.064,35.2,13.22,,,,,,,,0.246,,,2025-11-03,quarterly,3.4,USD,pre-market,16594000,,0.241,0.646,0.133,51.5,30794000,,,,576.01,691.29,7.9365,,,,,,,265723000,,54.64,,769.98,356.14
2025-12-28,IDXX,12.6,4167411000.0,54.64,,1.668,19.52,,,,,,,,,,,,,,,None,112022000,112022000,,,,,,None,13047000,,,,,0.214,0.25,38194000,51241000,3.15,2009-03-31,48.08,,2572125000.0,124433000,38045000,11974000,,,None,640000,None,,None,,,,,26071000,0,None,None,0.321,,85992000,38441000,,,,,None,,,,,4.064,35.2,13.22,,,,,,,,0.246,,,2025-11-03,quarterly,3.4,USD,pre-market,15939000,,0.241,0.646,0.133,51.5,29068000,,,,576.01,691.29,7.9365,,,,,,,236455000,,54.64,,769.98,356.14
2025-12-28,IDXX,12.6,4167411000.0,54.64,,1.668,19.52,,,,,,,,,,,,,,,None,122772000,122772000,,,,,,None,12649000,,,,,0.214,0.25,38169000,50818000,3.15,2008-12-31,48.08,,2572125000.0,120521000,35268000,11713000,,,None,2269000,None,,None,,,,,23555000,0,None,None,0.321,,84672000,35849000,,,,,None,,,,,4.064,35.2,13.22,,,,,,,,0.246,,,2025-11-03,quarterly,3.4,USD,pre-market,17184000,,0.241,0.646,0.133,51.5,67488000,,,,576.01,691.29,7.9365,,,,,,,243293000,,54.64,,769.98,356.14
2025-12-28,IDXX,12.6,4167411000.0,54.64,,1.668,19.52,,,,,,,,,,,,,,,None,122944000,122944000,,,,,,None,12190000,,,,,0.214,0.25,26807000,38997000,3.15,2008-09-30,48.08,,2572125000.0,128149000,38437000,12738000,,,None,1242000,None,,None,,,,,25699000,0,None,None,0.321,,89152000,38997000,,,,,None,,,,,4.064,35.2,13.22,,,,,,,,0.246,,,2025-11-03,quarterly,3.4,USD,pre-market,17920000,,0.241,0.646,0.133,51.5,71232000,,,,576.01,691.29,7.9365,,,,,,,251093000,,54.64,,769.98,356.14
2025-12-28,IDXX,12.6,4167411000.0,54.64,,1.668,19.52,,,,,,,,,,,,,,,None,129310000,129310000,,,,,,None,12585000,,,,,0.214,0.25,58977000,71562000,3.15,2008-06-30,48.08,,2572125000.0,151260000,58248000,18884000,,,None,1213000,None,,None,,,,,39364000,0,None,None,0.321,,92369000,58891000,,,,,None,,,,,4.064,35.2,13.22,,,,,,,,0.246,,,2025-11-03,quarterly,3.4,USD,pre-market,18274000,,0.241,0.646,0.133,51.5,74095000,,,,576.01,691.29,7.9365,,,,,,,280570000,,54.64,,769.98,356.14
2025-12-28,IDXX,12.6,4167411000.0,54.64,,1.668,19.52,,,,,,,,,,,,,,,None,119238000,119238000,,,,,,None,11395000,,,,,0.214,0.25,27324000,38719000,3.15,2008-03-31,48.08,,2572125000.0,129836000,38234000,10683000,,,None,1031000,None,,None,,,,,27551000,0,None,None,0.321,,91117000,38719000,,,,,None,,,,,4.064,35.2,13.22,,,,,,,,0.246,,,2025-11-03,quarterly,3.4,USD,pre-market,17295000,,0.241,0.646,0.133,51.5,73822000,,,,576.01,691.29,7.9365,,,,,,,249074000,,54.64,,769.98,356.14
2025-12-28,IDXX,12.6,4167411000.0,54.64,,1.668,19.52,,,,,,,,,,,,,,,None,122725000,122725000,,,,,,None,11562000,,,,,0.214,0.25,36742000,48304000,3.15,2007-12-31,48.08,,2572125000.0,122244000,36723000,11195000,,,None,1340000,None,,None,,,,,25528000,0,None,None,0.321,,85502000,36742000,,,,,None,,,,,4.064,35.2,13.22,,,,,,,,0.246,,,2025-11-03,quarterly,3.4,USD,pre-market,16769000,,0.241,0.646,0.133,51.5,68733000,,,,576.01,691.29,7.9365,,,,,,,244969000,,54.64,,769.98,356.14
2025-12-28,IDXX,12.6,4167411000.0,54.64,,1.668,19.52,,,,,,,,,,,,,,,None,110907000,110907000,,,,,,None,10267000,,,,,0.214,0.25,25830000,36097000,3.15,2007-09-30,48.08,,2572125000.0,118478000,35582000,9787000,,,None,1202000,None,,None,,,,,25795000,0,None,None,0.321,,82381000,36097000,,,,,None,,,,,4.064,35.2,13.22,,,,,,,,0.246,,,2025-11-03,quarterly,3.4,USD,pre-market,17281000,,0.241,0.646,0.133,51.5,65100000,,,,576.01,691.29,7.9365,,,,,,,229385000,,54.64,,769.98,356.14
2025-12-28,IDXX,12.6,4167411000.0,54.64,,1.668,19.52,,,,,,,,,,,,,,,None,122825000,122825000,,,,,,None,10224000,,,,,0.214,0.25,22243000,32467000,3.15,2007-06-30,48.08,,2572125000.0,114221000,31633000,9969000,,,None,1454000,None,,None,,,,,21664000,0,None,None,0.321,,81754000,32467000,,,,,None,,,,,4.064,35.2,13.22,,,,,,,,0.246,,,2025-11-03,quarterly,3.4,USD,pre-market,17317000,,0.241,0.646,0.133,51.5,64437000,,,,576.01,691.29,7.9365,,,,,,,237046000,,54.64,,769.98,356.14
2025-12-28,IDXX,12.6,4167411000.0,54.64,,1.668,19.52,,,,,,,,,,,,,,,None,102576000,102576000,,,,,,None,9047000,,,,,0.214,0.25,21830000,30877000,3.15,2007-03-31,48.08,,2572125000.0,108579000,30905000,9878000,,,None,634000,None,,None,,,,,21027000,0,None,None,0.321,,77702000,30877000,,,,,None,,,,,4.064,35.2,13.22,,,,,,,,0.246,,,2025-11-03,quarterly,3.4,USD,pre-market,15971000,,0.241,0.646,0.133,51.5,61731000,,,,576.01,691.29,7.9365,,,,,,,211155000,,54.64,,769.98,356.14
2025-12-28,IDXX,12.6,4167411000.0,54.64,,1.668,19.52,,,,,,,,,,,,,,,None,95940000,95940000,,,,,,None,8079000,,,,,0.214,0.25,29470000,37549000,3.15,2006-12-31,48.08,,2572125000.0,96269000,30315000,5643000,,,None,462000,None,,None,,,,,24672000,0,None,None,0.321,,66799000,29470000,,,,,None,,,,,4.064,35.2,13.22,,,,,,,,0.246,,,2025-11-03,quarterly,3.4,USD,pre-market,13951000,,0.241,0.646,0.133,51.5,52848000,,,,576.01,691.29,7.9365,,,,,,,192209000,,54.64,,769.98,356.14
2025-12-28,IDXX,12.6,4167411000.0,54.64,,1.668,19.52,,,,,,,,,,,,,,,None,89181000,89181000,,,,,,None,7528000,,,,,0.214,0.25,26934000,34462000,3.15,2006-09-30,48.08,,2572125000.0,98199000,35071000,10118000,,,None,159000,None,,None,,,,,24953000,0,None,None,0.321,,63737000,34462000,,,,,None,,,,,4.064,35.2,13.22,,,,,,,,0.246,,,2025-11-03,quarterly,3.4,USD,pre-market,13696000,,0.241,0.646,0.133,51.5,50041000,,,,576.01,691.29,7.9365,,,,,,,187380000,,54.64,,769.98,356.14
2025-12-28,IDXX,12.6,4167411000.0,54.64,,1.668,19.52,,,,,,,,,,,,,,,None,92328000,92328000,,,,,,None,7551000,,,,,0.214,0.25,29475000,37026000,3.15,2006-06-30,48.08,,2572125000.0,99036000,37620000,11879000,,,None,76000,None,,None,,,,,25780000,0,None,None,0.321,,62010000,37026000,,,,,None,,,,,4.064,35.2,13.22,,,,,,,,0.246,,,2025-11-03,quarterly,3.4,USD,pre-market,13292000,,0.241,0.646,0.133,51.5,48718000,,,,576.01,691.29,7.9365,,,,,,,191364000,,54.64,,769.98,356.14
2025-12-28,IDXX,12.6,4167411000.0,54.64,,1.668,19.52,,,,,,,,,,,,,,,None,82139000,82139000,,,,,,None,6658000,,,,,0.214,0.25,20317000,26975000,3.15,2006-03-31,48.08,,2572125000.0,86025000,27744000,9584000,,,None,113000,None,,None,,,,,18273000,0,None,None,0.321,,59050000,26975000,,,,,None,,,,,4.064,35.2,13.22,,,,,,,,0.246,,,2025-11-03,quarterly,3.4,USD,pre-market,12678000,,0.241,0.646,0.133,51.5,46372000,,,,576.01,691.29,7.9365,,,,,,,168164000,,54.64,,769.98,356.14
2025-12-28,IDXX,12.6,4167411000.0,54.64,,1.668,19.52,,,,,,,,,,,,,,,None,82054000,82054000,,,,,,None,6278000,,,,,0.214,0.25,30184000,36462000,3.15,2005-12-31,48.08,,2572125000.0,84916000,31033000,11137000,,,None,0,None,,None,,,,,20027000,0,None,None,0.321,,54732000,30184000,,,,,None,,,,,4.064,35.2,13.22,,,,,,,,0.246,,,2025-11-03,quarterly,3.4,USD,pre-market,10636000,,0.241,0.646,0.133,51.5,44096000,,,,576.01,691.29,7.9365,,,,,,,166970000,,54.64,,769.98,356.14
2025-12-28,IDXX,12.6,4167411000.0,54.64,,1.668,19.52,,,,,,,,,,,,,,,None,76740000,76740000,,,,,,None,6138000,,,,,0.214,0.25,23985000,30123000,3.15,2005-09-30,48.08,,2572125000.0,81329000,31041000,10547000,,,None,0,None,,None,,,,,20604000,0,None,None,0.321,,51206000,30123000,,,,,None,,,,,4.064,35.2,13.22,,,,,,,,0.246,,,2025-11-03,quarterly,3.4,USD,pre-market,10543000,,0.241,0.646,0.133,51.5,40663000,,,,576.01,691.29,7.9365,,,,,,,158069000,,54.64,,769.98,356.14
2025-12-28,IDXX,12.6,4167411000.0,54.64,,1.668,19.52,,,,,,,,,,,,,,,None,1518577000,1518577000,,,,,,None,129936000,,,,,0.214,0.25,1145904000,1275840000,3.15,2024-12-31,48.08,,2572125000.0,2378927000,1109831000,221964000,,,None,31205000,12699000,,None,,,,,887867000,887867000,-18506000,None,0.321,,1250590000,1128337000,,,,,None,,,,,4.064,35.2,13.22,,,,,,,,0.246,,,2025-11-03,annual,3.4,USD,pre-market,219792000,,0.241,0.646,0.133,51.5,442291000,,,,576.01,691.29,7.9365,,,,,,,3897504000,,54.64,,769.98,356.14
2025-12-28,IDXX,12.6,4167411000.0,54.64,,1.668,19.52,,,,,,,,,,,,,,,None,1470983000,1470983000,,,,,,None,114908000,,,,,0.214,0.25,1097128000,1097128000,3.15,2023-12-31,48.08,,2572125000.0,2189970000,1061176000,216134000,,,None,35952000,2233000,,None,,,,,845042000,822728000,-43630000,None,0.321,,1092842000,1097128000,,,,,None,,,,,4.064,35.2,13.22,,,,,,,,0.246,,,2025-11-03,annual,3.4,USD,pre-market,190951000,,0.241,0.646,0.133,51.5,335825000,,,,576.01,691.29,7.9365,,,,,,,3660953000,,54.64,,769.98,356.14
2025-12-28,IDXX,12.6,4167411000.0,54.64,,1.668,19.52,,,,,,,,,,,,,,,None,1362986000,1362986000,,,,,,None,111900000,,,,,0.214,0.25,898765000,1010665000,3.15,2022-12-31,48.08,,2572125000.0,2004338000,859972000,180883000,,,None,38793000,1065000,,None,,,,,679089000,679089000,-38793000,None,0.321,,1105573000,898765000,,,,,1065000,,,,,4.064,35.2,13.22,,,,,,,,0.246,,,2025-11-03,annual,3.4,USD,pre-market,254820000,,0.241,0.646,0.133,51.5,326248000,,,,576.01,691.29,7.9365,,,,,,,3367324000,,54.64,,769.98,356.14
2025-12-28,IDXX,12.6,4167411000.0,54.64,,1.668,19.52,,,,,,,,,,,,,,,None,1325928000,1325928000,,,,,,None,104596000,,,,,0.214,0.25,932028000,1036624000,3.15,2021-12-31,48.08,,2572125000.0,1889432000,902654000,157810000,,,None,29374000,434000,,None,,,,,744845000,744844000,-29374000,None,0.321,,957404000,932028000,,,,,434000,,,,,4.064,35.2,13.22,,,,,,,,0.246,,,2025-11-03,annual,3.4,USD,pre-market,161009000,,0.241,0.646,0.133,51.5,309660000,,,,576.01,691.29,7.9365,,,,,,,3215360000,,54.64,,769.98,356.14
2025-12-28,IDXX,12.6,4167411000.0,54.64,,1.668,19.52,,,,,,,,,,,,,,,None,1135615000,1135615000,,,,,,None,95998000,,,,,0.214,0.25,694524000,790522000,3.15,2020-12-31,48.08,,2572125000.0,1571040000,661985000,79854000,,,None,32539000,586000,,None,,,,,581776000,582131000,-32539000,None,0.321,,876516000,694524000,,,,,586000,,,,,4.064,35.2,13.22,,,,,,,,0.246,,,2025-11-03,annual,3.4,USD,pre-market,141249000,,0.241,0.646,0.133,51.5,300832000,,,,576.01,691.29,7.9365,,,,,,,2706655000,,54.64,,769.98,356.14
2025-12-28,IDXX,12.6,4167411000.0,54.64,,1.668,19.52,,,,,,,,,,,,,,,None,1041359000,1041359000,,,,,,None,88011000,,,,,0.214,0.25,552846000,640857000,3.15,2019-12-31,48.08,,2572125000.0,1365549000,522218000,94426000,,,None,30628000,427000,,None,,,,,427720000,427792000,-30628000,None,0.321,,812703000,552846000,,,,,427000,,,,,4.064,35.2,13.22,,,,,,,,0.246,,,2025-11-03,annual,3.4,USD,pre-market,133193000,,0.241,0.646,0.133,51.5,261317000,,,,576.01,691.29,7.9365,,,,,,,2406908000,,54.64,,769.98,356.14
2025-12-28,IDXX,12.6,4167411000.0,54.64,,1.668,19.52,,,,,,,,,,,,,,,None,971700000,971700000,,,,,,None,83178000,,,,,0.214,0.25,491335000,574513000,3.15,2018-12-31,48.08,,2572125000.0,1241542000,457742000,80695000,,,None,33593000,1151000,,None,,,,,377031000,377047000,-33593000,None,0.321,,750207000,491335000,,,,,1151000,,,,,4.064,35.2,13.22,,,,,,,,0.246,,,2025-11-03,annual,3.4,USD,pre-market,117863000,,0.241,0.646,0.133,51.5,244938000,,,,576.01,691.29,7.9365,,,,,,,2213242000,,54.64,,769.98,356.14
2025-12-28,IDXX,12.6,4167411000.0,54.64,,1.668,19.52,,,,,,,,,,,,,,,None,871676000,871676000,,,,,,None,83140000,,,,,0.214,0.25,413028000,496168000,3.15,2017-12-31,48.08,,2572125000.0,1097382000,381057000,117788000,,,None,31971000,5254000,,None,,,,,263144000,263269000,-31971000,None,0.321,,684354000,413028000,,,,,5254000,,,,,4.064,35.2,13.22,,,,,,,,0.246,,,2025-11-03,annual,3.4,USD,pre-market,109182000,,0.241,0.646,0.133,51.5,220878000,,,,576.01,691.29,7.9365,,,,,,,1969058000,,54.64,,769.98,356.14
2025-12-28,IDXX,12.6,4167411000.0,54.64,,1.668,19.52,,,,,,,,,,,,,,,None,799987000,799987000,,,,,,None,78218000,,,,,0.214,0.25,350239000,428457000,3.15,2016-12-31,48.08,,2572125000.0,975436000,321846000,99792000,,,None,28393000,3656000,,None,,,,,222045000,222054000,-28393000,None,0.321,,625197000,350239000,,,,,3656000,,,,,4.064,35.2,13.22,,,,,,,,0.246,,,2025-11-03,annual,3.4,USD,pre-market,101122000,,0.241,0.646,0.133,51.5,207017000,,,,576.01,691.29,7.9365,,,,,,,1775423000,,54.64,,769.98,356.14
2025-12-28,IDXX,12.6,4167411000.0,54.64,,1.668,19.52,,,,,,,,,,,,,,,None,711622000,711622000,,,,,,None,68956000,,,,,0.214,0.25,301338000,370294000,3.15,2015-12-31,48.08,,2572125000.0,890270000,273141000,81006000,,,None,29239000,26771000,,None,,,,,192078000,192135000,None,None,0.321,,582146000,299912000,,,,,2468000,,,,,4.064,35.2,13.22,,,,,,,,0.246,,,2025-11-03,annual,3.4,USD,pre-market,99681000,,0.241,0.646,0.133,51.5,182510000,,,,576.01,691.29,7.9365,,,,,,,1601892000,,54.64,,769.98,356.14
2025-12-28,IDXX,12.6,4167411000.0,54.64,,1.668,19.52,,,,,,,,,,,,,,,None,669691000,669691000,,,,,,None,58888000,,,,,0.214,0.25,260255000,319143000,3.15,2014-12-31,48.08,,2572125000.0,816116000,246555000,64604000,,,None,13700000,None,,None,,,,,181906000,181951000,None,None,0.321,,555861000,260255000,,,,,1729000,,,,,4.064,35.2,13.22,,,,,,,,0.246,,,2025-11-03,annual,3.4,USD,pre-market,98263000,,0.241,0.646,0.133,51.5,173890000,,,,576.01,691.29,7.9365,,,,,,,1485807000,,54.64,,769.98,356.14
2025-12-28,IDXX,12.6,4167411000.0,54.64,,1.668,19.52,,,,,,,,,,,,,,,None,620940000,620940000,,,,,,None,54596000,,,,,0.214,0.25,266762000,321358000,3.15,2013-12-31,48.08,,2572125000.0,756118000,263261000,75467000,,,None,3501000,None,,None,,,,,187800000,187794000,None,None,0.321,,489356000,266762000,,,,,1885000,,,,,4.064,35.2,13.22,,,,,,,,0.246,,,2025-11-03,annual,3.4,USD,pre-market,88003000,,0.241,0.646,0.133,51.5,157861000,,,,576.01,691.29,7.9365,,,,,,,1377058000,,54.64,,769.98,356.14
2025-12-28,IDXX,12.6,4167411000.0,54.64,,1.668,19.52,,,,,,,,,,,,,,,None,594190000,594190000,,,,,,None,52408000,,,,,0.214,0.25,262563000,314971000,3.15,2012-12-31,48.08,,2572125000.0,699148000,260617000,82330000,,,None,1946000,None,,None,,,,,178267000,178287000,None,None,0.321,,436585000,262563000,,,,,1902000,,,,,4.064,35.2,13.22,,,,,,,,0.246,,,2025-11-03,annual,3.4,USD,pre-market,82014000,,0.241,0.646,0.133,51.5,137609000,,,,576.01,691.29,7.9365,,,,,,,1293338000,,54.64,,769.98,356.14
2025-12-28,IDXX,12.6,4167411000.0,54.64,,1.668,19.52,,,,,,,,,,,,,,,None,572183000,572183000,,,,,,None,48202000,,,,,0.214,0.25,236225000,284427000,3.15,2011-12-31,48.08,,2572125000.0,646506000,234422000,72668000,,,None,1803000,None,,None,,,,,161786000,307090000,None,None,0.321,,410281000,236225000,,,,,None,,,,,4.064,35.2,13.22,,,,,,,,0.246,,,2025-11-03,annual,3.4,USD,pre-market,76042000,,0.241,0.646,0.133,51.5,129389000,,,,576.01,691.29,7.9365,,,,,,,1218689000,,54.64,,769.98,356.14
2025-12-28,IDXX,12.6,4167411000.0,54.64,,1.668,19.52,,,,,,,,,,,,,,,None,524769000,524769000,,,,,,None,45956000,,,,,0.214,0.25,203881000,249837000,3.15,2010-12-31,48.08,,2572125000.0,578623000,202129000,60809000,,,None,1752000,None,,None,,,,,141284000,141320000,None,None,0.321,,374742000,203881000,,,,,None,,,,,4.064,35.2,13.22,,,,,,,,0.246,,,2025-11-03,annual,3.4,USD,pre-market,68597000,,0.241,0.646,0.133,51.5,126519000,,,,576.01,691.29,7.9365,,,,,,,1103392000,,54.64,,769.98,356.14
2025-12-28,IDXX,12.6,4167411000.0,54.64,,1.668,19.52,,,,,,,,,,,,,,,None,505352000,505352000,,,,,,None,49773000,,,,,0.214,0.25,175969000,225742000,3.15,2009-12-31,48.08,,2572125000.0,526281000,174539000,52304000,,,None,1430000,None,,None,,,,,122225000,None,None,None,0.321,,350312000,175969000,,,,,None,,,,,4.064,35.2,13.22,,,,,,,,0.246,,,2025-11-03,annual,3.4,USD,pre-market,65124000,,0.241,0.646,0.133,51.5,117440000,,,,576.01,691.29,7.9365,,,,,,,1031633000,,54.64,,769.98,356.14
2025-12-28,IDXX,12.6,4167411000.0,54.64,,1.668,19.52,,,,,,,,,,,,,,,None,494264000,494264000,,,,,,None,48819000,,,,,0.214,0.25,172456000,221275000,3.15,2008-12-31,48.08,,2572125000.0,529766000,170187000,54018000,,,None,4589000,None,,None,,,,,116169000,None,None,None,0.321,,357310000,172456000,,,,,None,,,,,4.064,35.2,13.22,,,,,,,,0.246,,,2025-11-03,annual,3.4,USD,pre-market,70552000,,0.241,0.646,0.133,51.5,115586000,,,,576.01,691.29,7.9365,,,,,,,1024030000,,54.64,,769.98,356.14
2025-12-28,IDXX,12.6,4167411000.0,54.64,,1.668,19.52,,,,,,,,,,,,,,,None,459033000,459033000,,,,,,None,41100000,,,,,0.214,0.25,136183000,177283000,3.15,2007-12-31,48.08,,2572125000.0,463522000,134843000,40829000,,,None,4179000,None,,None,,,,,94014000,None,None,None,0.321,,327339000,136183000,,,,,None,,,,,4.064,35.2,13.22,,,,,,,,0.246,,,2025-11-03,annual,3.4,USD,pre-market,67338000,,0.241,0.646,0.133,51.5,108119000,,,,576.01,691.29,7.9365,,,,,,,922555000,,54.64,,769.98,356.14
2025-12-28,IDXX,12.6,4167411000.0,54.64,,1.668,19.52,,,,,,,,,,,,,,,None,359588000,359588000,,,,,,None,29816000,,,,,0.214,0.25,127933000,157749000,3.15,2006-12-31,48.08,,2572125000.0,379529000,130750000,37224000,,,None,462000,None,,None,,,,,93678000,None,None,None,0.321,,251596000,127933000,,,,,None,,,,,4.064,35.2,13.22,,,,,,,,0.246,,,2025-11-03,annual,3.4,USD,pre-market,53617000,,0.241,0.646,0.133,51.5,82097000,,,,576.01,691.29,7.9365,,,,,,,739117000,,54.64,,769.98,356.14
2025-12-28,IDXX,12.6,4167411000.0,54.64,,1.668,19.52,,,,,,,,,,,,,,,None,315195000,315195000,,,,,,None,24369000,,,,,0.214,0.25,115331000,139700000,3.15,2005-12-31,48.08,,2572125000.0,322900000,118472000,40670000,,,None,0,None,,None,,,,,78254000,None,None,None,0.321,,207569000,115331000,,,,,None,,,,,4.064,35.2,13.22,,,,,,,,0.246,,,2025-11-03,annual,3.4,USD,pre-market,40948000,,0.241,0.646,0.133,51.5,64631000,,,,576.01,691.29,7.9365,,,,,,,638095000,,54.64,,769.98,356.14
2025-12-28,IDXX,12.6,4167411000.0,54.64,None,1.668,19.52,,133141000,208166000,208166000,,,,,,,,,10830000,80675000,None,315195000,315195000,122265000,None,604997000,714966000,None,None,24369000,,,,,0.214,0.25,115331000,139700000,3.15,2025-09-30,48.08,413651000,2572125000.0,322900000,118472000,40670000,114790000,114790000,None,0,None,391564000,None,None,374825000,None,59065000,78254000,None,None,None,0.321,,207569000,115331000,92349000,462209000,None,None,None,,,,,4.064,35.2,13.22,,,,,,,,0.246,,None,2025-11-03,quarterly,3.4,USD,pre-market,40948000,6143714000,0.241,0.646,0.133,51.5,64631000,1112963000,631644000,None,576.01,691.29,7.9365,3386712000,1407045000,1251811000,1825526000,1979667000,573715000,638095000,1561186000,54.64,None,769.98,356.14
2025-12-28,IDXX,12.6,4167411000.0,54.64,None,1.668,19.52,,133465000,164594000,164594000,,,,,,,,,10804000,80994000,None,315195000,315195000,116585000,None,653994000,663466000,None,None,24369000,,,,,0.214,0.25,115331000,139700000,3.15,2025-06-30,48.08,414488000,2572125000.0,322900000,118472000,40670000,103729000,103729000,None,0,None,392584000,None,None,449812000,None,58302000,78254000,None,None,None,0.321,,207569000,115331000,141713000,315935000,None,None,None,,,,,4.064,35.2,13.22,,,,,,,,0.246,,None,2025-11-03,quarterly,3.4,USD,pre-market,40948000,5869104000,0.241,0.646,0.133,51.5,64631000,1237271000,679822000,None,576.01,691.29,7.9365,3330794000,1362357000,1223880000,1871967000,1968437000,648087000,638095000,1458827000,54.64,None,769.98,356.14
2025-12-28,IDXX,12.6,4167411000.0,54.64,None,1.668,19.52,,119131000,163970000,163970000,,,,,,,,,10792000,81922000,None,315195000,315195000,120096000,None,490429000,604153000,None,None,24369000,,,,,0.214,0.25,115331000,139700000,3.15,2025-03-31,48.08,407486000,2572125000.0,322900000,118472000,40670000,107408000,107408000,None,0,None,395987000,None,None,449799000,None,57999000,78254000,None,None,None,0.321,,207569000,115331000,153503000,366633000,None,None,None,,,,,4.064,35.2,13.22,,,,,,,,0.246,,None,2025-11-03,quarterly,3.4,USD,pre-market,40948000,5575115000,0.241,0.646,0.133,51.5,64631000,1059359000,512556000,None,576.01,691.29,7.9365,3213689000,1317613000,1136213000,1765676000,1896076000,629463000,638095000,1448013000,54.64,None,769.98,356.14
2025-12-28,IDXX,12.6,4167411000.0,54.64,None,1.668,19.52,,119375000,288266000,288266000,,,,,,,,,10784000,83056000,None,315195000,315195000,114211000,None,417787000,473575000,None,None,24369000,,,,,0.214,0.25,115331000,139700000,3.15,2024-12-31,48.08,405100000,2572125000.0,322900000,118472000,40670000,111676000,111676000,None,0,None,381877000,None,None,449786000,None,57718000,78254000,None,None,None,0.321,,207569000,115331000,256179000,689867000,None,None,None,,,,,4.064,35.2,13.22,,,,,,,,0.246,,None,2025-11-03,quarterly,3.4,USD,pre-market,40948000,5332438000,0.241,0.646,0.133,51.5,64631000,167787000,167787000,None,576.01,691.29,7.9365,3293443000,1399897000,1067916000,1698130000,1893546000,11312000,638095000,1595313000,54.64,None,769.98,356.14
2025-12-28,IDXX,12.6,4167411000.0,54.64,None,1.668,19.52,,124382000,308636000,308636000,,,,,,,,,10770000,83056000,None,315195000,315195000,110603000,None,349140000,587071000,None,None,24369000,,,,,0.214,0.25,115331000,139700000,3.15,2024-09-30,48.08,412071000,2572125000.0,322900000,118472000,40670000,106885000,106885000,None,0,None,389804000,None,None,524758000,None,55228000,78254000,None,None,None,0.321,,207569000,115331000,148233000,410012000,None,None,None,,,,,4.064,35.2,13.22,,,,,,,,0.246,,None,2025-11-03,quarterly,3.4,USD,pre-market,40948000,5116289000,0.241,0.646,0.133,51.5,64631000,998280000,370102000,-185873000,576.01,691.29,7.9365,3350766000,1433744000,1009224000,1732712000,1917022000,723488000,638095000,1618054000,54.64,None,769.98,356.14
2025-12-28,IDXX,12.6,4167411000.0,54.64,None,1.668,19.52,,123020000,401590000,401590000,,,,,,,,,10769000,83393000,None,315195000,315195000,117468000,None,420112000,608308000,None,None,24369000,,,,,0.214,0.25,115331000,139700000,3.15,2024-06-30,48.08,408023000,2572125000.0,322900000,118472000,40670000,110810000,110810000,None,0,None,379958000,None,None,524743000,None,53792000,78254000,None,None,None,0.321,,207569000,115331000,138756000,374696000,None,None,None,,,,,4.064,35.2,13.22,,,,,,,,0.246,,None,2025-11-03,quarterly,3.4,USD,pre-market,40948000,4883448000,0.241,0.646,0.133,51.5,64631000,1067875000,440167000,None,576.01,691.29,7.9365,3414867000,1528612000,1116702000,1834614000,1886255000,717912000,638095000,1580253000,54.64,None,769.98,356.14
2025-12-28,IDXX,12.6,4167411000.0,54.64,None,1.668,19.52,,123166000,397433000,397433000,,,,,,,,,10767000,83957000,None,315195000,315195000,117462000,None,324998000,578242000,None,None,24369000,,,,,0.214,0.25,115331000,139700000,3.15,2024-03-31,48.08,408672000,2572125000.0,322900000,118472000,40670000,115352000,115352000,None,0,None,390599000,None,None,620778000,None,54395000,78254000,None,None,None,0.321,,207569000,115331000,135699000,322767000,None,None,None,,,,,4.064,35.2,13.22,,,,,,,,0.246,,None,2025-11-03,quarterly,3.4,USD,pre-market,40948000,4680150000,0.241,0.646,0.133,51.5,64631000,1068942000,344285000,None,576.01,691.29,7.9365,3353515000,1501973000,956902000,1784609000,1851542000,827707000,638095000,1568906000,54.64,None,769.98,356.14
2025-12-28,IDXX,12.6,4167411000.0,54.64,None,1.668,19.52,,119473000,453932000,453932000,,,,,,,,,10751000,83933000,None,315195000,315195000,110643000,None,324997000,529528000,None,None,24369000,,,,,0.214,0.25,115331000,139700000,3.15,2023-12-31,48.08,365961000,2572125000.0,322900000,118472000,40670000,84500000,84500000,None,0,None,380282000,None,None,622883000,None,56193000,78254000,None,None,None,0.321,,207569000,115331000,131512000,372357000,None,None,None,,,,,4.064,35.2,13.22,,,,,,,,0.246,,None,2025-11-03,quarterly,3.4,USD,pre-market,40948000,4444571000,0.241,0.646,0.133,51.5,64631000,1067353000,344799000,None,576.01,691.29,7.9365,3259925000,1495254000,951547000,1775395000,1764671000,823848000,638095000,1484530000,54.64,None,769.98,356.14
2025-12-28,IDXX,12.6,4167411000.0,54.64,None,1.668,19.52,,121362000,331696000,331696000,,,,,,,,,10745000,83993000,None,315195000,315195000,112609000,None,399990000,521865000,None,None,24369000,,,,,0.214,0.25,115331000,139700000,3.15,2023-09-30,48.08,361766000,2572125000.0,322900000,118472000,40670000,87129000,87129000,None,0,None,393974000,None,None,618813000,None,54333000,78254000,None,None,None,0.321,,207569000,115331000,136695000,350161000,None,199991000,None,,,,,4.064,35.2,13.22,,,,,,,,0.246,,None,2025-11-03,quarterly,3.4,USD,pre-market,40948000,4250050000,0.241,0.646,0.133,51.5,64631000,1140165000,419882000,None,576.01,691.29,7.9365,3086404000,1384230000,970193000,1788997000,1702174000,818804000,638095000,1297407000,54.64,None,769.98,356.14
2025-12-28,IDXX,12.6,4167411000.0,54.64,None,1.668,19.52,,117030000,132838000,132838000,,,,,,,,,10738000,83983000,None,315195000,315195000,107664000,None,338991000,532287000,None,None,24369000,,,,,0.214,0.25,115331000,139700000,3.15,2023-06-30,48.08,364206000,2572125000.0,322900000,118472000,40670000,90932000,90932000,None,0,None,395141000,None,None,696844000,None,55391000,78254000,None,None,None,0.321,,207569000,115331000,118759000,297691000,None,190674000,None,,,,,4.064,35.2,13.22,,,,,,,,0.246,,683270000,2025-11-03,quarterly,3.4,USD,pre-market,40948000,4037819000,0.241,0.646,0.133,51.5,64631000,1152865000,358684000,None,576.01,691.29,7.9365,2870806000,1179025000,883859000,1776945000,1691781000,893086000,638095000,1093861000,54.64,None,769.98,356.14
2025-12-28,IDXX,12.6,4167411000.0,54.64,None,1.668,19.52,,117381000,111367000,111367000,,,,,,,,,10732000,83959000,None,315195000,315195000,117709000,None,506486000,519861000,None,None,24369000,,,,,0.214,0.25,115331000,139700000,3.15,2023-03-31,48.08,362942000,2572125000.0,322900000,118472000,40670000,94361000,94361000,None,0,None,391011000,None,None,696362000,None,54271000,78254000,None,None,None,0.321,,207569000,115331000,127207000,311559000,None,199480000,None,,,,,4.064,35.2,13.22,,,,,,,,0.246,,665439000,2025-11-03,quarterly,3.4,USD,pre-market,40948000,3813583000,0.241,0.646,0.133,51.5,64631000,1320229000,525690000,None,576.01,691.29,7.9365,2808398000,1149446000,1065629000,1967297000,1658952000,901668000,638095000,841101000,54.64,None,769.98,356.14
2025-12-28,IDXX,12.6,4167411000.0,54.64,None,1.668,19.52,,121664000,112546000,112546000,,,,,,,,,10719000,83815000,None,315195000,315195000,110221000,None,653982000,490903000,None,None,24369000,,,,,0.214,0.25,115331000,139700000,3.15,2022-12-31,48.08,361795000,2572125000.0,322900000,118472000,40670000,97672000,97672000,None,0,None,367823000,None,None,694387000,None,55500000,78254000,None,None,None,0.321,,207569000,115331000,130205000,364690000,None,199688000,None,,,,,4.064,35.2,13.22,,,,,,,,0.246,,649474000,2025-11-03,quarterly,3.4,USD,pre-market,40948000,3599529000,0.241,0.646,0.133,51.5,64631000,1470033000,674407000,None,576.01,691.29,7.9365,2746765000,1101477000,1235803000,2138028000,1645288000,902225000,638095000,608737000,54.64,None,769.98,356.14
2025-12-28,IDXX,12.6,4167411000.0,54.64,None,1.668,19.52,,112280000,99176000,99176000,,,,,,,,,10709000,84113000,None,315195000,315195000,110144000,None,633000000,452897000,None,None,24369000,,,,,0.214,0.25,115331000,139700000,3.15,2022-09-30,48.08,355292000,2572125000.0,322900000,118472000,40670000,99968000,99968000,None,0,None,354975000,None,None,760814000,None,51760000,78254000,None,None,None,0.321,,207569000,115331000,151811000,352134000,None,198823000,None,,,,,4.064,35.2,13.22,,,,,,,,0.246,,612405000,2025-11-03,quarterly,3.4,USD,pre-market,40948000,3427322000,0.241,0.646,0.133,51.5,64631000,1506094000,652152000,None,576.01,691.29,7.9365,2640067000,1058859000,1189945000,2164068000,1581208000,974123000,638095000,475999000,54.64,None,769.98,356.14
2025-12-28,IDXX,12.6,4167411000.0,54.64,None,1.668,19.52,,117779000,114362000,114362000,,,,,,,,,10707000,84858000,None,315195000,315195000,127262000,None,611000000,473116000,None,None,24369000,,,,,0.214,0.25,115331000,139700000,3.15,2022-06-30,48.08,355528000,2572125000.0,322900000,118472000,40670000,100594000,100594000,None,0,None,332565000,None,None,767995000,None,52892000,78254000,None,None,None,0.321,,207569000,115331000,122782000,345670000,None,204783000,None,,,,,4.064,35.2,13.22,,,,,,,,0.246,,594224000,2025-11-03,quarterly,3.4,USD,pre-market,40948000,3246384000,0.241,0.646,0.133,51.5,64631000,1496774000,630738000,None,576.01,691.29,7.9365,2607185000,1042825000,1166547000,2150177000,1564360000,983630000,638095000,457008000,54.64,-4157257000,769.98,356.14
2025-12-28,IDXX,12.6,4167411000.0,54.64,None,1.668,19.52,,110195000,204618000,204618000,,,,,,,,,10700000,85564000,None,315195000,315195000,120881000,None,400000000,465618000,None,None,24369000,,,,,0.214,0.25,115331000,139700000,3.15,2022-03-31,48.08,360968000,2572125000.0,322900000,118472000,40670000,105188000,105188000,None,0,None,301638000,None,None,773381000,None,12014000,78254000,None,None,None,0.321,,207569000,115331000,117898000,304839000,None,200708000,None,,,,,4.064,35.2,13.22,,,,,,,,0.246,,593457000,2025-11-03,quarterly,3.4,USD,pre-market,40948000,3114405000,0.241,0.646,0.133,51.5,64631000,1283576000,420564000,None,576.01,691.29,7.9365,2592689000,1089772000,971341000,1952891000,1502917000,981550000,638095000,639798000,54.64,-3843749000,769.98,356.14
2025-12-28,IDXX,12.6,4167411000.0,54.64,None,1.668,19.52,,107308000,144454000,144454000,,,,,,,,,10688000,86142000,None,315195000,315195000,116140000,None,148496000,425584000,None,None,24369000,,,,,0.214,0.25,115331000,139700000,3.15,2021-12-31,48.08,359345000,2572125000.0,322900000,118472000,40670000,99035000,99035000,None,0,None,269030000,None,None,775205000,None,13348000,78254000,None,None,None,0.321,,207569000,115331000,116587000,396373000,None,208427000,None,,,,,4.064,35.2,13.22,,,,,,,,0.246,,587667000,2025-11-03,quarterly,3.4,USD,pre-market,40948000,2920440000,0.241,0.646,0.133,51.5,64631000,1031009000,168427000,None,576.01,691.29,7.9365,2437203000,955655000,763579000,1747211000,1481548000,983632000,638095000,689992000,54.64,-3570691000,769.98,356.14
2025-12-28,IDXX,12.6,4167411000.0,54.64,None,1.668,19.52,,110158000,145203000,145203000,,,,,,,,,10681000,86511000,None,315195000,315195000,86684000,None,74990000,425029000,None,None,24369000,,,,,0.214,0.25,115331000,139700000,3.15,2021-09-30,48.08,355240000,2572125000.0,322900000,118472000,40670000,94976000,94976000,None,0,None,258484000,None,None,778025000,None,9790000,78254000,None,None,None,0.321,,207569000,115331000,109321000,367073000,None,203104000,None,,,,,4.064,35.2,13.22,,,,,,,,0.246,,573385000,2025-11-03,quarterly,3.4,USD,pre-market,40948000,2757669000,0.241,0.646,0.133,51.5,64631000,963173000,95428000,None,576.01,691.29,7.9365,2385744000,938037000,633849000,1630284000,1447707000,996435000,638095000,754754000,54.64,-3326021000,769.98,356.14
2025-12-28,IDXX,12.6,4167411000.0,54.64,None,1.668,19.52,,107565000,232134000,232134000,,,,,,,,,10675000,86654000,None,315195000,315195000,93016000,None,124982000,427386000,None,None,24369000,,,,,0.214,0.25,115331000,139700000,3.15,2021-06-30,48.08,353842000,2572125000.0,322900000,118472000,40670000,96757000,96757000,None,0,None,241392000,None,None,780079000,None,10489000,78254000,None,None,None,0.321,,207569000,115331000,100314000,334018000,None,232038000,None,,,,,4.064,35.2,13.22,,,,,,,,0.246,,550255000,2025-11-03,quarterly,3.4,USD,pre-market,40948000,2582434000,0.241,0.646,0.133,51.5,64631000,1012626000,144217000,None,576.01,691.29,7.9365,2412149000,1001226000,651809000,1663926000,1410923000,1012117000,638095000,747460000,54.64,-3142301000,769.98,356.14
2025-12-28,IDXX,12.6,4167411000.0,54.64,None,1.668,19.52,,96100000,351163000,351163000,,,,,,,,,10668000,86917000,None,315195000,315195000,87175000,None,124971000,423101000,None,None,24369000,,,,,0.214,0.25,115331000,139700000,3.15,2021-03-31,48.08,242586000,2572125000.0,322900000,118472000,40670000,53969000,53969000,None,0,None,225559000,None,None,778747000,None,11185000,78254000,None,None,None,0.321,,207569000,115331000,97975000,289487000,None,205975000,None,,,,,4.064,35.2,13.22,,,,,,,,0.246,,543963000,2025-11-03,quarterly,3.4,USD,pre-market,40948000,2379852000,0.241,0.646,0.133,51.5,64631000,999818000,142878000,None,576.01,691.29,7.9365,2327385000,1097798000,620662000,1623950000,1229587000,1003288000,638095000,702696000,54.64,-2953923000,769.98,356.14
2025-12-28,IDXX,12.6,4167411000.0,54.64,None,1.668,19.52,,94772000,383928000,383928000,,,,,,,,,10646000,86904000,None,315195000,315195000,74558000,None,49988000,374742000,None,None,24369000,,,,,0.214,0.25,115331000,139700000,3.15,2020-12-31,48.08,243347000,2572125000.0,322900000,118472000,40670000,52543000,52543000,None,0,None,209873000,None,None,858492000,None,12065000,78254000,None,None,None,0.321,,207569000,115331000,94195000,355239000,None,208806000,None,,,,,4.064,35.2,13.22,,,,,,,,0.246,,555167000,2025-11-03,quarterly,3.4,USD,pre-market,40948000,2175595000,0.241,0.646,0.133,51.5,64631000,1003252000,67721000,None,576.01,691.29,7.9365,2294561000,1062738000,582761000,1661766000,1231823000,1079005000,638095000,632088000,54.64,-2799890000,769.98,356.14
2025-12-28,IDXX,12.6,4167411000.0,54.64,None,1.668,19.52,,87253000,175587000,175587000,,,,,,,,,10628000,86690000,None,315195000,315195000,71933000,None,49983000,382005000,None,None,24369000,,,,,0.214,0.25,115331000,139700000,3.15,2020-09-30,48.08,238100000,2572125000.0,322900000,118472000,40670000,53467000,53467000,None,0,None,217597000,None,None,853316000,None,12599000,78254000,None,None,None,0.321,,207569000,115331000,93490000,305715000,None,198545000,None,,,,,4.064,35.2,13.22,,,,,,,,0.246,,547624000,2025-11-03,quarterly,3.4,USD,pre-market,40948000,2000805000,0.241,0.646,0.133,51.5,64631000,990552000,66581000,None,576.01,691.29,7.9365,2047407000,868679000,526841000,1606292000,1178728000,1079451000,638095000,440576000,54.64,-2788412000,769.98,356.14
2025-12-28,IDXX,12.6,4167411000.0,54.64,None,1.668,19.52,,85070000,105293000,105293000,,,,,,,,,10603000,86402000,None,315195000,315195000,73903000,None,121596000,354949000,None,None,24369000,,,,,0.214,0.25,115331000,139700000,3.15,2020-06-30,48.08,235426000,2572125000.0,322900000,118472000,40670000,55619000,55619000,None,0,None,229377000,None,None,899562000,None,104406000,78254000,None,None,None,0.321,,207569000,115331000,89993000,236605000,None,210568000,None,,,,,4.064,35.2,13.22,,,,,,,,0.246,,550895000,2025-11-03,quarterly,3.4,USD,pre-market,40948000,1854586000,0.241,0.646,0.133,51.5,64631000,1106228000,138069000,None,576.01,691.29,7.9365,1960713000,779612000,540584000,1687313000,1181101000,1146729000,638095000,272963000,54.64,-2788052000,769.98,356.14
2025-12-28,IDXX,12.6,4167411000.0,54.64,None,1.668,19.52,,80836000,81395000,81395000,,,,,,,,,10591000,86705000,None,315195000,315195000,74210000,None,486824000,333803000,None,None,24369000,,,,,0.214,0.25,115331000,139700000,3.15,2020-03-31,48.08,233211000,2572125000.0,322900000,118472000,40670000,57948000,57948000,None,0,None,211644000,None,None,697363000,None,13785000,78254000,None,None,None,0.321,,207569000,115331000,94509000,198335000,None,195678000,None,,,,,4.064,35.2,13.22,,,,,,,,0.246,,546158000,2025-11-03,quarterly,3.4,USD,pre-market,40948000,1705646000,0.241,0.646,0.133,51.5,64631000,1265023000,502317000,None,576.01,691.29,7.9365,1886245000,721351000,846241000,1778190000,1164894000,931949000,638095000,107674000,54.64,-2788310000,769.98,356.14
2025-12-28,IDXX,12.6,4167411000.0,54.64,None,1.668,19.52,,82753000,90326000,90326000,,,,,,,,,10571000,87212000,None,315195000,315195000,72172000,None,288765000,307487000,None,None,24369000,,,,,0.214,0.25,115331000,139700000,3.15,2019-12-31,48.08,239724000,2572125000.0,322900000,118472000,40670000,58468000,58468000,None,0,None,195019000,None,None,698910000,None,13657000,78254000,None,None,None,0.321,,207569000,115331000,86807000,276549000,None,197379000,None,,,,,4.064,35.2,13.22,,,,,,,,0.246,,533845000,2025-11-03,quarterly,3.4,USD,pre-market,40948000,1595648000,0.241,0.646,0.133,51.5,64631000,1070428000,304046000,None,576.01,691.29,7.9365,1832475000,679639000,725337000,1654650000,1152836000,929313000,638095000,177473000,54.64,-2600543000,769.98,356.14
2025-12-28,IDXX,12.6,4167411000.0,54.64,None,1.668,19.52,,81143000,103996000,103996000,,,,,,,,,10559000,87667000,None,315195000,315195000,75515000,None,229500000,304072000,None,None,24369000,,,,,0.214,0.25,115331000,139700000,3.15,2019-09-30,48.08,212171000,2572125000.0,322900000,118472000,40670000,35662000,35662000,None,0,None,204893000,None,None,696634000,None,13082000,78254000,None,None,None,0.321,,207569000,115331000,90421000,237456000,None,191764000,None,,,,,4.064,35.2,13.22,,,,,,,,0.246,,496584000,2025-11-03,quarterly,3.4,USD,pre-market,40948000,1505152000,0.241,0.646,0.133,51.5,64631000,1007277000,244302000,None,576.01,691.29,7.9365,1751481000,703382000,626627000,1548759000,1048099000,922132000,638095000,202418000,54.64,-2461698000,769.98,356.14
2025-12-28,IDXX,12.6,4167411000.0,54.64,None,1.668,19.52,,84334000,110845000,110845000,,,,,,,,,10548000,87615000,None,315195000,315195000,67606000,None,251528000,321906000,None,None,24369000,,,,,0.214,0.25,115331000,139700000,3.15,2019-06-30,48.08,215157000,2572125000.0,322900000,118472000,40670000,37989000,37989000,None,0,None,196876000,None,None,700552000,None,12386000,78254000,None,None,None,0.321,,207569000,115331000,82671000,215703000,None,200812000,None,,,,,4.064,35.2,13.22,,,,,,,,0.246,,469982000,2025-11-03,quarterly,3.4,USD,pre-market,40948000,1396315000,0.241,0.646,0.133,51.5,64631000,1105745000,266531000,None,576.01,691.29,7.9365,1724237000,712298000,618909000,1552688000,1011939000,933779000,638095000,171246000,54.64,-2370377000,769.98,356.14
2025-12-28,IDXX,12.6,4167411000.0,54.64,None,1.668,19.52,,82887000,116616000,116616000,,,,,,,,,10535000,87549000,None,315195000,315195000,70143000,None,346998000,306641000,None,None,24369000,,,,,0.214,0.25,115331000,139700000,3.15,2019-03-31,48.08,214517000,2572125000.0,322900000,118472000,40670000,39499000,39499000,None,0,None,189468000,None,None,699334000,None,11621000,78254000,None,None,None,0.321,,207569000,115331000,84921000,178869000,None,207214000,None,,,,,4.064,35.2,13.22,,,,,,,,0.246,,449103000,2025-11-03,quarterly,3.4,USD,pre-market,40948000,1270609000,0.241,0.646,0.133,51.5,64631000,1129219000,360930000,None,576.01,691.29,7.9365,1680968000,697646000,689619000,1629098000,983322000,939479000,638095000,51562000,54.64,-2350034000,769.98,356.14
2025-12-28,IDXX,12.6,4167411000.0,54.64,None,1.668,19.52,,None,123794000,123794000,,,,,,,,,10509000,87807000,None,315195000,315195000,69534000,None,398937000,258525000,None,None,24369000,,,,,0.214,0.25,115331000,139700000,3.15,2018-12-31,48.08,214489000,2572125000.0,322900000,118472000,40670000,41825000,41825000,None,0,None,173303000,None,None,601348000,None,None,78254000,None,None,None,0.321,,207569000,115331000,84452000,234074000,None,145523000,None,,,,,4.064,35.2,13.22,,,,,,,,0.246,,437270000,2025-11-03,quarterly,3.4,USD,pre-market,40948000,1167928000,0.241,0.646,0.133,51.5,64631000,1000285000,398937000,None,576.01,691.29,7.9365,1537349000,654172000,770444000,1546582000,883177000,776138000,638095000,-9513000,54.64,-2288899000,769.98,356.14
2025-12-28,IDXX,12.6,4167411000.0,54.64,None,1.668,19.52,,None,146877000,146877000,,,,,,,,,10504000,88453000,None,315195000,315195000,65457000,None,414500000,295689000,None,None,24369000,,,,,0.214,0.25,115331000,139700000,3.15,2018-09-30,48.08,216046000,2572125000.0,322900000,118472000,40670000,42420000,42420000,None,0,None,179684000,None,None,602416000,None,None,78254000,None,None,None,0.321,,207569000,115331000,81947000,210349000,None,144041000,None,,,,,4.064,35.2,13.22,,,,,,,,0.246,,409980000,2025-11-03,quarterly,3.4,USD,pre-market,40948000,1082292000,0.241,0.646,0.133,51.5,64631000,1016916000,414500000,0,576.01,691.29,7.9365,1544530000,704197000,759537000,1545893000,840333000,786356000,638095000,-1604000,54.64,-2185152000,769.98,356.14
2025-12-28,IDXX,12.6,4167411000.0,54.64,None,1.668,19.52,,None,174559000,174559000,,,,,,,,,10485000,88596000,None,315195000,315195000,68015000,None,437000000,271570000,None,None,24369000,,,,,0.214,0.25,115331000,139700000,3.15,2018-06-30,48.08,195974000,2572125000.0,322900000,118472000,40670000,39036000,39036000,None,0,None,176487000,None,None,603130000,None,None,78254000,None,None,None,0.321,,207569000,115331000,75901000,203271000,None,83267000,None,,,,,4.064,35.2,13.22,,,,,,,,0.246,,394021000,2025-11-03,quarterly,3.4,USD,pre-market,40948000,989039000,0.241,0.646,0.133,51.5,64631000,1040130000,437000000,0,576.01,691.29,7.9365,1520685000,739832000,774316000,1561534000,780853000,787218000,638095000,-41127000,54.64,-2111647000,769.98,356.14
2025-12-28,IDXX,12.6,4167411000.0,54.64,None,1.668,19.52,,None,159229000,159229000,,,,,,,,,10468000,88944000,None,315195000,315195000,70409000,None,407500000,264950000,None,None,24369000,,,,,0.214,0.25,115331000,139700000,3.15,2018-03-31,48.08,201022000,2572125000.0,322900000,118472000,40670000,41893000,41893000,None,0,None,179039000,None,None,609005000,None,None,78254000,None,None,None,0.321,,207569000,115331000,72282000,183932000,None,84573000,None,,,,,4.064,35.2,13.22,,,,,,,,0.246,,384246000,2025-11-03,quarterly,3.4,USD,pre-market,40948000,880348000,0.241,0.646,0.133,51.5,64631000,1016505000,407500000,0,576.01,691.29,7.9365,1469492000,701707000,728838000,1518474000,767785000,789636000,638095000,-49272000,54.64,-2005813000,769.98,356.14
2025-12-28,IDXX,12.6,4167411000.0,54.64,None,1.668,19.52,,None,187675000,187675000,,,,,,,,,10428000,89045000,None,315195000,315195000,66968000,None,655000000,270072000,None,None,24369000,,,,,0.214,0.25,115331000,139700000,3.15,2017-12-31,48.08,199873000,2572125000.0,322900000,118472000,40670000,43846000,43846000,None,0,None,164318000,None,None,606075000,None,None,78254000,None,None,None,0.321,,207569000,115331000,130107000,224029000,None,95718000,None,,,,,4.064,35.2,13.22,,,,,,,,0.246,,379096000,2025-11-03,quarterly,3.4,USD,pre-market,40948000,803545000,0.241,0.646,0.133,51.5,64631000,1261075000,655000000,284255000,576.01,691.29,7.9365,1713416000,971985000,1004567000,1767258000,741431000,762691000,638095000,-54106000,54.64,-1911528000,769.98,356.14
2025-12-28,IDXX,12.6,4167411000.0,54.64,None,1.668,19.52,,None,169019000,169019000,,,,,,,,,10412000,89256000,None,315195000,315195000,60583000,None,686250000,248597000,None,None,24369000,,,,,0.214,0.25,115331000,139700000,3.15,2017-09-30,48.08,199521000,2572125000.0,322900000,118472000,40670000,45251000,45251000,None,0,None,176749000,None,None,604149000,None,None,78254000,None,None,None,0.321,,207569000,115331000,63272000,195648000,None,49583000,None,,,,,4.064,35.2,13.22,,,,,,,,0.246,,367513000,2025-11-03,quarterly,3.4,USD,pre-market,40948000,765288000,0.241,0.646,0.133,51.5,64631000,1290399000,686250000,285085000,576.01,691.29,7.9365,1669334000,942722000,996543000,1717725000,726612000,721182000,638095000,-48622000,54.64,-1856307000,769.98,356.14
2025-12-28,IDXX,12.6,4167411000.0,54.64,None,1.668,19.52,,None,165975000,165975000,,,,,,,,,10395000,89878000,None,315195000,315195000,58606000,None,1304891000,265843000,None,None,24369000,,,,,0.214,0.25,115331000,139700000,3.15,2017-06-30,48.08,196670000,2572125000.0,322900000,118472000,40670000,46089000,46089000,None,0,None,169693000,None,None,600891000,None,None,78254000,None,None,None,0.321,,207569000,115331000,60224000,187548000,None,49230000,None,,,,,4.064,35.2,13.22,,,,,,,,0.246,,364779000,2025-11-03,quarterly,3.4,USD,pre-market,40948000,694777000,0.241,0.646,0.133,51.5,64631000,1304891000,704000000,256923000,576.01,691.29,7.9365,1637137000,918658000,1001493000,1723244000,718479000,721751000,638095000,-86335000,54.64,-1805523000,769.98,356.14
2025-12-28,IDXX,12.6,4167411000.0,54.64,None,1.668,19.52,,None,160408000,160408000,,,,,,,,,10374000,89994000,None,315195000,315195000,62249000,None,671000000,245570000,None,None,24369000,,,,,0.214,0.25,115331000,139700000,3.15,2017-03-31,48.08,180601000,2572125000.0,322900000,118472000,40670000,45686000,45686000,None,0,None,172183000,None,None,594868000,None,None,78254000,None,None,None,0.321,,207569000,115331000,60494000,153491000,None,42020000,None,,,,,4.064,35.2,13.22,,,,,,,,0.246,,361233000,2025-11-03,quarterly,3.4,USD,pre-market,40948000,609420000,0.241,0.646,0.133,51.5,64631000,1265868000,671000000,239933000,576.01,691.29,7.9365,1572091000,878588000,936077000,1646003000,693503000,709926000,638095000,-74090000,54.64,-1691204000,769.98,356.14
2025-12-28,IDXX,12.6,4167411000.0,54.64,None,1.668,19.52,,None,154901000,154901000,,,,,,,,,10334000,90589000,None,315195000,315195000,60057000,None,611000000,232166000,None,None,24369000,,,,,0.214,0.25,115331000,139700000,3.15,2016-12-31,48.08,178228000,2572125000.0,322900000,118472000,40670000,46155000,46155000,None,0,None,158034000,None,None,593110000,None,None,78254000,None,None,None,0.321,,207569000,115331000,116952000,212158000,None,38937000,None,,,,,4.064,35.2,13.22,,,,,,,,0.246,,357422000,2025-11-03,quarterly,3.4,USD,pre-market,40948000,540401000,0.241,0.646,0.133,51.5,64631000,1204110000,611000000,236949000,576.01,691.29,7.9365,1530704000,845584000,934568000,1638917000,685120000,704349000,638095000,-108352000,54.64,-1633443000,769.98,356.14
2025-12-28,IDXX,12.6,4167411000.0,54.64,None,1.668,19.52,,None,150072000,150072000,,,,,,,,,10312000,91138000,None,315195000,315195000,44127000,None,488000000,217560000,None,None,24369000,,,,,0.214,0.25,115331000,139700000,3.15,2016-09-30,48.08,180952000,2572125000.0,322900000,118472000,40670000,47566000,47566000,None,0,None,168468000,None,None,599137000,None,None,78254000,None,None,None,0.321,,207569000,115331000,50598000,180532000,None,34594000,None,,,,,4.064,35.2,13.22,,,,,,,,0.246,,349664000,2025-11-03,quarterly,3.4,USD,pre-market,40948000,488033000,0.241,0.646,0.133,51.5,64631000,1087137000,488000000,241402000,576.01,691.29,7.9365,1500370000,828100000,760208000,1445384000,672270000,685176000,638095000,54850000,54.64,-1408183000,769.98,356.14
2025-12-28,IDXX,12.6,4167411000.0,54.64,None,1.668,19.52,,None,141139000,141139000,,,,,,,,,10283000,90817000,None,315195000,315195000,50085000,None,558000000,225424000,None,None,24369000,,,,,0.214,0.25,115331000,139700000,3.15,2016-06-30,48.08,180657000,2572125000.0,322900000,118472000,40670000,49729000,49729000,None,0,None,175688000,None,None,597958000,None,None,78254000,None,None,None,0.321,,207569000,115331000,49796000,168424000,None,30328000,None,,,,,4.064,35.2,13.22,,,,,,,,0.246,,347161000,2025-11-03,quarterly,3.4,USD,pre-market,40948000,431577000,0.241,0.646,0.133,51.5,64631000,1155958000,558000000,229063000,576.01,691.29,7.9365,1489241000,821110000,822776000,1497739000,668131000,674963000,638095000,-8638000,54.64,-1392875000,769.98,356.14
2025-12-28,IDXX,12.6,4167411000.0,54.64,None,1.668,19.52,,None,132953000,132953000,,,,,,,,,10255000,90838000,None,315195000,315195000,52458000,None,None,225291000,None,None,24369000,,,,,0.214,0.25,115331000,139700000,3.15,2016-03-31,48.08,181941000,2572125000.0,322900000,118472000,40670000,53257000,53257000,None,0,None,183759000,None,None,600021000,None,None,78254000,None,None,None,0.321,,207569000,115331000,49386000,153452000,None,30361000,None,,,,,4.064,35.2,13.22,,,,,,,,0.246,,343010000,2025-11-03,quarterly,3.4,USD,pre-market,40948000,364375000,0.241,0.646,0.133,51.5,64631000,1222021000,622000000,217617000,576.01,691.29,7.9365,1478647000,809006000,878668000,1552434000,669641000,673766000,638095000,-73922000,54.64,-1369412000,769.98,356.14
2025-12-28,IDXX,12.6,4167411000.0,54.64,None,1.668,19.52,,None,128994000,128994000,,,,,,,,,10258000,91788000,None,315195000,315195000,52648000,None,573000000,188318000,None,None,24369000,,,,,0.214,0.25,115331000,139700000,3.15,2015-12-31,48.08,178934000,2572125000.0,322900000,118472000,40670000,55909000,55909000,None,0,None,188833000,None,None,597085000,None,None,78254000,None,None,None,0.321,,207569000,115331000,129142000,186567000,None,28698000,None,,,,,4.064,35.2,13.22,,,,,,,,0.246,,333026000,2025-11-03,quarterly,3.4,USD,pre-market,40948000,318356000,0.241,0.646,0.133,51.5,64631000,1170085000,573000000,213591000,576.01,691.29,7.9365,1474993000,821634000,856761000,1558988000,653359000,702227000,638095000,-84125000,54.64,-1316417000,769.98,356.14
2025-12-28,IDXX,12.6,4167411000.0,54.64,None,1.668,19.52,,None,141150000,141150000,,,,,,,,,10213000,92897000,None,315195000,315195000,53614000,None,None,201829000,None,None,24369000,,,,,0.214,0.25,115331000,139700000,3.15,2015-09-30,48.08,180392000,2572125000.0,322900000,118472000,40670000,58650000,58650000,None,0,None,192405000,None,None,599556000,None,None,78254000,None,None,None,0.321,,207569000,115331000,89613000,178680000,None,29660000,None,,,,,4.064,35.2,13.22,,,,,,,,0.246,,320337000,2025-11-03,quarterly,3.4,USD,pre-market,40948000,274005000,0.241,0.646,0.133,51.5,64631000,1142056000,542500000,208399000,576.01,691.29,7.9365,1477210000,833396000,824766000,1516013000,643814000,691247000,638095000,-38892000,54.64,-1222812000,769.98,356.14
2025-12-28,IDXX,12.6,4167411000.0,54.64,None,1.668,19.52,,None,163152000,163152000,,,,,,,,,10235000,94306000,None,315195000,315195000,58212000,None,None,212350000,None,None,24369000,,,,,0.214,0.25,115331000,139700000,3.15,2015-06-30,48.08,179705000,2572125000.0,322900000,118472000,40670000,57517000,57517000,None,0,None,184500000,None,None,598925000,None,None,78254000,None,None,None,0.321,,207569000,115331000,92162000,161107000,None,31334000,None,,,,,4.064,35.2,13.22,,,,,,,,0.246,,326041000,2025-11-03,quarterly,3.4,USD,pre-market,40948000,231070000,0.241,0.646,0.133,51.5,64631000,1096925000,498000000,180870000,576.01,691.29,7.9365,1477370000,833034000,775428000,1468819000,644336000,693391000,638095000,8468000,54.64,-1137616000,769.98,356.14
2025-12-28,IDXX,12.6,4167411000.0,54.64,None,1.668,19.52,,None,182160000,182160000,,,,,,,,,10226000,95521000,None,315195000,315195000,44183000,None,None,196231000,None,None,24369000,,,,,0.214,0.25,115331000,139700000,3.15,2015-03-31,48.08,176932000,2572125000.0,322900000,118472000,40670000,59911000,59911000,None,0,None,173370000,None,None,500000000,None,None,78254000,None,None,None,0.321,,207569000,115331000,154312000,148518000,None,31027000,None,,,,,4.064,35.2,13.22,,,,,,,,0.246,,309827000,2025-11-03,quarterly,3.4,USD,pre-market,40948000,1721893000,0.241,0.646,0.133,51.5,64631000,1049500000,549500000,139215000,576.01,691.29,7.9365,1431014000,808909000,803445000,1396935000,622105000,593490000,638095000,34022000,54.64,-2591714000,769.98,356.14
2025-12-28,IDXX,12.6,4167411000.0,54.64,None,1.668,19.52,,None,322536000,322536000,,,,,,,,,10195000,96860000,None,315195000,315195000,44743000,None,549000000,152380000,None,None,24369000,,,,,0.214,0.25,115331000,139700000,3.15,2014-12-31,48.08,184450000,2572125000.0,322900000,118472000,40670000,65122000,65122000,None,0,None,160342000,None,None,350000000,None,None,78254000,None,None,None,0.321,,207569000,115331000,156812000,166912000,None,32363000,None,,,,,4.064,35.2,13.22,,,,,,,,0.246,,303587000,2025-11-03,quarterly,3.4,USD,pre-market,40948000,1675299000,0.241,0.646,0.133,51.5,64631000,899000000,549000000,0,576.01,691.29,7.9365,1384211000,759398000,820906000,1266622000,624813000,445716000,638095000,117516000,54.64,-2453266000,769.98,356.14
2025-12-28,IDXX,12.6,4167411000.0,54.64,None,1.668,19.52,,None,292735000,292735000,,,,,,,,,10170000,100800000,None,315195000,315195000,58255000,None,None,160467000,None,None,24369000,,,,,0.214,0.25,115331000,139700000,3.15,2014-09-30,48.08,176537000,2572125000.0,322900000,118472000,40670000,59210000,59210000,None,0,None,156007000,None,None,350000000,None,None,78254000,None,None,None,0.321,,207569000,115331000,93412000,150135000,None,31588000,None,,,,,4.064,35.2,13.22,,,,,,,,0.246,,291701000,2025-11-03,quarterly,3.4,USD,pre-market,40948000,1649337000,0.241,0.646,0.133,51.5,64631000,725000000,375000000,0,576.01,691.29,7.9365,1290632000,702621000,630264000,1061161000,588011000,430897000,638095000,229388000,54.64,-2303575000,769.98,356.14
2025-12-28,IDXX,12.6,4167411000.0,54.64,None,1.668,19.52,,None,305048000,305048000,,,,,,,,,10163000,103590000,None,315195000,315195000,41425000,None,None,168641000,None,None,24369000,,,,,0.214,0.25,115331000,139700000,3.15,2014-06-30,48.08,181619000,2572125000.0,322900000,118472000,40670000,55550000,55550000,None,0,None,145400000,None,None,150000000,None,None,78254000,None,None,None,0.321,,207569000,115331000,82618000,131479000,None,30664000,None,,,,,4.064,35.2,13.22,,,,,,,,0.246,,286712000,2025-11-03,quarterly,3.4,USD,pre-market,40948000,1597196000,0.241,0.646,0.133,51.5,64631000,534000000,384000000,0,576.01,691.29,7.9365,1283193000,701707000,600352000,830263000,581486000,229911000,638095000,452868000,54.64,-2031125000,769.98,356.14
2025-12-28,IDXX,12.6,4167411000.0,54.64,None,1.668,19.52,,None,286203000,286203000,,,,,,,,,10155000,104676000,None,315195000,315195000,42794000,None,None,179919000,None,None,24369000,,,,,0.214,0.25,115331000,139700000,3.15,2014-03-31,48.08,180466000,2572125000.0,322900000,118472000,40670000,57281000,57281000,None,0,None,141134000,None,None,150090000,None,None,78254000,None,None,None,0.321,,207569000,115331000,75910000,119133000,None,31760000,None,,,,,4.064,35.2,13.22,,,,,,,,0.246,,282226000,2025-11-03,quarterly,3.4,USD,pre-market,40948000,1539978000,0.241,0.646,0.133,51.5,64631000,466140000,316050000,0,576.01,691.29,7.9365,1262324000,683166000,517173000,750072000,579158000,232899000,638095000,512216000,54.64,-1904604000,769.98,356.14
2025-12-28,IDXX,12.6,4167411000.0,54.64,None,1.668,19.52,,None,279058000,279058000,,,,,,,,,10119000,105474000,None,315195000,315195000,29941000,None,None,158038000,None,None,24369000,,,,,0.214,0.25,115331000,139700000,3.15,2013-12-31,48.08,180521000,2572125000.0,322900000,118472000,40670000,58844000,58844000,None,0,None,133427000,None,None,150359000,None,None,78254000,None,None,None,0.321,,207569000,115331000,102993000,132411000,None,31215000,None,,,,,4.064,35.2,13.22,,,,,,,,0.246,,281214000,2025-11-03,quarterly,3.4,USD,pre-market,40948000,1493393000,0.241,0.646,0.133,51.5,64631000,428394000,278035000,0,576.01,691.29,7.9365,1230516000,652706000,478353000,712302000,577810000,233949000,638095000,518186000,54.64,-1829378000,769.98,356.14
2025-12-28,IDXX,12.6,4167411000.0,54.64,None,1.668,19.52,,None,264811000,264811000,,,,,,,,,10081000,106484000,None,315195000,315195000,38131000,None,None,151568000,None,None,24369000,,,,,0.214,0.25,115331000,139700000,3.15,2013-09-30,48.08,180988000,2572125000.0,322900000,118472000,40670000,61387000,61387000,None,0,None,145987000,None,None,624000,None,None,78254000,None,None,None,0.321,,207569000,115331000,62857000,124274000,None,28775000,None,,,,,4.064,35.2,13.22,,,,,,,,0.246,,274158000,2025-11-03,quarterly,3.4,USD,pre-market,40948000,1450135000,0.241,0.646,0.133,51.5,64631000,398843000,398219000,0,576.01,691.29,7.9365,1195238000,625223000,592952000,660343000,570015000,67391000,638095000,534846000,54.64,-1744319000,769.98,356.14
2025-12-28,IDXX,12.6,4167411000.0,54.64,None,1.668,19.52,,None,251013000,251013000,,,,,,,,,10068000,108772000,None,315195000,315195000,37584000,None,None,159119000,None,None,24369000,,,,,0.214,0.25,115331000,139700000,3.15,2013-06-30,48.08,171403000,2572125000.0,322900000,118472000,40670000,58103000,58103000,None,0,None,140938000,None,None,884000,None,None,78254000,None,None,None,0.321,,207569000,115331000,63832000,110742000,None,25760000,None,,,,,4.064,35.2,13.22,,,,,,,,0.246,,266494000,2025-11-03,quarterly,3.4,USD,pre-market,40948000,1404448000,0.241,0.646,0.133,51.5,64631000,369521000,368637000,0,576.01,691.29,7.9365,1164071000,614902000,551671000,614480000,549169000,62809000,638095000,549546000,54.64,-1667709000,769.98,356.14
2025-12-28,IDXX,12.6,4167411000.0,54.64,None,1.668,19.52,,None,228364000,228364000,,,,,,,,,10061000,110980000,None,315195000,315195000,38716000,None,None,158988000,None,None,24369000,,,,,0.214,0.25,115331000,139700000,3.15,2013-03-31,48.08,172459000,2572125000.0,322900000,118472000,40670000,61036000,61036000,None,0,None,148242000,None,None,1141000,None,None,78254000,None,None,None,0.321,,207569000,115331000,58801000,108297000,None,24819000,None,,,,,4.064,35.2,13.22,,,,,,,,0.246,,253742000,2025-11-03,quarterly,3.4,USD,pre-market,40948000,1350453000,0.241,0.646,0.133,51.5,64631000,262263000,261122000,0,576.01,691.29,7.9365,1132638000,594395000,439577000,501343000,538243000,61766000,638095000,631254000,54.64,-1525023000,769.98,356.14
2025-12-28,IDXX,12.6,4167411000.0,54.64,None,1.668,19.52,,None,223986000,223986000,,,,,,,,,10016000,111580000,None,315195000,315195000,35288000,None,None,138324000,None,None,24369000,,,,,0.214,0.25,115331000,139700000,3.15,2012-12-31,48.08,174994000,2572125000.0,322900000,118472000,40670000,62833000,62833000,None,0,None,140946000,None,None,1394000,None,None,78254000,None,None,None,0.321,,207569000,115331000,66281000,122801000,None,23898000,None,,,,,4.064,35.2,13.22,,,,,,,,0.246,,245177000,2025-11-03,quarterly,3.4,USD,pre-market,40948000,1305593000,0.241,0.646,0.133,51.5,64631000,214501000,213107000,0,576.01,691.29,7.9365,1103602000,569537000,406333000,467345000,534065000,61012000,638095000,636223000,54.64,-1457184000,769.98,356.14
2025-12-28,IDXX,12.6,4167411000.0,54.64,None,1.668,19.52,,None,221441000,221441000,,,,,,,,,9991000,112176000,None,315195000,315195000,31728000,None,None,141374000,None,None,24369000,,,,,0.214,0.25,115331000,139700000,3.15,2012-09-30,48.08,174614000,2572125000.0,322900000,118472000,40670000,63363000,63363000,None,0,None,147474000,None,None,1776000,None,None,78254000,None,None,None,0.321,,207569000,115331000,60485000,119774000,None,22888000,None,,,,,4.064,35.2,13.22,,,,,,,,0.246,,231639000,2025-11-03,quarterly,3.4,USD,pre-market,40948000,1262239000,0.241,0.646,0.133,51.5,64631000,234736000,232960000,0,576.01,691.29,7.9365,1093351000,570774000,415846000,475816000,522577000,59970000,638095000,617507000,54.64,-1415940000,769.98,356.14
2025-12-28,IDXX,12.6,4167411000.0,54.64,None,1.668,19.52,,None,201813000,201813000,,,,,,,,,9970000,112422000,None,315195000,315195000,29706000,None,None,147159000,None,None,24369000,,,,,0.214,0.25,115331000,139700000,3.15,2012-06-30,48.08,170929000,2572125000.0,322900000,118472000,40670000,64627000,64627000,None,0,None,143703000,None,None,2021000,None,None,78254000,None,None,None,0.321,,207569000,115331000,62632000,108459000,None,21260000,None,,,,,4.064,35.2,13.22,,,,,,,,0.246,,220580000,2025-11-03,quarterly,3.4,USD,pre-market,40948000,1219386000,0.241,0.646,0.133,51.5,64631000,246966000,244945000,0,576.01,691.29,7.9365,1067317000,555307000,419151000,477376000,512010000,58225000,638095000,589933000,54.64,-1379676000,769.98,356.14
2025-12-28,IDXX,12.6,4167411000.0,54.64,None,1.668,19.52,,None,185491000,185491000,,,,,,,,,9957000,112878000,None,315195000,315195000,40614000,None,None,160981000,None,None,24369000,,,,,0.214,0.25,115331000,139700000,3.15,2012-03-31,48.08,175105000,2572125000.0,322900000,118472000,40670000,68426000,68426000,None,0,None,141104000,None,None,2263000,None,None,78254000,None,None,None,0.321,,207569000,115331000,57290000,105432000,None,20021000,None,,,,,4.064,35.2,13.22,,,,,,,,0.246,,216927000,2025-11-03,quarterly,3.4,USD,pre-market,40948000,1168069000,0.241,0.646,0.133,51.5,64631000,257194000,254931000,0,576.01,691.29,7.9365,1061105000,544866000,437284000,494224000,516239000,56940000,638095000,566876000,54.64,-1352169000,769.98,356.14
2025-12-28,IDXX,12.6,4167411000.0,54.64,None,1.668,19.52,,None,183895000,183895000,,,,,,,,,9923000,110416000,None,315195000,315195000,36551000,None,None,141275000,None,None,24369000,,,,,0.214,0.25,115331000,139700000,3.15,2011-12-31,48.08,172610000,2572125000.0,322900000,118472000,40670000,69209000,69209000,None,0,None,133099000,None,None,2501000,None,None,78254000,None,None,None,0.321,,207569000,115331000,65958000,141383000,None,17730000,None,,,,,4.064,35.2,13.22,,,,,,,,0.246,,216777000,2025-11-03,quarterly,3.4,USD,pre-market,40948000,1127326000,0.241,0.646,0.133,51.5,64631000,246418000,243917000,0,576.01,691.29,7.9365,1030814000,524227000,436879000,491221000,506587000,54342000,638095000,539579000,54.64,-1320376000,769.98,356.14
2025-12-28,IDXX,12.6,4167411000.0,54.64,None,1.668,19.52,,None,181499000,181499000,,,,,,,,,9910000,116014000,None,315195000,315195000,31032000,None,None,134923000,None,None,24369000,,,,,0.214,0.25,115331000,139700000,3.15,2011-09-30,48.08,150018000,2572125000.0,322900000,118472000,40670000,50607000,50607000,None,0,None,137143000,None,None,2735000,None,None,78254000,None,None,None,0.321,,207569000,115331000,57187000,120157000,None,15279000,None,,,,,4.064,35.2,13.22,,,,,,,,0.246,,213868000,2025-11-03,quarterly,3.4,USD,pre-market,40948000,1089316000,0.241,0.646,0.133,51.5,64631000,157638000,154903000,0,576.01,691.29,7.9365,969199000,510752000,336369000,383231000,458447000,46862000,638095000,585942000,54.64,-1230848000,769.98,356.14
2025-12-28,IDXX,12.6,4167411000.0,54.64,None,1.668,19.52,,None,159398000,159398000,,,,,,,,,9884000,117454000,None,315195000,315195000,29888000,None,None,149314000,None,None,24369000,,,,,0.214,0.25,115331000,139700000,3.15,2011-06-30,48.08,154191000,2572125000.0,322900000,118472000,40670000,53044000,53044000,None,0,None,133934000,None,None,2966000,None,None,78254000,None,None,None,0.321,,207569000,115331000,50925000,110656000,None,12954000,None,,,,,4.064,35.2,13.22,,,,,,,,0.246,,210163000,2025-11-03,quarterly,3.4,USD,pre-market,40948000,1050809000,0.241,0.646,0.133,51.5,64631000,136404000,133438000,0,576.01,691.29,7.9365,950575000,493571000,298137000,341764000,457004000,43627000,638095000,608774000,54.64,-1163102000,769.98,356.14
2025-12-28,IDXX,12.6,4167411000.0,54.64,None,1.668,19.52,,None,153459000,153459000,,,,,,,,,9856000,118180000,None,315195000,315195000,23334000,None,None,137551000,None,None,24369000,,,,,0.214,0.25,115331000,139700000,3.15,2011-03-31,48.08,152498000,2572125000.0,322900000,118472000,40670000,54715000,54715000,None,0,None,127054000,None,None,3194000,None,None,78254000,None,None,None,0.321,,207569000,115331000,47377000,99433000,None,12284000,None,,,,,4.064,35.2,13.22,,,,,,,,0.246,,202748000,2025-11-03,quarterly,3.4,USD,pre-market,40948000,1002152000,0.241,0.646,0.133,51.5,64631000,130661000,127467000,0,576.01,691.29,7.9365,909478000,465441000,272570000,312570000,444037000,40000000,638095000,596868000,54.64,-1104504000,769.98,356.14
2025-12-28,IDXX,12.6,4167411000.0,54.64,None,1.668,19.52,,None,156915000,156915000,,,,,,,,,9797000,114914000,None,315195000,315195000,22669000,None,None,120080000,None,None,24369000,,,,,0.214,0.25,115331000,139700000,3.15,2010-12-31,48.08,149112000,2572125000.0,322900000,118472000,40670000,55752000,55752000,None,0,None,127885000,None,None,3418000,None,None,78254000,None,None,None,0.321,,207569000,115331000,55711000,106278000,None,11045000,None,,,,,4.064,35.2,13.22,,,,,,,,0.246,,201725000,2025-11-03,quarterly,3.4,USD,pre-market,40948000,965540000,0.241,0.646,0.133,51.5,64631000,133280000,129862000,0,576.01,691.29,7.9365,897144000,460591000,285112000,322863000,436553000,37751000,638095000,574235000,54.64,-1060647000,769.98,356.14
2025-12-28,IDXX,12.6,4167411000.0,54.64,None,1.668,19.52,,None,133512000,133512000,,,,,,,,,9762000,118552000,None,315195000,315195000,25273000,None,None,120454000,None,None,24369000,,,,,0.214,0.25,115331000,139700000,3.15,2010-09-30,48.08,148597000,2572125000.0,322900000,118472000,40670000,57554000,57554000,None,0,None,131555000,None,None,3639000,None,None,78254000,None,None,None,0.321,,207569000,115331000,44390000,108184000,None,12426000,None,,,,,4.064,35.2,13.22,,,,,,,,0.246,,200610000,2025-11-03,quarterly,3.4,USD,pre-market,40948000,929169000,0.241,0.646,0.133,51.5,64631000,130401000,126762000,0,576.01,691.29,7.9365,862297000,429911000,270933000,315645000,432386000,44712000,638095000,546614000,54.64,-1034658000,769.98,356.14
2025-12-28,IDXX,12.6,4167411000.0,54.64,None,1.668,19.52,,None,117975000,117975000,,,,,,,,,9729000,119292000,None,315195000,315195000,23190000,None,None,127138000,None,None,24369000,,,,,0.214,0.25,115331000,139700000,3.15,2010-06-30,48.08,143252000,2572125000.0,322900000,118472000,40670000,57873000,57873000,None,0,None,122032000,None,None,3856000,None,None,78254000,None,None,None,0.321,,207569000,115331000,43407000,99629000,None,11722000,None,,,,,4.064,35.2,13.22,,,,,,,,0.246,,196714000,2025-11-03,quarterly,3.4,USD,pre-market,40948000,894475000,0.241,0.646,0.133,51.5,64631000,138556000,134700000,0,576.01,691.29,7.9365,833735000,410552000,271200000,309458000,423183000,38258000,638095000,524261000,54.64,-1001081000,769.98,356.14
2025-12-28,IDXX,12.6,4167411000.0,54.64,None,1.668,19.52,,None,106354000,106354000,,,,,,,,,9679000,120058000,None,315195000,315195000,24104000,None,None,130519000,None,None,24369000,,,,,0.214,0.25,115331000,139700000,3.15,2010-03-31,48.08,146534000,2572125000.0,322900000,118472000,40670000,61304000,61304000,None,0,None,122384000,None,None,4070000,None,None,78254000,None,None,None,0.321,,207569000,115331000,39112000,94616000,None,None,None,,,,,4.064,35.2,13.22,,,,,,,,0.246,,197063000,2025-11-03,quarterly,3.4,USD,pre-market,40948000,857282000,0.241,0.646,0.133,51.5,64631000,162283000,158213000,None,576.01,691.29,7.9365,824284000,398369000,289167000,327152000,425915000,37985000,638095000,497120000,54.64,-975061000,769.98,356.14
2025-12-28,IDXX,12.6,4167411000.0,54.64,None,1.668,19.52,,None,106728000,106728000,,,,,,,,,9633000,116066000,None,315195000,315195000,19133000,None,None,115107000,None,None,24369000,,,,,0.214,0.25,115331000,139700000,3.15,2009-12-31,48.08,148705000,2572125000.0,322900000,118472000,40670000,63907000,63907000,None,0,None,110425000,None,None,4281000,None,None,78254000,None,None,None,0.321,,207569000,115331000,44078000,94979000,None,None,None,,,,,4.064,35.2,13.22,,,,,,,,0.246,,199946000,2025-11-03,quarterly,3.4,USD,pre-market,40948000,824256000,0.241,0.646,0.133,51.5,64631000,123884000,119603000,None,576.01,691.29,7.9365,808527000,376338000,256305000,293948000,432189000,37643000,638095000,514569000,54.64,-914759000,769.98,356.14
2025-12-28,IDXX,12.6,4167411000.0,54.64,None,1.668,19.52,,None,106728000,106728000,,,,,,,,,9616000,121336000,None,315195000,315195000,21465000,None,None,115141000,None,None,24369000,,,,,0.214,0.25,115331000,139700000,3.15,2009-09-30,48.08,115141000,2572125000.0,322900000,118472000,40670000,214974000,214974000,None,0,None,124488000,None,None,84489000,None,None,78254000,None,None,None,0.321,,207569000,115331000,39370000,96460000,None,None,None,,,,,4.064,35.2,13.22,,,,,,,,0.246,,196542000,2025-11-03,quarterly,3.4,USD,pre-market,40948000,793305000,0.241,0.646,0.133,51.5,64631000,147887000,801000,None,576.01,691.29,7.9365,814889000,385727000,198563000,315255000,429162000,116692000,638095000,499634000,54.64,-889581000,769.98,356.14
2025-12-28,IDXX,12.6,4167411000.0,54.64,None,1.668,19.52,,None,103744000,103744000,,,,,,,,,9583000,121394000,None,315195000,315195000,26472000,None,None,118782000,None,None,24369000,,,,,0.214,0.25,115331000,139700000,3.15,2009-06-30,48.08,118782000,2572125000.0,322900000,118472000,40670000,207682000,207682000,None,0,None,122924000,None,None,84694000,None,None,78254000,None,None,None,0.321,,207569000,115331000,38887000,89225000,None,None,None,,,,,4.064,35.2,13.22,,,,,,,,0.246,,189660000,2025-11-03,quarterly,3.4,USD,pre-market,40948000,761769000,0.241,0.646,0.133,51.5,64631000,160280000,788000,None,576.01,691.29,7.9365,798510000,384337000,213110000,327936000,414173000,114826000,638095000,470574000,54.64,-871206000,769.98,356.14
2025-12-28,IDXX,12.6,4167411000.0,54.64,None,1.668,19.52,,None,86295000,86295000,,,,,,,,,9563000,121212000,None,315195000,315195000,23541000,None,None,115253000,None,None,24369000,,,,,0.214,0.25,115331000,139700000,3.15,2009-03-31,48.08,115253000,2572125000.0,322900000,118472000,40670000,200748000,200748000,None,0,None,123575000,None,None,4896000,None,None,78254000,None,None,None,0.321,,207569000,115331000,42660000,73726000,None,None,None,,,,,4.064,35.2,13.22,,,,,,,,0.246,,186708000,2025-11-03,quarterly,3.4,USD,pre-market,40948000,728102000,0.241,0.646,0.133,51.5,64631000,171190000,166294000,None,576.01,691.29,7.9365,770504000,367783000,292143000,324676000,402721000,32533000,638095000,445828000,54.64,-846448000,769.98,356.14
2025-12-28,IDXX,12.6,4167411000.0,54.64,None,1.668,19.52,,None,78868000,78868000,,,,,,,,,9539000,118344000,None,315195000,315195000,28006000,None,None,111498000,None,None,24369000,,,,,0.214,0.25,115331000,139700000,3.15,2008-12-31,48.08,138768000,2572125000.0,322900000,118472000,40670000,68327000,68327000,None,0,None,115926000,None,None,5094000,None,None,78254000,None,None,None,0.321,,207569000,115331000,49598000,91292000,None,None,None,,,,,4.064,35.2,13.22,,,,,,,,0.246,,189646000,2025-11-03,quarterly,3.4,USD,pre-market,40948000,702031000,0.241,0.646,0.133,51.5,64631000,156479000,151385000,None,576.01,691.29,7.9365,765437000,355890000,295292000,327243000,409547000,31951000,638095000,438194000,54.64,-830390000,769.98,356.14
2025-12-28,IDXX,12.6,4167411000.0,54.64,None,1.668,19.52,,None,84586000,84586000,,,,,,,,,9531000,123730000,None,315195000,315195000,28937000,None,None,112053000,None,None,24369000,,,,,0.214,0.25,115331000,139700000,3.15,2008-09-30,48.08,231379000,2572125000.0,322900000,118472000,40670000,231379000,231379000,None,0,None,112907000,None,None,5157000,None,None,78254000,None,None,None,0.321,,207569000,115331000,43831000,103659000,None,None,None,,,,,4.064,35.2,13.22,,,,,,,,0.246,,178655000,2025-11-03,quarterly,3.4,USD,pre-market,40948000,678476000,0.241,0.646,0.133,51.5,64631000,169853000,164696000,None,576.01,691.29,7.9365,778693000,353377000,307750000,341366000,425316000,33616000,638095000,437327000,54.64,-820468000,769.98,356.14
2025-12-28,IDXX,12.6,4167411000.0,54.64,None,1.668,19.52,,None,75265000,75265000,,,,,,,,,9502000,124880000,None,315195000,315195000,25357000,None,None,120565000,None,None,24369000,,,,,0.214,0.25,115331000,139700000,3.15,2008-06-30,48.08,242137000,2572125000.0,322900000,118472000,40670000,242137000,242137000,None,0,None,106182000,None,None,5350000,None,None,78254000,None,None,None,0.321,,207569000,115331000,37052000,103966000,None,None,None,,,,,4.064,35.2,13.22,,,,,,,,0.246,,166604000,2025-11-03,quarterly,3.4,USD,pre-market,40948000,652777000,0.241,0.646,0.133,51.5,64631000,164065000,158715000,None,576.01,691.29,7.9365,764889000,339064000,299052000,336428000,425825000,37376000,638095000,428461000,54.64,-800325000,769.98,356.14
2025-12-28,IDXX,12.6,4167411000.0,54.64,None,1.668,19.52,,None,60220000,60220000,,,,,,,,,9487000,127116000,None,315195000,315195000,25301000,None,None,125245000,None,None,24369000,,,,,0.214,0.25,115331000,139700000,3.15,2008-03-31,48.08,244781000,2572125000.0,322900000,118472000,40670000,244781000,244781000,None,0,None,99878000,None,None,5540000,None,None,78254000,None,None,None,0.321,,207569000,115331000,37023000,88300000,None,None,None,,,,,4.064,35.2,13.22,,,,,,,,0.246,,151094000,2025-11-03,quarterly,3.4,USD,pre-market,40948000,613413000,0.241,0.646,0.133,51.5,64631000,146222000,140682000,None,576.01,691.29,7.9365,736857000,322366000,265026000,303221000,414491000,38195000,638095000,433636000,54.64,-749318000,769.98,356.14
2025-12-28,IDXX,12.6,4167411000.0,54.64,None,1.668,19.52,,None,60360000,60360000,,,,,,,,,9450000,121730000,None,315195000,315195000,32510000,None,None,108384000,None,None,24369000,,,,,0.214,0.25,115331000,139700000,3.15,2007-12-31,48.08,236414000,2572125000.0,322900000,118472000,40670000,236414000,236414000,None,0,None,98804000,None,None,5727000,None,None,78254000,None,None,None,0.321,,207569000,115331000,38115000,107248000,None,None,None,,,,,4.064,35.2,13.22,,,,,,,,0.246,,141852000,2025-11-03,quarterly,3.4,USD,pre-market,40948000,585862000,0.241,0.646,0.133,51.5,64631000,78683000,72956000,None,576.01,691.29,7.9365,702179000,305663000,223392000,263856000,396516000,40464000,638095000,438323000,54.64,-696668000,769.98,356.14
2025-12-28,IDXX,12.6,4167411000.0,54.64,None,1.668,19.52,,None,58507000,58507000,,,,,,,,,4716000,127964000,None,315195000,315195000,21786000,None,None,103407000,None,None,24369000,,,,,0.214,0.25,115331000,139700000,3.15,2007-09-30,48.08,235881000,2572125000.0,322900000,118472000,40670000,235881000,235881000,None,0,None,96273000,None,None,5911000,None,None,78254000,None,None,None,0.321,,207569000,115331000,35562000,99350000,None,None,None,,,,,4.064,35.2,13.22,,,,,,,,0.246,,126865000,2025-11-03,quarterly,3.4,USD,pre-market,40948000,560334000,0.241,0.646,0.133,51.5,64631000,83901000,77990000,None,576.01,691.29,7.9365,674233000,293749000,209170000,254093000,380484000,44923000,638095000,420140000,54.64,-677509000,769.98,356.14
2025-12-28,IDXX,12.6,4167411000.0,54.64,None,1.668,19.52,,None,49588000,49588000,,,,,,,,,4700000,128804000,None,315195000,315195000,28366000,None,None,106684000,None,None,24369000,,,,,0.214,0.25,115331000,139700000,3.15,2007-06-30,48.08,230562000,2572125000.0,322900000,118472000,40670000,230562000,230562000,None,0,None,91551000,None,None,6092000,None,None,78254000,None,None,None,0.321,,207569000,115331000,34645000,92265000,None,None,None,,,,,4.064,35.2,13.22,,,,,,,,0.246,,117806000,2025-11-03,quarterly,3.4,USD,pre-market,40948000,534539000,0.241,0.646,0.133,51.5,64631000,90539000,84447000,None,576.01,691.29,7.9365,646169000,282468000,213569000,261617000,363701000,48048000,638095000,384552000,54.64,-670359000,769.98,356.14
2025-12-28,IDXX,12.6,4167411000.0,54.64,None,1.668,19.52,,None,53937000,53937000,,,,,,,,,4688000,130168000,None,315195000,315195000,27316000,None,None,104791000,None,None,24369000,,,,,0.214,0.25,115331000,139700000,3.15,2007-03-31,48.08,227369000,2572125000.0,322900000,118472000,40670000,43353000,43353000,None,0,None,106373000,None,None,6271000,None,None,78254000,None,None,None,0.321,,207569000,115331000,31655000,75960000,None,None,None,,,,,4.064,35.2,13.22,,,,,,,,0.246,,108796000,2025-11-03,quarterly,3.4,USD,pre-market,40948000,512875000,0.241,0.646,0.133,51.5,64631000,82175000,75904000,35000000,576.01,691.29,7.9365,646494000,296756000,188415000,234410000,349738000,45995000,638095000,412084000,54.64,-612644000,769.98,356.14
2025-12-28,IDXX,12.6,4167411000.0,54.64,None,1.668,19.52,,None,61666000,61666000,,,,,,,,,4662000,124548000,None,315195000,315195000,24374000,None,None,81389000,None,None,24369000,,,,,0.214,0.25,115331000,139700000,3.15,2006-12-31,48.08,104826000,2572125000.0,322900000,118472000,40670000,43353000,43353000,None,0,None,95996000,None,None,6447000,None,None,78254000,None,None,None,0.321,,207569000,115331000,28212000,90715000,None,None,None,,,,,4.064,35.2,13.22,,,,,,,,0.246,,99628000,2025-11-03,quarterly,3.4,USD,pre-market,40948000,490614000,0.241,0.646,0.133,51.5,64631000,7125000,678000,35000000,576.01,691.29,7.9365,559560000,302263000,124743000,149699000,257297000,24956000,638095000,409861000,54.64,-577826000,769.98,356.14
2025-12-28,IDXX,12.6,4167411000.0,54.64,None,1.668,19.52,,None,50950000,50950000,,,,,,,,,4656000,130924000,None,315195000,315195000,23193000,None,None,79301000,None,None,24369000,,,,,0.214,0.25,115331000,139700000,3.15,2006-09-30,48.08,132723000,2572125000.0,322900000,118472000,40670000,132723000,132723000,None,0,None,93242000,None,None,6625000,None,None,78254000,None,None,None,0.321,,207569000,115331000,24760000,84434000,None,None,None,,,,,4.064,35.2,13.22,,,,,,,,0.246,,91165000,2025-11-03,quarterly,3.4,USD,pre-market,40948000,465942000,0.241,0.646,0.133,51.5,64631000,7290000,665000,43641000,576.01,691.29,7.9365,524972000,291894000,116732000,137387000,233078000,20655000,638095000,387585000,54.64,-565947000,769.98,356.14
2025-12-28,IDXX,12.6,4167411000.0,54.64,None,1.668,19.52,,None,50023000,50023000,,,,,,,,,4638000,132056000,None,315195000,315195000,24240000,None,None,84473000,None,None,24369000,,,,,0.214,0.25,115331000,139700000,3.15,2006-06-30,48.08,133033000,2572125000.0,322900000,118472000,40670000,133033000,133033000,None,0,None,85540000,None,None,6795000,None,None,78254000,None,None,None,0.321,,207569000,115331000,24724000,89476000,None,None,None,,,,,4.064,35.2,13.22,,,,,,,,0.246,,88795000,2025-11-03,quarterly,3.4,USD,pre-market,40948000,440989000,0.241,0.646,0.133,51.5,64631000,7450000,655000,27034000,576.01,691.29,7.9365,501378000,271794000,123321000,144344000,229584000,21023000,638095000,357034000,54.64,-557339000,769.98,356.14
2025-12-28,IDXX,12.6,4167411000.0,54.64,None,1.668,19.52,,None,35339000,35339000,,,,,,,,,4628000,133672000,None,315195000,315195000,25034000,None,None,81916000,None,None,24369000,,,,,0.214,0.25,115331000,139700000,3.15,2006-03-31,48.08,119255000,2572125000.0,322900000,118472000,40670000,118746000,118746000,None,0,None,81229000,None,None,None,None,None,78254000,None,None,None,0.321,,207569000,115331000,24817000,65033000,None,None,None,,,,,4.064,35.2,13.22,,,,,,,,0.246,,67273000,2025-11-03,quarterly,3.4,USD,pre-market,40948000,415209000,0.241,0.646,0.133,51.5,64631000,551000,62796000,57658000,576.01,691.29,7.9365,475242000,280959000,98368000,111995000,194283000,13627000,638095000,363059000,54.64,-514791000,769.98,356.14
2025-12-28,IDXX,12.6,4167411000.0,54.64,None,1.668,19.52,,None,67151000,67151000,,,,,,,,,4594000,127200000,None,315195000,315195000,19842000,None,None,71688000,None,None,24369000,,,,,0.214,0.25,115331000,139700000,3.15,2005-12-31,48.08,88127000,2572125000.0,322900000,118472000,40670000,30619000,30619000,None,0,None,69369000,None,None,None,None,None,78254000,None,None,None,0.321,,207569000,115331000,25457000,78208000,None,None,None,,,,,4.064,35.2,13.22,,,,,,,,0.246,,65697000,2025-11-03,quarterly,3.4,USD,pre-market,40948000,396936000,0.241,0.646,0.133,51.5,64631000,551000,551000,65580000,576.01,691.29,7.9365,490676000,299245000,106566000,121366000,191431000,14800000,638095000,369010000,54.64,-472096000,769.98,356.14
2025-12-28,IDXX,12.6,4167411000.0,54.64,None,1.668,19.52,,None,57768000,57768000,,,,,,,,,4579000,136176000,None,315195000,315195000,18404000,None,None,68098000,None,None,24369000,,,,,0.214,0.25,115331000,139700000,3.15,2005-09-30,48.08,88397000,2572125000.0,322900000,118472000,40670000,119904000,119904000,None,0,None,80206000,None,None,None,None,None,78254000,None,None,None,0.321,,207569000,115331000,21916000,70229000,None,None,None,,,,,4.064,35.2,13.22,,,,,,,,0.246,,64936000,2025-11-03,quarterly,3.4,USD,pre-market,40948000,376909000,0.241,0.646,0.133,51.5,64631000,542000,542000,71688000,576.01,691.29,7.9365,492630000,299676000,97518000,111504000,192954000,13986000,638095000,380764000,54.64,-437127000,769.98,356.14
2025-12-28,IDXX,12.6,4167411000.0,54.64,None,1.668,19.52,,119375000,288266000,288266000,,,,,,,,,10784000,83056000,None,315195000,315195000,114211000,None,417787000,473575000,None,None,24369000,,,,,0.214,0.25,115331000,139700000,3.15,2024-12-31,48.08,405100000,2572125000.0,322900000,118472000,40670000,111676000,111676000,None,0,None,381877000,None,None,449786000,None,57718000,78254000,None,None,None,0.321,,207569000,115331000,256179000,689867000,None,None,None,,,,,4.064,35.2,13.22,,,,,,,,0.246,,None,2025-11-03,annual,3.4,USD,pre-market,40948000,5332438000,0.241,0.646,0.133,51.5,64631000,265623000,167787000,None,576.01,691.29,7.9365,3293443000,1399897000,1067916000,1698130000,1893546000,109148000,638095000,1595313000,54.64,None,769.98,356.14
2025-12-28,IDXX,12.6,4167411000.0,54.64,None,1.668,19.52,,119473000,453932000,453932000,,,,,,,,,10751000,83978000,None,315195000,315195000,110643000,None,324997000,529528000,None,None,24369000,,,,,0.214,0.25,115331000,139700000,3.15,2023-12-31,48.08,365961000,2572125000.0,322900000,118472000,40670000,84500000,84500000,None,0,None,380282000,None,None,622883000,None,56193000,78254000,None,None,None,0.321,,207569000,115331000,131512000,372357000,None,None,None,,,,,4.064,35.2,13.22,,,,,,,,0.246,,None,2025-11-03,annual,3.4,USD,pre-market,40948000,4444571000,0.241,0.646,0.133,51.5,64631000,1067353000,344799000,None,576.01,691.29,7.9365,3259925000,1495254000,951547000,1775395000,1764671000,823848000,638095000,1484530000,54.64,None,769.98,356.14
2025-12-28,IDXX,12.6,4167411000.0,54.64,None,1.668,19.52,,121664000,112546000,112546000,,,,,,,,,10719000,84600000,None,315195000,315195000,110221000,None,653982000,490903000,None,None,24369000,,,,,0.214,0.25,115331000,139700000,3.15,2022-12-31,48.08,361795000,2572125000.0,322900000,118472000,40670000,97672000,97672000,None,0,None,367823000,None,None,694387000,None,55500000,78254000,None,None,None,0.321,,207569000,115331000,130205000,364690000,None,199688000,None,,,,,4.064,35.2,13.22,,,,,,,,0.246,,649474000,2025-11-03,annual,3.4,USD,pre-market,40948000,3599529000,0.241,0.646,0.133,51.5,64631000,1470033000,674407000,None,576.01,691.29,7.9365,2746765000,1101477000,1235803000,2138028000,1645288000,902225000,638095000,608737000,54.64,None,769.98,356.14
2025-12-28,IDXX,12.6,4167411000.0,54.64,None,1.668,19.52,,107308000,144454000,144454000,,,,,,,,,10688000,86572000,None,315195000,315195000,116140000,None,148496000,425584000,None,None,24369000,,,,,0.214,0.25,115331000,139700000,3.15,2021-12-31,48.08,359345000,2572125000.0,322900000,118472000,40670000,99035000,99035000,None,0,None,269030000,None,None,775205000,None,13348000,78254000,None,None,None,0.321,,207569000,115331000,116587000,396373000,None,208427000,None,,,,,4.064,35.2,13.22,,,,,,,,0.246,,587667000,2025-11-03,annual,3.4,USD,pre-market,40948000,2920440000,0.241,0.646,0.133,51.5,64631000,1031009000,168427000,None,576.01,691.29,7.9365,2437203000,955655000,763579000,1747211000,1481548000,983632000,638095000,689992000,54.64,-3570691000,769.98,356.14
2025-12-28,IDXX,12.6,4167411000.0,54.64,None,1.668,19.52,,94772000,383928000,383928000,,,,,,,,,10646000,86722000,None,315195000,315195000,74558000,None,49988000,374742000,None,None,24369000,,,,,0.214,0.25,115331000,139700000,3.15,2020-12-31,48.08,243347000,2572125000.0,322900000,118472000,40670000,52543000,52543000,None,0,None,209873000,None,None,858492000,None,12065000,78254000,None,None,None,0.321,,207569000,115331000,94195000,355239000,None,208806000,None,,,,,4.064,35.2,13.22,,,,,,,,0.246,,555167000,2025-11-03,annual,3.4,USD,pre-market,40948000,2175595000,0.241,0.646,0.133,51.5,64631000,1003252000,67721000,None,576.01,691.29,7.9365,2294561000,1062738000,582761000,1661766000,1231823000,1079005000,638095000,632088000,54.64,-2799890000,769.98,356.14
2025-12-28,IDXX,12.6,4167411000.0,54.64,None,1.668,19.52,,82753000,90326000,90326000,,,,,,,,,10571000,87542000,None,315195000,315195000,72172000,None,288765000,307487000,None,None,24369000,,,,,0.214,0.25,115331000,139700000,3.15,2019-12-31,48.08,239724000,2572125000.0,322900000,118472000,40670000,58468000,58468000,None,0,None,195019000,None,None,698910000,None,13657000,78254000,None,None,None,0.321,,207569000,115331000,86807000,276549000,None,197379000,None,,,,,4.064,35.2,13.22,,,,,,,,0.246,,533845000,2025-11-03,annual,3.4,USD,pre-market,40948000,1595648000,0.241,0.646,0.133,51.5,64631000,1070428000,304046000,None,576.01,691.29,7.9365,1832475000,679639000,725337000,1654650000,1152836000,929313000,638095000,177473000,54.64,-2600543000,769.98,356.14
2025-12-28,IDXX,12.6,4167411000.0,54.64,None,1.668,19.52,,None,123794000,123794000,,,,,,,,,10509000,88470000,None,315195000,315195000,69534000,None,398937000,258525000,None,None,24369000,,,,,0.214,0.25,115331000,139700000,3.15,2018-12-31,48.08,214489000,2572125000.0,322900000,118472000,40670000,41825000,41825000,None,0,None,173303000,None,None,601348000,None,10894000,78254000,None,None,None,0.321,,207569000,115331000,84452000,234074000,None,145523000,None,,,,,4.064,35.2,13.22,,,,,,,,0.246,,437270000,2025-11-03,annual,3.4,USD,pre-market,40948000,1167928000,0.241,0.646,0.133,51.5,64631000,1000285000,398937000,0,576.01,691.29,7.9365,1537349000,654172000,770444000,1546582000,883177000,776138000,638095000,-9513000,54.64,-2288899000,769.98,356.14
2025-12-28,IDXX,12.6,4167411000.0,54.64,None,1.668,19.52,,None,187675000,187675000,,,,,,,,,10428000,89567000,None,315195000,315195000,66968000,None,655000000,270072000,None,None,24369000,,,,,0.214,0.25,115331000,139700000,3.15,2017-12-31,48.08,199873000,2572125000.0,322900000,118472000,40670000,43846000,43846000,None,0,None,164318000,None,None,606075000,None,9949000,78254000,None,None,None,0.321,,207569000,115331000,130107000,224029000,None,95718000,None,,,,,4.064,35.2,13.22,,,,,,,,0.246,,379096000,2025-11-03,annual,3.4,USD,pre-market,40948000,803545000,0.241,0.646,0.133,51.5,64631000,1261075000,655000000,284255000,576.01,691.29,7.9365,1713416000,971985000,1004567000,1767258000,741431000,762691000,638095000,-54106000,54.64,-1911528000,769.98,356.14
2025-12-28,IDXX,12.6,4167411000.0,54.64,None,1.668,19.52,,None,154901000,154901000,,,,,,,,,10334000,90884000,None,315195000,315195000,60057000,None,611000000,232166000,None,None,24369000,,,,,0.214,0.25,115331000,139700000,3.15,2016-12-31,48.08,178228000,2572125000.0,322900000,118472000,40670000,46155000,46155000,None,0,None,158034000,None,None,593110000,None,10978000,78254000,None,None,None,0.321,,207569000,115331000,116952000,212158000,None,38937000,None,,,,,4.064,35.2,13.22,,,,,,,,0.246,,357422000,2025-11-03,annual,3.4,USD,pre-market,40948000,540401000,0.241,0.646,0.133,51.5,64631000,1204110000,611000000,236949000,576.01,691.29,7.9365,1530704000,845584000,934568000,1638917000,685120000,704349000,638095000,-108352000,54.64,-1633443000,769.98,356.14
2025-12-28,IDXX,12.6,4167411000.0,54.64,None,1.668,19.52,,None,128994000,128994000,,,,,,,,,10258000,93649000,None,315195000,315195000,52648000,None,573000000,200110000,None,None,24369000,,,,,0.214,0.25,115331000,139700000,3.15,2015-12-31,48.08,178934000,2572125000.0,322900000,118472000,40670000,55909000,55909000,None,0,None,188833000,None,None,597085000,None,None,78254000,None,None,None,0.321,,207569000,115331000,129142000,186567000,None,28698000,None,,,,,4.064,35.2,13.22,,,,,,,,0.246,,333026000,2025-11-03,annual,3.4,USD,pre-market,40948000,318356000,0.241,0.646,0.133,51.5,64631000,1170085000,573000000,213591000,576.01,691.29,7.9365,1474993000,821634000,856761000,1558988000,653359000,702227000,638095000,-84125000,54.64,-1316417000,769.98,356.14
2025-12-28,IDXX,12.6,4167411000.0,54.64,None,1.668,19.52,,None,322536000,322536000,,,,,,,,,10195000,101503000,None,315195000,315195000,44743000,None,549000000,181306000,None,None,24369000,,,,,0.214,0.25,115331000,139700000,3.15,2014-12-31,48.08,184450000,2572125000.0,322900000,118472000,40670000,65122000,65122000,None,0,None,160342000,None,None,350000000,None,None,78254000,None,None,None,0.321,,207569000,115331000,156812000,166912000,None,32363000,None,,,,,4.064,35.2,13.22,,,,,,,,0.246,,303587000,2025-11-03,annual,3.4,USD,pre-market,40948000,1675299000,0.241,0.646,0.133,51.5,64631000,899000000,549000000,0,576.01,691.29,7.9365,1384211000,759398000,820906000,1266622000,624813000,445716000,638095000,117516000,54.64,-2453266000,769.98,356.14
2025-12-28,IDXX,12.6,4167411000.0,54.64,None,1.668,19.52,,None,279058000,279058000,,,,,,,,,10119000,107970000,None,315195000,315195000,29941000,None,None,158038000,None,None,24369000,,,,,0.214,0.25,115331000,139700000,3.15,2013-12-31,48.08,180521000,2572125000.0,322900000,118472000,40670000,58844000,58844000,None,0,None,133427000,None,None,150359000,None,None,78254000,None,None,None,0.321,,207569000,115331000,102993000,132411000,None,31215000,None,,,,,4.064,35.2,13.22,,,,,,,,0.246,,281214000,2025-11-03,annual,3.4,USD,pre-market,40948000,1493393000,0.241,0.646,0.133,51.5,64631000,428394000,278035000,0,576.01,691.29,7.9365,1230516000,652706000,478353000,712302000,577810000,233949000,638095000,518186000,54.64,-1829378000,769.98,356.14
2025-12-28,IDXX,12.6,4167411000.0,54.64,None,1.668,19.52,,None,223986000,223986000,,,,,,,,,10016000,112310000,None,315195000,315195000,35288000,None,None,138324000,None,None,24369000,,,,,0.214,0.25,115331000,139700000,3.15,2012-12-31,48.08,174994000,2572125000.0,322900000,118472000,40670000,62833000,62833000,None,0,None,140946000,None,None,1394000,None,None,78254000,None,None,None,0.321,,207569000,115331000,66281000,122801000,None,23898000,None,,,,,4.064,35.2,13.22,,,,,,,,0.246,,245177000,2025-11-03,annual,3.4,USD,pre-market,40948000,1305593000,0.241,0.646,0.133,51.5,64631000,214501000,213107000,0,576.01,691.29,7.9365,1103602000,569537000,406333000,467345000,534065000,61012000,638095000,636223000,54.64,-1457184000,769.98,356.14
2025-12-28,IDXX,12.6,4167411000.0,54.64,None,1.668,19.52,,None,183895000,183895000,,,,,,,,,9923000,116428000,None,315195000,315195000,36551000,None,None,141275000,None,None,24369000,,,,,0.214,0.25,115331000,139700000,3.15,2011-12-31,48.08,172610000,2572125000.0,322900000,118472000,40670000,69209000,69209000,None,0,None,133099000,None,None,2501000,None,None,78254000,None,None,None,0.321,,207569000,115331000,65958000,141383000,None,17730000,None,,,,,4.064,35.2,13.22,,,,,,,,0.246,,216777000,2025-11-03,annual,3.4,USD,pre-market,40948000,1127326000,0.241,0.646,0.133,51.5,64631000,246418000,243917000,0,576.01,691.29,7.9365,1030814000,524227000,436879000,491221000,506587000,54342000,638095000,539579000,54.64,-1320376000,769.98,356.14
2025-12-28,IDXX,12.6,4167411000.0,54.64,None,1.668,19.52,,None,156915000,156915000,,,,,,,,,9797000,119118000,None,315195000,315195000,22669000,None,None,120080000,None,None,24369000,,,,,0.214,0.25,115331000,139700000,3.15,2010-12-31,48.08,149112000,2572125000.0,322900000,118472000,40670000,55752000,55752000,None,0,None,127885000,None,None,3418000,None,None,78254000,None,None,None,0.321,,207569000,115331000,55711000,106278000,None,11045000,None,,,,,4.064,35.2,13.22,,,,,,,,0.246,,201725000,2025-11-03,annual,3.4,USD,pre-market,40948000,965540000,0.241,0.646,0.133,51.5,64631000,133280000,129862000,0,576.01,691.29,7.9365,897144000,460591000,285112000,322863000,436553000,37751000,638095000,574235000,54.64,-1060647000,769.98,356.14
2025-12-28,IDXX,12.6,4167411000.0,54.64,None,1.668,19.52,,None,106728000,106728000,,,,,,,,,9633000,121364000,None,315195000,315195000,19133000,None,None,115107000,None,None,24369000,,,,,0.214,0.25,115331000,139700000,3.15,2009-12-31,48.08,148705000,2572125000.0,322900000,118472000,40670000,63907000,63907000,None,0,None,110425000,None,None,4281000,None,None,78254000,None,None,None,0.321,,207569000,115331000,44078000,94979000,None,None,None,,,,,4.064,35.2,13.22,,,,,,,,0.246,,199946000,2025-11-03,annual,3.4,USD,pre-market,40948000,824256000,0.241,0.646,0.133,51.5,64631000,123884000,119603000,None,576.01,691.29,7.9365,808527000,376338000,256305000,293948000,432189000,37643000,638095000,514569000,54.64,-914759000,769.98,356.14
2025-12-28,IDXX,12.6,4167411000.0,54.64,None,1.668,19.52,,None,78868000,78868000,,,,,,,,,9539000,124498000,None,315195000,315195000,28006000,None,None,111498000,None,None,24369000,,,,,0.214,0.25,115331000,139700000,3.15,2008-12-31,48.08,138768000,2572125000.0,322900000,118472000,40670000,68327000,68327000,None,0,None,115926000,None,None,5094000,None,None,78254000,None,None,None,0.321,,207569000,115331000,49598000,91292000,None,None,None,,,,,4.064,35.2,13.22,,,,,,,,0.246,,189646000,2025-11-03,annual,3.4,USD,pre-market,40948000,702031000,0.241,0.646,0.133,51.5,64631000,156479000,151385000,None,576.01,691.29,7.9365,765437000,355890000,295292000,327243000,409547000,31951000,638095000,438194000,54.64,-830390000,769.98,356.14
2025-12-28,IDXX,12.6,4167411000.0,54.64,None,1.668,19.52,,None,60360000,60360000,,,,,,,,,9450000,128910000,None,315195000,315195000,32510000,None,None,108384000,None,None,24369000,,,,,0.214,0.25,115331000,139700000,3.15,2007-12-31,48.08,236414000,2572125000.0,322900000,118472000,40670000,236414000,236414000,None,0,None,98804000,None,None,5727000,None,None,78254000,None,None,None,0.321,,207569000,115331000,38115000,107248000,None,None,None,,,,,4.064,35.2,13.22,,,,,,,,0.246,,141852000,2025-11-03,annual,3.4,USD,pre-market,40948000,585862000,0.241,0.646,0.133,51.5,64631000,78683000,72956000,None,576.01,691.29,7.9365,702179000,305663000,223392000,263856000,396516000,40464000,638095000,438323000,54.64,-696668000,769.98,356.14
2025-12-28,IDXX,12.6,4167411000.0,54.64,None,1.668,19.52,,None,61666000,61666000,,,,,,,,,4662000,131814000,None,315195000,315195000,24374000,None,None,81389000,None,None,24369000,,,,,0.214,0.25,115331000,139700000,3.15,2006-12-31,48.08,104826000,2572125000.0,322900000,118472000,40670000,43353000,43353000,None,0,None,95996000,None,None,6447000,None,None,78254000,None,None,None,0.321,,207569000,115331000,28212000,90715000,None,None,None,,,,,4.064,35.2,13.22,,,,,,,,0.246,,99628000,2025-11-03,annual,3.4,USD,pre-market,40948000,490614000,0.241,0.646,0.133,51.5,64631000,7125000,678000,35000000,576.01,691.29,7.9365,559560000,302263000,124743000,149699000,257297000,24956000,638095000,409861000,54.64,-577826000,769.98,356.14
2025-12-28,IDXX,12.6,4167411000.0,54.64,None,1.668,19.52,,None,67151000,67151000,,,,,,,,,4594000,136220000,None,315195000,315195000,19842000,None,None,71688000,None,None,24369000,,,,,0.214,0.25,115331000,139700000,3.15,2005-12-31,48.08,88127000,2572125000.0,322900000,118472000,40670000,30619000,30619000,None,0,None,69369000,None,None,None,None,None,78254000,None,None,None,0.321,,207569000,115331000,25457000,78208000,None,None,None,,,,,4.064,35.2,13.22,,,,,,,,0.246,,65697000,2025-11-03,annual,3.4,USD,pre-market,40948000,396936000,0.241,0.646,0.133,51.5,64631000,551000,551000,65580000,576.01,691.29,7.9365,490676000,299245000,106566000,121366000,191431000,14800000,638095000,369010000,54.64,-472096000,769.98,356.14
2025-12-28,IDXX,12.6,4167411000.0,54.64,None,1.668,19.52,31114000,None,67151000,67151000,-313310000,-44871000,None,None,4081000,None,None,None,4594000,136220000,None,315195000,315195000,19842000,None,None,71688000,None,None,24369000,-103898000,None,None,None,0.214,0.25,115331000,139700000,3.15,2025-09-30,48.08,88127000,2572125000.0,322900000,118472000,40670000,30619000,30619000,None,0,None,69369000,None,None,None,None,None,274610000,None,None,None,0.321,402340000,207569000,115331000,25457000,78208000,None,None,None,None,None,None,None,4.064,35.2,13.22,None,None,None,None,None,-240195000,None,0.246,None,65697000,2025-11-03,quarterly,3.4,USD,pre-market,40948000,396936000,0.241,0.646,0.133,51.5,64631000,551000,551000,65580000,576.01,691.29,7.9365,490676000,299245000,106566000,121366000,191431000,14800000,638095000,369010000,54.64,-472096000,769.98,356.14
2025-12-28,IDXX,12.6,4167411000.0,54.64,None,1.668,19.52,34102000,None,67151000,67151000,-165631000,-33628000,None,None,-6244000,None,None,None,4594000,136220000,None,315195000,315195000,19842000,None,None,71688000,None,None,24369000,69835000,None,None,None,0.214,0.25,115331000,139700000,3.15,2025-06-30,48.08,88127000,2572125000.0,322900000,118472000,40670000,30619000,30619000,None,0,None,69369000,None,None,None,None,None,293989000,None,None,None,0.321,185743000,207569000,115331000,25457000,78208000,None,None,None,None,None,None,None,4.064,35.2,13.22,None,None,None,None,None,-338105000,None,0.246,None,65697000,2025-11-03,quarterly,3.4,USD,pre-market,40948000,396936000,0.241,0.646,0.133,51.5,64631000,551000,551000,65580000,576.01,691.29,7.9365,490676000,299245000,106566000,121366000,191431000,14800000,638095000,369010000,54.64,-472096000,769.98,356.14
2025-12-28,IDXX,12.6,4167411000.0,54.64,None,1.668,19.52,30026000,None,67151000,67151000,-330321000,-29610000,None,None,2163000,None,None,None,4594000,136220000,None,315195000,315195000,19842000,None,None,71688000,None,None,24369000,34063000,None,None,None,0.214,0.25,115331000,139700000,3.15,2025-03-31,48.08,88127000,2572125000.0,322900000,118472000,40670000,30619000,30619000,None,0,None,69369000,None,None,None,None,None,242677000,None,None,None,0.321,237962000,207569000,115331000,25457000,78208000,None,None,None,None,None,None,None,4.064,35.2,13.22,None,None,None,None,None,-400890000,None,0.246,None,65697000,2025-11-03,quarterly,3.4,USD,pre-market,40948000,396936000,0.241,0.646,0.133,51.5,64631000,551000,551000,65580000,576.01,691.29,7.9365,490676000,299245000,106566000,121366000,191431000,14800000,638095000,369010000,54.64,-472096000,769.98,356.14
2025-12-28,IDXX,12.6,4167411000.0,54.64,None,1.668,19.52,39255000,None,67151000,67151000,-232782000,-39843000,None,None,-3245000,None,None,None,4594000,136220000,None,315195000,315195000,19842000,None,None,71688000,None,None,24369000,33706000,None,None,None,0.214,0.25,115331000,139700000,3.15,2024-12-31,48.08,88127000,2572125000.0,322900000,118472000,40670000,30619000,30619000,None,0,None,69369000,None,None,None,None,None,216149000,None,None,None,0.321,262025000,207569000,115331000,25457000,78208000,None,None,None,None,None,None,None,4.064,35.2,13.22,None,None,None,None,None,-245992000,None,0.246,None,65697000,2025-11-03,quarterly,3.4,USD,pre-market,40948000,396936000,0.241,0.646,0.133,51.5,64631000,551000,551000,65580000,576.01,691.29,7.9365,490676000,299245000,106566000,121366000,191431000,14800000,638095000,369010000,54.64,-472096000,769.98,356.14
2025-12-28,IDXX,12.6,4167411000.0,54.64,None,1.668,19.52,28089000,None,67151000,67151000,-290979000,-27368000,None,None,-18543000,None,None,None,4594000,136220000,None,315195000,315195000,19842000,None,None,71688000,None,None,24369000,34133000,None,None,None,0.214,0.25,115331000,139700000,3.15,2024-09-30,48.08,88127000,2572125000.0,322900000,118472000,40670000,30619000,30619000,None,0,None,69369000,None,None,None,None,None,232841000,None,None,None,0.321,220079000,207569000,115331000,25457000,78208000,None,None,None,None,None,None,None,4.064,35.2,13.22,None,None,None,None,None,-220757000,None,0.246,None,65697000,2025-11-03,quarterly,3.4,USD,pre-market,40948000,396936000,0.241,0.646,0.133,51.5,64631000,551000,551000,65580000,576.01,691.29,7.9365,490676000,299245000,106566000,121366000,191431000,14800000,638095000,369010000,54.64,-472096000,769.98,356.14
2025-12-28,IDXX,12.6,4167411000.0,54.64,None,1.668,19.52,33305000,None,67151000,67151000,-210238000,-32907000,None,None,-3801000,None,None,None,4594000,136220000,None,315195000,315195000,19842000,None,None,71688000,None,None,24369000,32193000,None,None,None,0.214,0.25,115331000,139700000,3.15,2024-06-30,48.08,88127000,2572125000.0,322900000,118472000,40670000,30619000,30619000,None,0,None,69369000,None,None,None,None,None,203298000,None,None,None,0.321,248312000,207569000,115331000,25457000,78208000,None,None,None,None,None,None,None,4.064,35.2,13.22,None,None,None,None,None,-215521000,None,0.246,None,65697000,2025-11-03,quarterly,3.4,USD,pre-market,40948000,396936000,0.241,0.646,0.133,51.5,64631000,551000,551000,65580000,576.01,691.29,7.9365,490676000,299245000,106566000,121366000,191431000,14800000,638095000,369010000,54.64,-472096000,769.98,356.14
2025-12-28,IDXX,12.6,4167411000.0,54.64,None,1.668,19.52,30273000,None,67151000,67151000,-144074000,-106944000,None,None,-2412000,None,None,None,4594000,136220000,None,315195000,315195000,19842000,None,None,71688000,None,None,24369000,29904000,None,None,None,0.214,0.25,115331000,139700000,3.15,2024-03-31,48.08,88127000,2572125000.0,322900000,118472000,40670000,30619000,30619000,None,0,None,69369000,None,None,None,None,None,235579000,None,None,None,0.321,198585000,207569000,115331000,25457000,78208000,None,None,None,None,None,None,None,4.064,35.2,13.22,None,None,None,None,None,-154764000,None,0.246,None,65697000,2025-11-03,quarterly,3.4,USD,pre-market,40948000,396936000,0.241,0.646,0.133,51.5,64631000,551000,551000,65580000,576.01,691.29,7.9365,490676000,299245000,106566000,121366000,191431000,14800000,638095000,369010000,54.64,-472096000,769.98,356.14
2025-12-28,IDXX,12.6,4167411000.0,54.64,None,1.668,19.52,32556000,None,67151000,67151000,-101844000,-30435000,None,None,2996000,None,None,None,4594000,136220000,None,315195000,315195000,19842000,None,None,71688000,None,None,24369000,29737000,None,None,None,0.214,0.25,115331000,139700000,3.15,2023-12-31,48.08,88127000,2572125000.0,322900000,118472000,40670000,30619000,30619000,None,0,None,69369000,None,None,None,None,None,194521000,None,None,None,0.321,249851000,207569000,115331000,25457000,78208000,None,None,None,None,None,None,None,4.064,35.2,13.22,None,None,None,None,None,-36850000,None,0.246,None,65697000,2025-11-03,quarterly,3.4,USD,pre-market,40948000,396936000,0.241,0.646,0.133,51.5,64631000,551000,551000,65580000,576.01,691.29,7.9365,490676000,299245000,106566000,121366000,191431000,14800000,638095000,369010000,54.64,-472096000,769.98,356.14
2025-12-28,IDXX,12.6,4167411000.0,54.64,None,1.668,19.52,34094000,None,67151000,67151000,-43038000,-27838000,None,None,7259000,None,None,None,4594000,136220000,None,315195000,315195000,19842000,None,None,71688000,None,None,24369000,28985000,1382000,1382000,None,0.214,0.25,115331000,139700000,3.15,2023-09-30,48.08,88127000,2572125000.0,322900000,118472000,40670000,30619000,30619000,None,0,None,69369000,None,None,None,None,None,212231000,None,None,None,0.321,272433000,207569000,115331000,25457000,78208000,None,None,None,None,None,None,None,4.064,35.2,13.22,None,None,None,None,None,-35070000,None,0.246,None,65697000,2025-11-03,quarterly,3.4,USD,pre-market,40948000,396936000,0.241,0.646,0.133,51.5,64631000,551000,551000,65580000,576.01,691.29,7.9365,490676000,299245000,106566000,121366000,191431000,14800000,638095000,369010000,54.64,-472096000,769.98,356.14
2025-12-28,IDXX,12.6,4167411000.0,54.64,None,1.668,19.52,27470000,None,67151000,67151000,-151033000,-27470000,21811000,None,-15019000,None,None,-17025000,4594000,136220000,None,315195000,315195000,19842000,None,None,71688000,None,None,24369000,27855000,284710000,284710000,None,0.214,0.25,115331000,139700000,3.15,2023-06-30,48.08,88127000,2572125000.0,322900000,118472000,40670000,30619000,30619000,None,0,None,69369000,None,None,None,None,None,224236000,None,None,None,0.321,200314000,207569000,115331000,25457000,78208000,None,None,None,None,None,None,None,4.064,35.2,13.22,None,None,None,None,None,-9676000,None,0.246,None,65697000,2025-11-03,quarterly,3.4,USD,pre-market,40948000,396936000,0.241,0.646,0.133,51.5,64631000,551000,551000,65580000,576.01,691.29,7.9365,490676000,299245000,106566000,121366000,191431000,14800000,638095000,369010000,54.64,-472096000,769.98,356.14
2025-12-28,IDXX,12.6,4167411000.0,54.64,None,1.668,19.52,39511000,None,67151000,67151000,-146081000,-39511000,-1680000,None,-23887000,None,None,-44133000,4594000,136220000,None,315195000,315195000,19842000,None,None,71688000,None,None,24369000,28331000,157097000,157097000,None,0.214,0.25,115331000,139700000,3.15,2023-03-31,48.08,88127000,2572125000.0,322900000,118472000,40670000,30619000,30619000,None,0,None,69369000,None,None,None,None,None,214054000,None,None,None,0.321,183912000,207569000,115331000,25457000,78208000,None,None,None,None,None,None,None,4.064,35.2,13.22,None,None,None,None,None,-9597000,None,0.246,None,65697000,2025-11-03,quarterly,3.4,USD,pre-market,40948000,396936000,0.241,0.646,0.133,51.5,64631000,551000,551000,65580000,576.01,691.29,7.9365,490676000,299245000,106566000,121366000,191431000,14800000,638095000,369010000,54.64,-472096000,769.98,356.14
2025-12-28,IDXX,12.6,4167411000.0,54.64,None,1.668,19.52,39229000,None,67151000,67151000,-116720000,-49229000,7479000,None,-22110000,None,None,-6337000,4594000,136220000,None,315195000,315195000,19842000,None,None,71688000,None,None,24369000,28720000,None,None,None,0.214,0.25,115331000,139700000,3.15,2022-12-31,48.08,88127000,2572125000.0,322900000,118472000,40670000,30619000,30619000,None,0,None,69369000,None,None,None,None,None,172207000,None,None,None,0.321,173428000,207569000,115331000,25457000,78208000,None,None,None,None,None,None,None,4.064,35.2,13.22,None,None,None,None,None,-74020000,None,0.246,None,65697000,2025-11-03,quarterly,3.4,USD,pre-market,40948000,396936000,0.241,0.646,0.133,51.5,64631000,551000,551000,65580000,576.01,691.29,7.9365,490676000,299245000,106566000,121366000,191431000,14800000,638095000,369010000,54.64,-472096000,769.98,356.14
2025-12-28,IDXX,12.6,4167411000.0,54.64,None,1.668,19.52,37685000,None,67151000,67151000,-148829000,-49197000,-9026000,None,-50272000,None,None,18733000,4594000,136220000,None,315195000,315195000,19842000,None,None,71688000,None,None,24369000,28547000,26878000,26878000,None,0.214,0.25,115331000,139700000,3.15,2022-09-30,48.08,88127000,2572125000.0,322900000,118472000,40670000,30619000,30619000,None,0,None,69369000,None,None,None,None,None,180938000,None,None,None,0.321,189000000,207569000,115331000,25457000,78208000,None,None,None,None,None,None,None,4.064,35.2,13.22,None,None,None,None,None,-172631000,None,0.246,None,65697000,2025-11-03,quarterly,3.4,USD,pre-market,40948000,396936000,0.241,0.646,0.133,51.5,64631000,551000,551000,65580000,576.01,691.29,7.9365,490676000,299245000,106566000,121366000,191431000,14800000,638095000,369010000,54.64,-472096000,769.98,356.14
2025-12-28,IDXX,12.6,4167411000.0,54.64,None,1.668,19.52,30086000,None,67151000,67151000,-91907000,-55086000,-81143000,None,-30495000,None,None,-16263000,4594000,136220000,None,315195000,315195000,19842000,None,None,71688000,None,None,24369000,28122000,None,None,None,0.214,0.25,115331000,139700000,3.15,2022-06-30,48.08,88127000,2572125000.0,322900000,118472000,40670000,30619000,30619000,None,0,None,69369000,None,None,None,None,None,131979000,None,None,None,0.321,65850000,207569000,115331000,25457000,78208000,None,None,None,None,None,None,None,4.064,35.2,13.22,None,None,None,None,None,-306765000,None,0.246,None,65697000,2025-11-03,quarterly,3.4,USD,pre-market,40948000,396936000,0.241,0.646,0.133,51.5,64631000,551000,551000,65580000,576.01,691.29,7.9365,490676000,299245000,106566000,121366000,191431000,14800000,638095000,369010000,54.64,-472096000,769.98,356.14
2025-12-28,IDXX,12.6,4167411000.0,54.64,None,1.668,19.52,41838000,None,67151000,67151000,-13480000,-41838000,59388000,None,-18854000,None,None,-37531000,4594000,136220000,None,315195000,315195000,19842000,None,None,71688000,None,None,24369000,26511000,None,None,None,0.214,0.25,115331000,139700000,3.15,2022-03-31,48.08,88127000,2572125000.0,322900000,118472000,40670000,30619000,30619000,None,0,None,69369000,None,None,None,None,None,193965000,None,None,None,0.321,114706000,207569000,115331000,25457000,78208000,None,None,None,None,None,None,None,4.064,35.2,13.22,None,None,None,None,None,-266295000,None,0.246,None,65697000,2025-11-03,quarterly,3.4,USD,pre-market,40948000,396936000,0.241,0.646,0.133,51.5,64631000,551000,551000,65580000,576.01,691.29,7.9365,490676000,299245000,106566000,121366000,191431000,14800000,638095000,369010000,54.64,-472096000,769.98,356.14
2025-12-28,IDXX,12.6,4167411000.0,54.64,None,1.668,19.52,31788000,None,67151000,67151000,-165820000,-44040000,104000,None,-6028000,None,None,15909000,4594000,136220000,None,315195000,315195000,19842000,None,None,71688000,None,None,24369000,27695000,59572000,59572000,None,0.214,0.25,115331000,139700000,3.15,2021-12-31,48.08,88127000,2572125000.0,322900000,118472000,40670000,30619000,30619000,None,0,None,69369000,None,None,None,None,None,162771000,None,None,None,0.321,209964000,207569000,115331000,25457000,78208000,None,None,None,None,None,None,None,4.064,35.2,13.22,None,None,None,None,None,-244756000,None,0.246,None,65697000,2025-11-03,quarterly,3.4,USD,pre-market,40948000,396936000,0.241,0.646,0.133,51.5,64631000,551000,551000,65580000,576.01,691.29,7.9365,490676000,299245000,106566000,121366000,191431000,14800000,638095000,369010000,54.64,-472096000,769.98,356.14
2025-12-28,IDXX,12.6,4167411000.0,54.64,None,1.668,19.52,45017000,None,67151000,67151000,-221726000,-49677000,-84198000,None,-26479000,None,None,1671000,4594000,136220000,None,315195000,315195000,19842000,None,None,71688000,None,None,24369000,26467000,None,None,None,0.214,0.25,115331000,139700000,3.15,2021-09-30,48.08,88127000,2572125000.0,322900000,118472000,40670000,30619000,30619000,None,0,None,69369000,None,None,None,None,None,175178000,None,None,None,0.321,187205000,207569000,115331000,25457000,78208000,None,None,None,None,None,None,None,4.064,35.2,13.22,None,None,None,None,None,-181234000,None,0.246,None,65697000,2025-11-03,quarterly,3.4,USD,pre-market,40948000,396936000,0.241,0.646,0.133,51.5,64631000,551000,551000,65580000,576.01,691.29,7.9365,490676000,299245000,106566000,121366000,191431000,14800000,638095000,369010000,54.64,-472096000,769.98,356.14
2025-12-28,IDXX,12.6,4167411000.0,54.64,None,1.668,19.52,22581000,None,67151000,67151000,-180217000,-174663000,-120925000,None,-12493000,None,None,4014000,4594000,136220000,None,315195000,315195000,19842000,None,None,71688000,None,None,24369000,25377000,None,None,None,0.214,0.25,115331000,139700000,3.15,2021-06-30,48.08,88127000,2572125000.0,322900000,118472000,40670000,30619000,30619000,None,0,None,69369000,None,None,None,None,None,202606000,None,None,None,0.321,233955000,207569000,115331000,25457000,78208000,None,None,None,None,None,None,None,4.064,35.2,13.22,None,None,None,None,None,-188525000,None,0.246,None,65697000,2025-11-03,quarterly,3.4,USD,pre-market,40948000,396936000,0.241,0.646,0.133,51.5,64631000,551000,551000,65580000,576.01,691.29,7.9365,490676000,299245000,106566000,121366000,191431000,14800000,638095000,369010000,54.64,-472096000,769.98,356.14
2025-12-28,IDXX,12.6,4167411000.0,54.64,None,1.668,19.52,20163000,None,67151000,67151000,-129651000,-24587000,-29816000,None,-7919000,None,None,-54735000,4594000,136220000,None,315195000,315195000,19842000,None,None,71688000,None,None,24369000,25057000,None,None,None,0.214,0.25,115331000,139700000,3.15,2021-03-31,48.08,88127000,2572125000.0,322900000,118472000,40670000,30619000,30619000,None,0,None,69369000,None,None,None,None,None,204289000,None,None,None,0.321,124422000,207569000,115331000,25457000,78208000,None,None,None,None,None,None,None,4.064,35.2,13.22,None,None,None,None,None,-132262000,None,0.246,None,65697000,2025-11-03,quarterly,3.4,USD,pre-market,40948000,396936000,0.241,0.646,0.133,51.5,64631000,551000,551000,65580000,576.01,691.29,7.9365,490676000,299245000,106566000,121366000,191431000,14800000,638095000,369010000,54.64,-472096000,769.98,356.14
2025-12-28,IDXX,12.6,4167411000.0,54.64,None,1.668,19.52,14190000,None,67151000,67151000,398000,-15690000,203642000,None,6206000,None,None,11687000,4594000,136220000,None,315195000,315195000,19842000,None,None,71688000,None,None,24369000,24561000,94277000,94277000,None,0.214,0.25,115331000,139700000,3.15,2020-12-31,48.08,88127000,2572125000.0,322900000,118472000,40670000,30619000,30619000,None,0,None,69369000,None,None,None,None,None,174958000,None,None,None,0.321,218934000,207569000,115331000,25457000,78208000,None,None,None,None,None,None,None,4.064,35.2,13.22,None,None,None,None,None,-11574000,None,0.246,None,65697000,2025-11-03,quarterly,3.4,USD,pre-market,40948000,396936000,0.241,0.646,0.133,51.5,64631000,551000,551000,65580000,576.01,691.29,7.9365,490676000,299245000,106566000,121366000,191431000,14800000,638095000,369010000,54.64,-472096000,769.98,356.14
2025-12-28,IDXX,12.6,4167411000.0,54.64,None,1.668,19.52,19210000,None,67151000,67151000,-104184000,-19460000,69472000,None,4163000,None,None,-15132000,4594000,136220000,None,315195000,315195000,19842000,None,None,71688000,None,None,24369000,24651000,None,None,None,0.214,0.25,115331000,139700000,3.15,2020-09-30,48.08,88127000,2572125000.0,322900000,118472000,40670000,30619000,30619000,None,0,None,69369000,None,None,None,None,None,146321000,None,None,None,0.321,193116000,207569000,115331000,25457000,78208000,None,None,None,None,None,None,None,4.064,35.2,13.22,None,None,None,None,None,-361000,None,0.246,None,65697000,2025-11-03,quarterly,3.4,USD,pre-market,40948000,396936000,0.241,0.646,0.133,51.5,64631000,551000,551000,65580000,576.01,691.29,7.9365,490676000,299245000,106566000,121366000,191431000,14800000,638095000,369010000,54.64,-472096000,769.98,356.14
2025-12-28,IDXX,12.6,4167411000.0,54.64,None,1.668,19.52,24556000,None,67151000,67151000,-161531000,-24556000,22055000,None,-14820000,None,None,-19215000,4594000,136220000,None,315195000,315195000,19842000,None,None,71688000,None,None,24369000,23582000,None,None,None,0.214,0.25,115331000,139700000,3.15,2020-06-30,48.08,88127000,2572125000.0,322900000,118472000,40670000,30619000,30619000,None,0,None,69369000,None,None,None,None,None,148996000,None,None,None,0.321,208142000,207569000,115331000,25457000,78208000,None,None,None,None,None,None,None,4.064,35.2,13.22,None,None,None,None,None,-64000,None,0.246,None,65697000,2025-11-03,quarterly,3.4,USD,pre-market,40948000,396936000,0.241,0.646,0.133,51.5,64631000,551000,551000,65580000,576.01,691.29,7.9365,490676000,299245000,106566000,121366000,191431000,14800000,638095000,369010000,54.64,-472096000,769.98,356.14
2025-12-28,IDXX,12.6,4167411000.0,54.64,None,1.668,19.52,49670000,None,67151000,67151000,16901000,-49670000,-4898000,None,-14434000,None,None,-38062000,4594000,136220000,None,315195000,315195000,19842000,None,None,71688000,None,None,24369000,23204000,None,None,None,0.214,0.25,115331000,139700000,3.15,2020-03-31,48.08,88127000,2572125000.0,322900000,118472000,40670000,30619000,30619000,None,0,None,69369000,None,None,None,None,None,111856000,None,None,None,0.321,27871000,207569000,115331000,25457000,78208000,None,None,None,None,None,None,None,4.064,35.2,13.22,None,None,None,None,None,-182815000,None,0.246,None,65697000,2025-11-03,quarterly,3.4,USD,pre-market,40948000,396936000,0.241,0.646,0.133,51.5,64631000,551000,551000,65580000,576.01,691.29,7.9365,490676000,299245000,106566000,121366000,191431000,14800000,638095000,369010000,54.64,-472096000,769.98,356.14
2025-12-28,IDXX,12.6,4167411000.0,54.64,None,1.668,19.52,45911000,None,67151000,67151000,-74389000,-95911000,-14887000,None,-724000,None,None,1979000,4594000,136220000,None,315195000,315195000,19842000,None,None,71688000,None,None,24369000,22589000,28739000,28739000,None,0.214,0.25,115331000,139700000,3.15,2019-12-31,48.08,88127000,2572125000.0,322900000,118472000,40670000,30619000,30619000,None,0,None,69369000,None,None,None,None,None,90544000,None,None,None,0.321,155413000,207569000,115331000,25457000,78208000,None,None,None,None,None,None,None,4.064,35.2,13.22,None,None,None,None,None,-140689000,None,0.246,None,65697000,2025-11-03,quarterly,3.4,USD,pre-market,40948000,396936000,0.241,0.646,0.133,51.5,64631000,551000,551000,65580000,576.01,691.29,7.9365,490676000,299245000,106566000,121366000,191431000,14800000,638095000,369010000,54.64,-472096000,769.98,356.14
2025-12-28,IDXX,12.6,4167411000.0,54.64,None,1.668,19.52,37326000,None,67151000,67151000,-99751000,-37326000,-4812000,None,-13671000,None,None,13248000,4594000,136220000,None,315195000,315195000,19842000,None,None,71688000,None,None,24369000,22446000,None,None,None,0.214,0.25,115331000,139700000,3.15,2019-09-30,48.08,88127000,2572125000.0,322900000,118472000,40670000,30619000,30619000,None,0,None,69369000,None,None,None,None,None,108838000,None,None,None,0.321,132265000,207569000,115331000,25457000,78208000,None,None,None,None,None,None,None,4.064,35.2,13.22,None,None,None,None,None,-85975000,None,0.246,None,65697000,2025-11-03,quarterly,3.4,USD,pre-market,40948000,396936000,0.241,0.646,0.133,51.5,64631000,551000,551000,65580000,576.01,691.29,7.9365,490676000,299245000,106566000,121366000,191431000,14800000,638095000,369010000,54.64,-472096000,769.98,356.14
2025-12-28,IDXX,12.6,4167411000.0,54.64,None,1.668,19.52,33781000,None,67151000,67151000,-109488000,-34085000,-6471000,None,-8390000,None,None,-4278000,4594000,136220000,None,315195000,315195000,19842000,None,None,71688000,None,None,24369000,21621000,None,None,None,0.214,0.25,115331000,139700000,3.15,2019-06-30,48.08,88127000,2572125000.0,322900000,118472000,40670000,30619000,30619000,None,0,None,69369000,None,None,None,None,None,125701000,None,None,None,0.321,137102000,207569000,115331000,25457000,78208000,None,None,None,None,None,None,None,4.064,35.2,13.22,None,None,None,None,None,-20692000,None,0.246,None,65697000,2025-11-03,quarterly,3.4,USD,pre-market,40948000,396936000,0.241,0.646,0.133,51.5,64631000,551000,551000,65580000,576.01,691.29,7.9365,490676000,299245000,106566000,121366000,191431000,14800000,638095000,369010000,54.64,-472096000,769.98,356.14
2025-12-28,IDXX,12.6,4167411000.0,54.64,None,1.668,19.52,38206000,None,67151000,67151000,-2781000,-38206000,-6609000,None,-14521000,None,None,-33421000,4594000,136220000,None,315195000,315195000,19842000,None,None,71688000,None,None,24369000,21355000,None,None,None,0.214,0.25,115331000,139700000,3.15,2019-03-31,48.08,88127000,2572125000.0,322900000,118472000,40670000,30619000,30619000,None,0,None,69369000,None,None,None,None,None,102709000,None,None,None,0.321,34378000,207569000,115331000,25457000,78208000,None,None,None,None,None,None,None,4.064,35.2,13.22,None,None,None,None,None,-54302000,None,0.246,None,65697000,2025-11-03,quarterly,3.4,USD,pre-market,40948000,396936000,0.241,0.646,0.133,51.5,64631000,551000,551000,65580000,576.01,691.29,7.9365,490676000,299245000,106566000,121366000,191431000,14800000,638095000,369010000,54.64,-472096000,769.98,356.14
2025-12-28,IDXX,12.6,4167411000.0,54.64,None,1.668,19.52,39844000,None,67151000,67151000,-117806000,-39844000,-23083000,-1081000,1792000,None,None,14640000,4594000,136220000,None,315195000,315195000,19842000,None,None,71688000,None,None,24369000,20604000,38201000,38201000,None,0.214,0.25,115331000,139700000,3.15,2018-12-31,48.08,88127000,2572125000.0,322900000,118472000,40670000,30619000,30619000,None,0,None,69369000,None,None,None,None,None,85677000,None,None,None,0.321,135648000,207569000,115331000,25457000,78208000,None,None,None,None,None,None,None,4.064,35.2,13.22,None,None,None,None,None,-105607000,None,0.246,None,65697000,2025-11-03,quarterly,3.4,USD,pre-market,40948000,396936000,0.241,0.646,0.133,51.5,64631000,551000,551000,65580000,576.01,691.29,7.9365,490676000,299245000,106566000,121366000,191431000,14800000,638095000,369010000,54.64,-472096000,769.98,356.14
2025-12-28,IDXX,12.6,4167411000.0,54.64,None,1.668,19.52,31715000,None,67151000,67151000,-84294000,-54215000,-27682000,119000,-10590000,None,None,-169000,4594000,136220000,None,315195000,315195000,19842000,None,None,71688000,None,None,24369000,20878000,0,0,None,0.214,0.25,115331000,139700000,3.15,2018-09-30,48.08,88127000,2572125000.0,322900000,118472000,40670000,30619000,30619000,None,0,None,69369000,None,None,None,None,None,93214000,None,None,None,0.321,110708000,207569000,115331000,25457000,78208000,None,None,None,None,None,None,None,4.064,35.2,13.22,None,None,None,None,None,-73828000,None,0.246,None,65697000,2025-11-03,quarterly,3.4,USD,pre-market,40948000,396936000,0.241,0.646,0.133,51.5,64631000,551000,551000,65580000,576.01,691.29,7.9365,490676000,299245000,106566000,121366000,191431000,14800000,638095000,369010000,54.64,-472096000,769.98,356.14
2025-12-28,IDXX,12.6,4167411000.0,54.64,None,1.668,19.52,27651000,None,67151000,67151000,-70708000,-27651000,15330000,-5141000,-8755000,None,None,-11072000,4594000,136220000,None,315195000,315195000,19842000,None,None,71688000,None,None,24369000,20892000,0,0,None,0.214,0.25,115331000,139700000,3.15,2018-06-30,48.08,88127000,2572125000.0,322900000,118472000,40670000,30619000,30619000,None,0,None,69369000,None,None,None,None,None,108680000,None,None,None,0.321,118830000,207569000,115331000,25457000,78208000,None,None,None,None,None,None,None,4.064,35.2,13.22,None,None,None,None,None,-106397000,None,0.246,None,65697000,2025-11-03,quarterly,3.4,USD,pre-market,40948000,396936000,0.241,0.646,0.133,51.5,64631000,551000,551000,65580000,576.01,691.29,7.9365,490676000,299245000,106566000,121366000,191431000,14800000,638095000,369010000,54.64,-472096000,769.98,356.14
2025-12-28,IDXX,12.6,4167411000.0,54.64,None,1.668,19.52,23726000,None,67151000,67151000,-324991000,260312000,-28446000,1335000,-8070000,None,None,-21800000,4594000,136220000,None,315195000,315195000,19842000,None,None,71688000,None,None,24369000,20804000,0,0,None,0.214,0.25,115331000,139700000,3.15,2018-03-31,48.08,88127000,2572125000.0,322900000,118472000,40670000,30619000,30619000,None,0,None,69369000,None,None,None,None,None,89476000,None,None,None,0.321,34898000,207569000,115331000,25457000,78208000,None,None,None,None,None,None,None,4.064,35.2,13.22,None,None,None,None,None,-83487000,None,0.246,None,65697000,2025-11-03,quarterly,3.4,USD,pre-market,40948000,396936000,0.241,0.646,0.133,51.5,64631000,551000,551000,65580000,576.01,691.29,7.9365,490676000,299245000,106566000,121366000,191431000,14800000,638095000,369010000,54.64,-472096000,769.98,356.14
2025-12-28,IDXX,12.6,4167411000.0,54.64,None,1.668,19.52,22014000,None,67151000,67151000,-78058000,-24487000,18656000,75000,3904000,None,None,-6194000,4594000,136220000,None,315195000,315195000,19842000,None,None,71688000,None,None,24369000,21520000,0,0,None,0.214,0.25,115331000,139700000,3.15,2017-12-31,48.08,88127000,2572125000.0,322900000,118472000,40670000,30619000,30619000,None,0,None,69369000,None,None,None,None,None,38290000,None,None,None,0.321,121126000,207569000,115331000,25457000,78208000,None,None,None,None,None,None,None,4.064,35.2,13.22,None,None,None,None,None,-61945000,None,0.246,None,65697000,2025-11-03,quarterly,3.4,USD,pre-market,40948000,396936000,0.241,0.646,0.133,51.5,64631000,551000,551000,65580000,576.01,691.29,7.9365,490676000,299245000,106566000,121366000,191431000,14800000,638095000,369010000,54.64,-472096000,769.98,356.14
2025-12-28,IDXX,12.6,4167411000.0,54.64,None,1.668,19.52,16124000,None,67151000,67151000,-67871000,-41487000,3044000,1718000,-4116000,None,None,13676000,4594000,136220000,None,315195000,315195000,19842000,None,None,71688000,None,None,24369000,20727000,0,0,None,0.214,0.25,115331000,139700000,3.15,2017-09-30,48.08,88127000,2572125000.0,322900000,118472000,40670000,30619000,30619000,None,0,None,69369000,None,None,None,None,None,70514000,None,None,None,0.321,110684000,207569000,115331000,25457000,78208000,None,None,None,None,None,None,None,4.064,35.2,13.22,None,None,None,None,None,-57895000,None,0.246,None,65697000,2025-11-03,quarterly,3.4,USD,pre-market,40948000,396936000,0.241,0.646,0.133,51.5,64631000,551000,551000,65580000,576.01,691.29,7.9365,490676000,299245000,106566000,121366000,191431000,14800000,638095000,369010000,54.64,-472096000,769.98,356.14
2025-12-28,IDXX,12.6,4167411000.0,54.64,None,1.668,19.52,14919000,None,67151000,67151000,-63400000,-43702000,5567000,2477000,-13481000,None,None,-12971000,4594000,136220000,None,315195000,315195000,19842000,None,None,71688000,None,None,24369000,20586000,0,0,None,0.214,0.25,115331000,139700000,3.15,2017-06-30,48.08,88127000,2572125000.0,322900000,118472000,40670000,30619000,30619000,None,0,None,69369000,None,None,None,None,None,85407000,None,None,None,0.321,110192000,207569000,115331000,25457000,78208000,None,None,None,None,None,None,None,4.064,35.2,13.22,None,None,None,None,None,-106888000,None,0.246,None,65697000,2025-11-03,quarterly,3.4,USD,pre-market,40948000,396936000,0.241,0.646,0.133,51.5,64631000,551000,551000,65580000,576.01,691.29,7.9365,490676000,299245000,106566000,121366000,191431000,14800000,638095000,369010000,54.64,-472096000,769.98,356.14
2025-12-28,IDXX,12.6,4167411000.0,54.64,None,1.668,19.52,23647000,None,67151000,67151000,1313000,-29012000,5507000,1932000,-5369000,None,None,-19429000,4594000,136220000,None,315195000,315195000,19842000,None,None,71688000,None,None,24369000,20307000,0,0,None,0.214,0.25,115331000,139700000,3.15,2017-03-31,48.08,88127000,2572125000.0,322900000,118472000,40670000,30619000,30619000,None,0,None,69369000,None,None,None,None,None,69058000,None,None,None,0.321,31274000,207569000,115331000,25457000,78208000,None,None,None,None,None,None,None,4.064,35.2,13.22,None,None,None,None,None,-63910000,None,0.246,None,65697000,2025-11-03,quarterly,3.4,USD,pre-market,40948000,396936000,0.241,0.646,0.133,51.5,64631000,551000,551000,65580000,576.01,691.29,7.9365,490676000,299245000,106566000,121366000,191431000,14800000,638095000,369010000,54.64,-472096000,769.98,356.14
2025-12-28,IDXX,12.6,4167411000.0,54.64,None,1.668,19.52,14831000,None,67151000,67151000,-76612000,-14278000,4829000,-4396000,10151000,None,None,-5907000,4594000,136220000,None,315195000,315195000,19842000,None,None,71688000,None,None,24369000,20241000,9185000,9185000,None,0.214,0.25,115331000,139700000,3.15,2016-12-31,48.08,88127000,2572125000.0,322900000,118472000,40670000,30619000,30619000,None,0,None,69369000,None,None,None,None,None,52371000,None,None,None,0.321,100115000,207569000,115331000,25457000,78208000,None,None,None,None,None,None,None,4.064,35.2,13.22,None,None,None,None,None,-212524000,None,0.246,None,65697000,2025-11-03,quarterly,3.4,USD,pre-market,40948000,396936000,0.241,0.646,0.133,51.5,64631000,551000,551000,65580000,576.01,691.29,7.9365,490676000,299245000,106566000,121366000,191431000,14800000,638095000,369010000,54.64,-472096000,769.98,356.14
2025-12-28,IDXX,12.6,4167411000.0,54.64,None,1.668,19.52,12088000,None,67151000,67151000,-69247000,-22946000,8933000,811000,-2717000,None,None,7000000,4594000,136220000,None,315195000,315195000,19842000,None,None,71688000,None,None,24369000,19767000,0,0,None,0.214,0.25,115331000,139700000,3.15,2016-09-30,48.08,88127000,2572125000.0,322900000,118472000,40670000,30619000,30619000,None,0,None,69369000,None,None,None,None,None,56452000,None,None,None,0.321,100315000,207569000,115331000,25457000,78208000,None,None,None,None,None,None,None,4.064,35.2,13.22,None,None,None,None,None,-15026000,None,0.246,None,65697000,2025-11-03,quarterly,3.4,USD,pre-market,40948000,396936000,0.241,0.646,0.133,51.5,64631000,551000,551000,65580000,576.01,691.29,7.9365,490676000,299245000,106566000,121366000,191431000,14800000,638095000,369010000,54.64,-472096000,769.98,356.14
2025-12-28,IDXX,12.6,4167411000.0,54.64,None,1.668,19.52,15962000,None,67151000,67151000,-73167000,-29763000,8186000,201000,-1550000,None,None,-2143000,4594000,136220000,None,315195000,315195000,19842000,None,None,71688000,None,None,24369000,19664000,0,0,None,0.214,0.25,115331000,139700000,3.15,2016-06-30,48.08,88127000,2572125000.0,322900000,118472000,40670000,30619000,30619000,None,0,None,69369000,None,None,None,None,None,67206000,None,None,None,0.321,110915000,207569000,115331000,25457000,78208000,None,None,None,None,None,None,None,4.064,35.2,13.22,None,None,None,None,None,-23024000,None,0.246,None,65697000,2025-11-03,quarterly,3.4,USD,pre-market,40948000,396936000,0.241,0.646,0.133,51.5,64631000,551000,551000,65580000,576.01,691.29,7.9365,490676000,299245000,106566000,121366000,191431000,14800000,638095000,369010000,54.64,-472096000,769.98,356.14
2025-12-28,IDXX,12.6,4167411000.0,54.64,None,1.668,19.52,21906000,None,67151000,67151000,1202000,-23799000,3959000,3330000,1764000,None,None,-21504000,4594000,136220000,None,315195000,315195000,19842000,None,None,71688000,None,None,24369000,18546000,0,0,None,0.214,0.25,115331000,139700000,3.15,2016-03-31,48.08,88127000,2572125000.0,322900000,118472000,40670000,30619000,30619000,None,0,None,69369000,None,None,None,None,None,46025000,None,None,None,0.321,23226000,207569000,115331000,25457000,78208000,None,None,None,None,None,None,None,4.064,35.2,13.22,None,None,None,None,None,-57244000,None,0.246,None,65697000,2025-11-03,quarterly,3.4,USD,pre-market,40948000,396936000,0.241,0.646,0.133,51.5,64631000,551000,551000,65580000,576.01,691.29,7.9365,490676000,299245000,106566000,121366000,191431000,14800000,638095000,369010000,54.64,-472096000,769.98,356.14
2025-12-28,IDXX,12.6,4167411000.0,54.64,None,1.668,19.52,15404000,None,67151000,67151000,-59158000,-26013000,-12156000,-881000,-7731000,None,None,882000,4594000,136220000,None,315195000,315195000,19842000,None,None,71688000,None,None,24369000,17729000,4779000,4779000,None,0.214,0.25,115331000,139700000,3.15,2015-12-31,48.08,88127000,2572125000.0,322900000,118472000,40670000,30619000,30619000,None,0,None,69369000,None,None,None,None,None,44390000,None,None,None,0.321,73896000,207569000,115331000,25457000,78208000,None,None,None,None,None,None,None,4.064,35.2,13.22,None,None,None,None,None,-92924000,None,0.246,None,65697000,2025-11-03,quarterly,3.4,USD,pre-market,40948000,396936000,0.241,0.646,0.133,51.5,64631000,551000,551000,65580000,576.01,691.29,7.9365,490676000,299245000,106566000,121366000,191431000,14800000,638095000,369010000,54.64,-472096000,769.98,356.14
2025-12-28,IDXX,12.6,4167411000.0,54.64,None,1.668,19.52,20644000,None,67151000,67151000,-39663000,-54806000,-22002000,-4479000,-11215000,None,None,6102000,4594000,136220000,None,315195000,315195000,19842000,None,None,71688000,None,None,24369000,18283000,0,0,None,0.214,0.25,115331000,139700000,3.15,2015-09-30,48.08,88127000,2572125000.0,322900000,118472000,40670000,30619000,30619000,None,0,None,69369000,None,None,None,None,None,44229000,None,None,None,0.321,76946000,207569000,115331000,25457000,78208000,None,None,None,None,None,None,None,4.064,35.2,13.22,None,None,None,None,None,-88960000,None,0.246,None,65697000,2025-11-03,quarterly,3.4,USD,pre-market,40948000,396936000,0.241,0.646,0.133,51.5,64631000,551000,551000,65580000,576.01,691.29,7.9365,490676000,299245000,106566000,121366000,191431000,14800000,638095000,369010000,54.64,-472096000,769.98,356.14
2025-12-28,IDXX,12.6,4167411000.0,54.64,None,1.668,19.52,23856000,None,67151000,67151000,-33532000,-66967000,-19008000,1325000,-5881000,None,None,-5688000,4594000,136220000,None,315195000,315195000,19842000,None,None,71688000,None,None,24369000,16790000,0,0,None,0.214,0.25,115331000,139700000,3.15,2015-06-30,48.08,88127000,2572125000.0,322900000,118472000,40670000,30619000,30619000,None,0,None,69369000,None,None,None,None,None,56938000,None,None,None,0.321,80166000,207569000,115331000,25457000,78208000,None,None,None,None,None,None,None,4.064,35.2,13.22,None,None,None,None,None,-86450000,None,0.246,None,65697000,2025-11-03,quarterly,3.4,USD,pre-market,40948000,396936000,0.241,0.646,0.133,51.5,64631000,551000,551000,65580000,576.01,691.29,7.9365,490676000,299245000,106566000,121366000,191431000,14800000,638095000,369010000,54.64,-472096000,769.98,356.14
2025-12-28,IDXX,12.6,4167411000.0,54.64,None,1.668,19.52,23017000,None,67151000,67151000,36801000,-160620000,-140376000,-1913000,-10142000,None,None,-51438000,4594000,136220000,None,315195000,315195000,19842000,None,None,71688000,None,None,24369000,16154000,0,0,None,0.214,0.25,115331000,139700000,3.15,2015-03-31,48.08,88127000,2572125000.0,322900000,118472000,40670000,30619000,30619000,None,0,None,69369000,None,None,None,None,None,46578000,None,None,None,0.321,-14644000,207569000,115331000,25457000,78208000,None,None,None,None,None,None,None,4.064,35.2,13.22,None,None,None,None,None,-133647000,None,0.246,None,65697000,2025-11-03,quarterly,3.4,USD,pre-market,40948000,396936000,0.241,0.646,0.133,51.5,64631000,551000,551000,65580000,576.01,691.29,7.9365,490676000,299245000,106566000,121366000,191431000,14800000,638095000,369010000,54.64,-472096000,769.98,356.14
2025-12-28,IDXX,12.6,4167411000.0,54.64,None,1.668,19.52,18019000,None,67151000,67151000,42339000,-35618000,29801000,-4223000,-25672000,None,None,4838000,4594000,136220000,None,315195000,315195000,19842000,None,None,71688000,None,None,24369000,15278000,157033000,157033000,None,0.214,0.25,115331000,139700000,3.15,2014-12-31,48.08,88127000,2572125000.0,322900000,118472000,40670000,30619000,30619000,None,0,None,69369000,None,None,None,None,None,25951000,None,None,None,0.321,27303000,207569000,115331000,25457000,78208000,None,None,None,None,None,None,None,4.064,35.2,13.22,None,None,None,None,None,-149190000,None,0.246,None,65697000,2025-11-03,quarterly,3.4,USD,pre-market,40948000,396936000,0.241,0.646,0.133,51.5,64631000,551000,551000,65580000,576.01,691.29,7.9365,490676000,299245000,106566000,121366000,191431000,14800000,638095000,369010000,54.64,-472096000,769.98,356.14
2025-12-28,IDXX,12.6,4167411000.0,54.64,None,1.668,19.52,17094000,None,67151000,67151000,-76268000,-23449000,-12313000,-5859000,-7063000,None,None,1322000,4594000,136220000,None,315195000,315195000,19842000,None,None,71688000,None,None,24369000,15521000,0,0,None,0.214,0.25,115331000,139700000,3.15,2014-09-30,48.08,88127000,2572125000.0,322900000,118472000,40670000,30619000,30619000,None,0,None,69369000,None,None,None,None,None,52163000,None,None,None,0.321,93263000,207569000,115331000,25457000,78208000,None,None,None,None,None,None,None,4.064,35.2,13.22,None,None,None,None,None,-272342000,None,0.246,None,65697000,2025-11-03,quarterly,3.4,USD,pre-market,40948000,396936000,0.241,0.646,0.133,51.5,64631000,551000,551000,65580000,576.01,691.29,7.9365,490676000,299245000,106566000,121366000,191431000,14800000,638095000,369010000,54.64,-472096000,769.98,356.14
2025-12-28,IDXX,12.6,4167411000.0,54.64,None,1.668,19.52,14112000,None,67151000,67151000,-54549000,-8712000,18845000,344000,-7775000,None,None,11921000,4594000,136220000,None,315195000,315195000,19842000,None,None,71688000,None,None,24369000,14695000,0,0,None,0.214,0.25,115331000,139700000,3.15,2014-06-30,48.08,88127000,2572125000.0,322900000,118472000,40670000,30619000,30619000,None,0,None,69369000,None,None,None,None,None,57244000,None,None,None,0.321,81762000,207569000,115331000,25457000,78208000,None,None,None,None,None,None,None,4.064,35.2,13.22,None,None,None,None,None,-126347000,None,0.246,None,65697000,2025-11-03,quarterly,3.4,USD,pre-market,40948000,396936000,0.241,0.646,0.133,51.5,64631000,551000,551000,65580000,576.01,691.29,7.9365,490676000,299245000,106566000,121366000,191431000,14800000,638095000,369010000,54.64,-472096000,769.98,356.14
2025-12-28,IDXX,12.6,4167411000.0,54.64,None,1.668,19.52,11473000,None,67151000,67151000,-14960000,-12634000,7145000,1221000,2200000,None,None,-21707000,4594000,136220000,None,315195000,315195000,19842000,None,None,71688000,None,None,24369000,13394000,0,0,None,0.214,0.25,115331000,139700000,3.15,2014-03-31,48.08,88127000,2572125000.0,322900000,118472000,40670000,30619000,30619000,None,0,None,69369000,None,None,None,None,None,46593000,None,None,None,0.321,33518000,207569000,115331000,25457000,78208000,None,None,None,None,None,None,None,4.064,35.2,13.22,None,None,None,None,None,-70279000,None,0.246,None,65697000,2025-11-03,quarterly,3.4,USD,pre-market,40948000,396936000,0.241,0.646,0.133,51.5,64631000,551000,551000,65580000,576.01,691.29,7.9365,490676000,299245000,106566000,121366000,191431000,14800000,638095000,369010000,54.64,-472096000,769.98,356.14
2025-12-28,IDXX,12.6,4167411000.0,54.64,None,1.668,19.52,17005000,None,67151000,67151000,-33055000,-17827000,14247000,-1138000,5013000,None,None,-3151000,4594000,136220000,None,315195000,315195000,19842000,None,None,71688000,None,None,24369000,13466000,8066000,8066000,None,0.214,0.25,115331000,139700000,3.15,2013-12-31,48.08,88127000,2572125000.0,322900000,118472000,40670000,30619000,30619000,None,0,None,69369000,None,None,None,None,None,43237000,None,None,None,0.321,66267000,207569000,115331000,25457000,78208000,None,None,None,None,None,None,None,4.064,35.2,13.22,None,None,None,None,None,-84851000,None,0.246,None,65697000,2025-11-03,quarterly,3.4,USD,pre-market,40948000,396936000,0.241,0.646,0.133,51.5,64631000,551000,551000,65580000,576.01,691.29,7.9365,490676000,299245000,106566000,121366000,191431000,14800000,638095000,369010000,54.64,-472096000,769.98,356.14
2025-12-28,IDXX,12.6,4167411000.0,54.64,None,1.668,19.52,17273000,None,67151000,67151000,-40331000,-27374000,13798000,1776000,-4706000,None,None,11366000,4594000,136220000,None,315195000,315195000,19842000,None,None,71688000,None,None,24369000,13773000,0,0,None,0.214,0.25,115331000,139700000,3.15,2013-09-30,48.08,88127000,2572125000.0,322900000,118472000,40670000,30619000,30619000,None,0,None,69369000,None,None,None,None,None,45692000,None,None,None,0.321,79727000,207569000,115331000,25457000,78208000,None,None,None,None,None,None,None,4.064,35.2,13.22,None,None,None,None,None,-76575000,None,0.246,None,65697000,2025-11-03,quarterly,3.4,USD,pre-market,40948000,396936000,0.241,0.646,0.133,51.5,64631000,551000,551000,65580000,576.01,691.29,7.9365,490676000,299245000,106566000,121366000,191431000,14800000,638095000,369010000,54.64,-472096000,769.98,356.14
2025-12-28,IDXX,12.6,4167411000.0,54.64,None,1.668,19.52,23938000,None,67151000,67151000,-31317000,-23938000,22649000,-1414000,6818000,None,None,-439000,4594000,136220000,None,315195000,315195000,19842000,None,None,71688000,None,None,24369000,13844000,0,0,None,0.214,0.25,115331000,139700000,3.15,2013-06-30,48.08,88127000,2572125000.0,322900000,118472000,40670000,30619000,30619000,None,0,None,69369000,None,None,None,None,None,53998000,None,None,None,0.321,79318000,207569000,115331000,25457000,78208000,None,None,None,None,None,None,None,4.064,35.2,13.22,None,None,None,None,None,-142557000,None,0.246,None,65697000,2025-11-03,quarterly,3.4,USD,pre-market,40948000,396936000,0.241,0.646,0.133,51.5,64631000,551000,551000,65580000,576.01,691.29,7.9365,490676000,299245000,106566000,121366000,191431000,14800000,638095000,369010000,54.64,-472096000,769.98,356.14
2025-12-28,IDXX,12.6,4167411000.0,54.64,None,1.668,19.52,20420000,None,67151000,67151000,2252000,-16920000,4378000,-1638000,-8472000,None,None,-23722000,4594000,136220000,None,315195000,315195000,19842000,None,None,71688000,None,None,24369000,13513000,0,0,None,0.214,0.25,115331000,139700000,3.15,2013-03-31,48.08,88127000,2572125000.0,322900000,118472000,40670000,30619000,30619000,None,0,None,69369000,None,None,None,None,None,44867000,None,None,None,0.321,20684000,207569000,115331000,25457000,78208000,None,None,None,None,None,None,None,4.064,35.2,13.22,None,None,None,None,None,-63778000,None,0.246,None,65697000,2025-11-03,quarterly,3.4,USD,pre-market,40948000,396936000,0.241,0.646,0.133,51.5,64631000,551000,551000,65580000,576.01,691.29,7.9365,490676000,299245000,106566000,121366000,191431000,14800000,638095000,369010000,54.64,-472096000,769.98,356.14
2025-12-28,IDXX,12.6,4167411000.0,54.64,None,1.668,19.52,22262000,None,67151000,67151000,-49847000,-24920000,2545000,518000,4326000,None,None,3232000,4594000,136220000,None,315195000,315195000,19842000,None,None,71688000,None,None,24369000,13918000,6156000,6156000,None,0.214,0.25,115331000,139700000,3.15,2012-12-31,48.08,88127000,2572125000.0,322900000,118472000,40670000,30619000,30619000,None,0,None,69369000,None,None,None,None,None,43360000,None,None,None,0.321,76794000,207569000,115331000,25457000,78208000,None,None,None,None,None,None,None,4.064,35.2,13.22,None,None,None,None,None,-41116000,None,0.246,None,65697000,2025-11-03,quarterly,3.4,USD,pre-market,40948000,396936000,0.241,0.646,0.133,51.5,64631000,551000,551000,65580000,576.01,691.29,7.9365,490676000,299245000,106566000,121366000,191431000,14800000,638095000,369010000,54.64,-472096000,769.98,356.14
2025-12-28,IDXX,12.6,4167411000.0,54.64,None,1.668,19.52,18929000,None,67151000,67151000,-37231000,-18929000,19628000,1100000,-5182000,None,None,8447000,4594000,136220000,None,315195000,315195000,19842000,None,None,71688000,None,None,24369000,12799000,0,0,None,0.214,0.25,115331000,139700000,3.15,2012-09-30,48.08,88127000,2572125000.0,322900000,118472000,40670000,30619000,30619000,None,0,None,69369000,None,None,None,None,None,42873000,None,None,None,0.321,74688000,207569000,115331000,25457000,78208000,None,None,None,None,None,None,None,4.064,35.2,13.22,None,None,None,None,None,-36146000,None,0.246,None,65697000,2025-11-03,quarterly,3.4,USD,pre-market,40948000,396936000,0.241,0.646,0.133,51.5,64631000,551000,551000,65580000,576.01,691.29,7.9365,490676000,299245000,106566000,121366000,191431000,14800000,638095000,369010000,54.64,-472096000,769.98,356.14
2025-12-28,IDXX,12.6,4167411000.0,54.64,None,1.668,19.52,14855000,None,67151000,67151000,-31701000,-14812000,16322000,-781000,-4209000,None,None,9626000,4594000,136220000,None,315195000,315195000,19842000,None,None,71688000,None,None,24369000,12986000,0,0,None,0.214,0.25,115331000,139700000,3.15,2012-06-30,48.08,88127000,2572125000.0,322900000,118472000,40670000,30619000,30619000,None,0,None,69369000,None,None,None,None,None,51320000,None,None,None,0.321,63616000,207569000,115331000,25457000,78208000,None,None,None,None,None,None,None,4.064,35.2,13.22,None,None,None,None,None,-27376000,None,0.246,None,65697000,2025-11-03,quarterly,3.4,USD,pre-market,40948000,396936000,0.241,0.646,0.133,51.5,64631000,551000,551000,65580000,576.01,691.29,7.9365,490676000,299245000,106566000,121366000,191431000,14800000,638095000,369010000,54.64,-472096000,769.98,356.14
2025-12-28,IDXX,12.6,4167411000.0,54.64,None,1.668,19.52,10346000,None,67151000,67151000,-6564000,-7344000,1596000,320000,-8687000,None,None,-17818000,4594000,136220000,None,315195000,315195000,19842000,None,None,71688000,None,None,24369000,12705000,0,0,None,0.214,0.25,115331000,139700000,3.15,2012-03-31,48.08,88127000,2572125000.0,322900000,118472000,40670000,30619000,30619000,None,0,None,69369000,None,None,None,None,None,40734000,None,None,None,0.321,15184000,207569000,115331000,25457000,78208000,None,None,None,None,None,None,None,4.064,35.2,13.22,None,None,None,None,None,-27630000,None,0.246,None,65697000,2025-11-03,quarterly,3.4,USD,pre-market,40948000,396936000,0.241,0.646,0.133,51.5,64631000,551000,551000,65580000,576.01,691.29,7.9365,490676000,299245000,106566000,121366000,191431000,14800000,638095000,369010000,54.64,-472096000,769.98,356.14
2025-12-28,IDXX,12.6,4167411000.0,54.64,None,1.668,19.52,13537000,None,67151000,67151000,4010000,-57692000,2396000,-1104000,3422000,None,None,-8628000,4594000,136220000,None,315195000,315195000,19842000,None,None,71688000,None,None,24369000,12814000,62920000,62920000,None,0.214,0.25,115331000,139700000,3.15,2011-12-31,48.08,88127000,2572125000.0,322900000,118472000,40670000,30619000,30619000,None,0,None,69369000,None,None,None,None,None,37998000,None,None,None,0.321,57182000,207569000,115331000,25457000,78208000,None,None,None,None,None,None,None,4.064,35.2,13.22,None,None,None,None,None,-89489000,None,0.246,None,65697000,2025-11-03,quarterly,3.4,USD,pre-market,40948000,396936000,0.241,0.646,0.133,51.5,64631000,551000,551000,65580000,576.01,691.29,7.9365,490676000,299245000,106566000,121366000,191431000,14800000,638095000,369010000,54.64,-472096000,769.98,356.14
2025-12-28,IDXX,12.6,4167411000.0,54.64,None,1.668,19.52,13754000,None,67151000,67151000,-36530000,-16349000,22101000,-228000,-4040000,None,None,8032000,4594000,136220000,None,315195000,315195000,19842000,None,None,71688000,None,None,24369000,12045000,0,0,None,0.214,0.25,115331000,139700000,3.15,2011-09-30,48.08,88127000,2572125000.0,322900000,118472000,40670000,30619000,30619000,None,0,None,69369000,None,None,None,None,None,38496000,None,None,None,0.321,75208000,207569000,115331000,25457000,78208000,None,None,None,None,None,None,None,4.064,35.2,13.22,None,None,None,None,None,-67597000,None,0.246,None,65697000,2025-11-03,quarterly,3.4,USD,pre-market,40948000,396936000,0.241,0.646,0.133,51.5,64631000,551000,551000,65580000,576.01,691.29,7.9365,490676000,299245000,106566000,121366000,191431000,14800000,638095000,369010000,54.64,-472096000,769.98,356.14
2025-12-28,IDXX,12.6,4167411000.0,54.64,None,1.668,19.52,16598000,None,67151000,67151000,-41687000,-16462000,5939000,996000,-6589000,None,None,-9780000,4594000,136220000,None,315195000,315195000,19842000,None,None,71688000,None,None,24369000,11879000,0,0,None,0.214,0.25,115331000,139700000,3.15,2011-06-30,48.08,88127000,2572125000.0,322900000,118472000,40670000,30619000,30619000,None,0,None,69369000,None,None,None,None,None,48654000,None,None,None,0.321,63092000,207569000,115331000,25457000,78208000,None,None,None,None,None,None,None,4.064,35.2,13.22,None,None,None,None,None,-58479000,None,0.246,None,65697000,2025-11-03,quarterly,3.4,USD,pre-market,40948000,396936000,0.241,0.646,0.133,51.5,64631000,551000,551000,65580000,576.01,691.29,7.9365,490676000,299245000,106566000,121366000,191431000,14800000,638095000,369010000,54.64,-472096000,769.98,356.14
2025-12-28,IDXX,12.6,4167411000.0,54.64,None,1.668,19.52,9575000,None,67151000,67151000,-23450000,-6493000,-3456000,1269000,897000,None,None,-14433000,4594000,136220000,None,315195000,315195000,19842000,None,None,71688000,None,None,24369000,11464000,0,0,None,0.214,0.25,115331000,139700000,3.15,2011-03-31,48.08,88127000,2572125000.0,322900000,118472000,40670000,30619000,30619000,None,0,None,69369000,None,None,None,None,None,36606000,None,None,None,0.321,25218000,207569000,115331000,25457000,78208000,None,None,None,None,None,None,None,4.064,35.2,13.22,None,None,None,None,None,-39940000,None,0.246,None,65697000,2025-11-03,quarterly,3.4,USD,pre-market,40948000,396936000,0.241,0.646,0.133,51.5,64631000,551000,551000,65580000,576.01,691.29,7.9365,490676000,299245000,106566000,121366000,191431000,14800000,638095000,369010000,54.64,-472096000,769.98,356.14
2025-12-28,IDXX,12.6,4167411000.0,54.64,None,1.668,19.52,10412000,None,67151000,67151000,-11490000,-14386000,None,None,2991000,None,None,None,4594000,136220000,None,315195000,315195000,19842000,None,None,71688000,None,None,24369000,11839000,19047000,19047000,None,0.214,0.25,115331000,139700000,3.15,2010-12-31,48.08,88127000,2572125000.0,322900000,118472000,40670000,30619000,30619000,None,0,None,69369000,None,None,None,None,None,36380000,None,None,None,0.321,48850000,207569000,115331000,25457000,78208000,None,None,None,None,None,None,None,4.064,35.2,13.22,None,None,None,None,None,-25933000,None,0.246,None,65697000,2025-11-03,quarterly,3.4,USD,pre-market,40948000,396936000,0.241,0.646,0.133,51.5,64631000,551000,551000,65580000,576.01,691.29,7.9365,490676000,299245000,106566000,121366000,191431000,14800000,638095000,369010000,54.64,-472096000,769.98,356.14
2025-12-28,IDXX,12.6,4167411000.0,54.64,None,1.668,19.52,11309000,None,67151000,67151000,-32072000,-11287000,None,None,-9483000,None,None,None,4594000,136220000,None,315195000,315195000,19842000,None,None,71688000,None,None,24369000,11485000,0,0,None,0.214,0.25,115331000,139700000,3.15,2010-09-30,48.08,88127000,2572125000.0,322900000,118472000,40670000,30619000,30619000,None,0,None,69369000,None,None,None,None,None,34715000,None,None,None,0.321,54898000,207569000,115331000,25457000,78208000,None,None,None,None,None,None,None,4.064,35.2,13.22,None,None,None,None,None,-33433000,None,0.246,None,65697000,2025-11-03,quarterly,3.4,USD,pre-market,40948000,396936000,0.241,0.646,0.133,51.5,64631000,551000,551000,65580000,576.01,691.29,7.9365,490676000,299245000,106566000,121366000,191431000,14800000,638095000,369010000,54.64,-472096000,769.98,356.14
2025-12-28,IDXX,12.6,4167411000.0,54.64,None,1.668,19.52,8964000,None,67151000,67151000,-33603000,-8927000,None,None,-798000,None,None,None,4594000,136220000,None,315195000,315195000,19842000,None,None,71688000,None,None,24369000,11386000,0,0,None,0.214,0.25,115331000,139700000,3.15,2010-06-30,48.08,88127000,2572125000.0,322900000,118472000,40670000,30619000,30619000,None,0,None,69369000,None,None,None,None,None,37197000,None,None,None,0.321,55880000,207569000,115331000,25457000,78208000,None,None,None,None,None,None,None,4.064,35.2,13.22,None,None,None,None,None,-25996000,None,0.246,None,65697000,2025-11-03,quarterly,3.4,USD,pre-market,40948000,396936000,0.241,0.646,0.133,51.5,64631000,551000,551000,65580000,576.01,691.29,7.9365,490676000,299245000,106566000,121366000,191431000,14800000,638095000,369010000,54.64,-472096000,769.98,356.14
2025-12-28,IDXX,12.6,4167411000.0,54.64,None,1.668,19.52,8617000,None,67151000,67151000,-9604000,-8590000,None,None,-12179000,None,None,None,4594000,136220000,None,315195000,315195000,19842000,None,None,71688000,None,None,24369000,11246000,None,None,None,0.214,0.25,115331000,139700000,3.15,2010-03-31,48.08,88127000,2572125000.0,322900000,118472000,40670000,30619000,30619000,None,0,None,69369000,None,None,None,None,None,33028000,None,None,None,0.321,19205000,207569000,115331000,25457000,78208000,None,None,None,None,None,None,None,4.064,35.2,13.22,None,None,None,None,None,-57728000,None,0.246,None,65697000,2025-11-03,quarterly,3.4,USD,pre-market,40948000,396936000,0.241,0.646,0.133,51.5,64631000,551000,551000,65580000,576.01,691.29,7.9365,490676000,299245000,106566000,121366000,191431000,14800000,638095000,369010000,54.64,-472096000,769.98,356.14
2025-12-28,IDXX,12.6,4167411000.0,54.64,None,1.668,19.52,16035000,None,67151000,67151000,-44755000,-14012000,None,None,14368000,None,None,None,4594000,136220000,None,315195000,315195000,19842000,None,None,71688000,None,None,24369000,12555000,13104000,13104000,None,0.214,0.25,115331000,139700000,3.15,2009-12-31,48.08,88127000,2572125000.0,322900000,118472000,40670000,30619000,30619000,None,0,None,69369000,None,None,None,None,None,30961000,None,None,None,0.321,59449000,207569000,115331000,25457000,78208000,None,None,None,None,None,None,None,4.064,35.2,13.22,None,None,None,None,None,-25133000,None,0.246,None,65697000,2025-11-03,quarterly,3.4,USD,pre-market,40948000,396936000,0.241,0.646,0.133,51.5,64631000,551000,551000,65580000,576.01,691.29,7.9365,490676000,299245000,106566000,121366000,191431000,14800000,638095000,369010000,54.64,-472096000,769.98,356.14
2025-12-28,IDXX,12.6,4167411000.0,54.64,None,1.668,19.52,21682000,None,67151000,67151000,-22404000,-20702000,None,None,-1269000,None,None,None,4594000,136220000,None,315195000,315195000,19842000,None,None,71688000,None,None,24369000,12506000,None,None,None,0.214,0.25,115331000,139700000,3.15,2009-09-30,48.08,88127000,2572125000.0,322900000,118472000,40670000,30619000,30619000,None,0,None,69369000,None,None,None,None,None,31536000,None,None,None,0.321,44622000,207569000,115331000,25457000,78208000,None,None,None,None,None,None,None,4.064,35.2,13.22,None,None,None,None,None,-18241000,None,0.246,None,65697000,2025-11-03,quarterly,3.4,USD,pre-market,40948000,396936000,0.241,0.646,0.133,51.5,64631000,551000,551000,65580000,576.01,691.29,7.9365,490676000,299245000,106566000,121366000,191431000,14800000,638095000,369010000,54.64,-472096000,769.98,356.14
2025-12-28,IDXX,12.6,4167411000.0,54.64,None,1.668,19.52,12058000,None,67151000,67151000,-31421000,-12028000,None,None,1191000,None,None,None,4594000,136220000,None,315195000,315195000,19842000,None,None,71688000,None,None,24369000,11665000,None,None,None,0.214,0.25,115331000,139700000,3.15,2009-06-30,48.08,88127000,2572125000.0,322900000,118472000,40670000,30619000,30619000,None,0,None,69369000,None,None,None,None,None,33667000,None,None,None,0.321,58257000,207569000,115331000,25457000,78208000,None,None,None,None,None,None,None,4.064,35.2,13.22,None,None,None,None,None,-24739000,None,0.246,None,65697000,2025-11-03,quarterly,3.4,USD,pre-market,40948000,396936000,0.241,0.646,0.133,51.5,64631000,551000,551000,65580000,576.01,691.29,7.9365,490676000,299245000,106566000,121366000,191431000,14800000,638095000,369010000,54.64,-472096000,769.98,356.14
2025-12-28,IDXX,12.6,4167411000.0,54.64,None,1.668,19.52,9302000,None,67151000,67151000,3285000,-6879000,None,None,-8067000,None,None,None,4594000,136220000,None,315195000,315195000,19842000,None,None,71688000,None,None,24369000,13047000,None,None,None,0.214,0.25,115331000,139700000,3.15,2009-03-31,48.08,88127000,2572125000.0,322900000,118472000,40670000,30619000,30619000,None,0,None,69369000,None,None,None,None,None,26071000,None,None,None,0.321,12624000,207569000,115331000,25457000,78208000,None,None,None,None,None,None,None,4.064,35.2,13.22,None,None,None,None,None,-14986000,None,0.246,None,65697000,2025-11-03,quarterly,3.4,USD,pre-market,40948000,396936000,0.241,0.646,0.133,51.5,64631000,551000,551000,65580000,576.01,691.29,7.9365,490676000,299245000,106566000,121366000,191431000,14800000,638095000,369010000,54.64,-472096000,769.98,356.14
2025-12-28,IDXX,12.6,4167411000.0,54.64,None,1.668,19.52,24429000,None,67151000,67151000,-20680000,-17404000,None,None,-4331000,None,None,None,4594000,136220000,None,315195000,315195000,19842000,None,None,71688000,None,None,24369000,12649000,None,None,None,0.214,0.25,115331000,139700000,3.15,2008-12-31,48.08,88127000,2572125000.0,322900000,118472000,40670000,30619000,30619000,None,0,None,69369000,None,None,None,None,None,23555000,None,None,None,0.321,33494000,207569000,115331000,25457000,78208000,None,None,None,None,None,None,None,4.064,35.2,13.22,None,None,None,None,None,-9913000,None,0.246,None,65697000,2025-11-03,quarterly,3.4,USD,pre-market,40948000,396936000,0.241,0.646,0.133,51.5,64631000,551000,551000,65580000,576.01,691.29,7.9365,490676000,299245000,106566000,121366000,191431000,14800000,638095000,369010000,54.64,-472096000,769.98,356.14
2025-12-28,IDXX,12.6,4167411000.0,54.64,None,1.668,19.52,22684000,None,67151000,67151000,-5742000,-22684000,None,None,-7177000,None,None,None,4594000,136220000,None,315195000,315195000,19842000,None,None,71688000,None,None,24369000,12190000,None,None,None,0.214,0.25,115331000,139700000,3.15,2008-09-30,48.08,88127000,2572125000.0,322900000,118472000,40670000,30619000,30619000,None,0,None,69369000,None,None,None,None,None,25699000,None,None,None,0.321,41674000,207569000,115331000,25457000,78208000,None,None,None,None,None,None,None,4.064,35.2,13.22,None,None,None,None,None,-20098000,None,0.246,None,65697000,2025-11-03,quarterly,3.4,USD,pre-market,40948000,396936000,0.241,0.646,0.133,51.5,64631000,551000,551000,65580000,576.01,691.29,7.9365,490676000,299245000,106566000,121366000,191431000,14800000,638095000,369010000,54.64,-472096000,769.98,356.14
2025-12-28,IDXX,12.6,4167411000.0,54.64,None,1.668,19.52,34232000,None,67151000,67151000,-29136000,-26699000,None,None,-6483000,None,None,None,4594000,136220000,None,315195000,315195000,19842000,None,None,71688000,None,None,24369000,12585000,None,None,None,0.214,0.25,115331000,139700000,3.15,2008-06-30,48.08,88127000,2572125000.0,322900000,118472000,40670000,30619000,30619000,None,0,None,69369000,None,None,None,None,None,39364000,None,None,None,0.321,70929000,207569000,115331000,25457000,78208000,None,None,None,None,None,None,None,4.064,35.2,13.22,None,None,None,None,None,-50976000,None,0.246,None,65697000,2025-11-03,quarterly,3.4,USD,pre-market,40948000,396936000,0.241,0.646,0.133,51.5,64631000,551000,551000,65580000,576.01,691.29,7.9365,490676000,299245000,106566000,121366000,191431000,14800000,638095000,369010000,54.64,-472096000,769.98,356.14
2025-12-28,IDXX,12.6,4167411000.0,54.64,None,1.668,19.52,17275000,None,67151000,67151000,24768000,-24808000,None,None,-477000,None,None,None,4594000,136220000,None,315195000,315195000,19842000,None,None,71688000,None,None,24369000,11395000,None,None,None,0.214,0.25,115331000,139700000,3.15,2008-03-31,48.08,88127000,2572125000.0,322900000,118472000,40670000,30619000,30619000,None,0,None,69369000,None,None,None,None,None,27551000,None,None,None,0.321,-2789000,207569000,115331000,25457000,78208000,None,None,None,None,None,None,None,4.064,35.2,13.22,None,None,None,None,None,-51355000,None,0.246,None,65697000,2025-11-03,quarterly,3.4,USD,pre-market,40948000,396936000,0.241,0.646,0.133,51.5,64631000,551000,551000,65580000,576.01,691.29,7.9365,490676000,299245000,106566000,121366000,191431000,14800000,638095000,369010000,54.64,-472096000,769.98,356.14
2025-12-28,IDXX,12.6,4167411000.0,54.64,None,1.668,19.52,65063000,None,67151000,67151000,-12521000,-25927000,None,None,-2508000,None,None,None,4594000,136220000,None,315195000,315195000,19842000,None,None,71688000,None,None,24369000,11562000,None,None,None,0.214,0.25,115331000,139700000,3.15,2007-12-31,48.08,88127000,2572125000.0,322900000,118472000,40670000,30619000,30619000,None,0,None,69369000,None,None,None,None,None,25528000,None,None,None,0.321,39931000,207569000,115331000,25457000,78208000,None,None,None,None,None,None,None,4.064,35.2,13.22,None,None,None,None,None,-18703000,None,0.246,None,65697000,2025-11-03,quarterly,3.4,USD,pre-market,40948000,396936000,0.241,0.646,0.133,51.5,64631000,551000,551000,65580000,576.01,691.29,7.9365,490676000,299245000,106566000,121366000,191431000,14800000,638095000,369010000,54.64,-472096000,769.98,356.14
2025-12-28,IDXX,12.6,4167411000.0,54.64,None,1.668,19.52,17934000,None,67151000,67151000,-6974000,-17934000,None,None,-4524000,None,None,None,4594000,136220000,None,315195000,315195000,19842000,None,None,71688000,None,None,24369000,10267000,None,None,None,0.214,0.25,115331000,139700000,3.15,2007-09-30,48.08,88127000,2572125000.0,322900000,118472000,40670000,30619000,30619000,None,0,None,69369000,None,None,None,None,None,25795000,None,None,None,0.321,32057000,207569000,115331000,25457000,78208000,None,None,None,None,None,None,None,4.064,35.2,13.22,None,None,None,None,None,-7151000,None,0.246,None,65697000,2025-11-03,quarterly,3.4,USD,pre-market,40948000,396936000,0.241,0.646,0.133,51.5,64631000,551000,551000,65580000,576.01,691.29,7.9365,490676000,299245000,106566000,121366000,191431000,14800000,638095000,369010000,54.64,-472096000,769.98,356.14
2025-12-28,IDXX,12.6,4167411000.0,54.64,None,1.668,19.52,21226000,None,67151000,67151000,-47981000,-21226000,None,None,4885000,None,None,None,4594000,136220000,None,315195000,315195000,19842000,None,None,71688000,None,None,24369000,10224000,None,None,None,0.214,0.25,115331000,139700000,3.15,2007-06-30,48.08,88127000,2572125000.0,322900000,118472000,40670000,30619000,30619000,None,0,None,69369000,None,None,None,None,None,21664000,None,None,None,0.321,64523000,207569000,115331000,25457000,78208000,None,None,None,None,None,None,None,4.064,35.2,13.22,None,None,None,None,None,-57714000,None,0.246,None,65697000,2025-11-03,quarterly,3.4,USD,pre-market,40948000,396936000,0.241,0.646,0.133,51.5,64631000,551000,551000,65580000,576.01,691.29,7.9365,490676000,299245000,106566000,121366000,191431000,14800000,638095000,369010000,54.64,-472096000,769.98,356.14
2025-12-28,IDXX,12.6,4167411000.0,54.64,None,1.668,19.52,91041000,None,67151000,67151000,49289000,-56041000,None,None,-3083000,None,None,None,4594000,136220000,None,315195000,315195000,19842000,None,None,71688000,None,None,24369000,9047000,None,None,None,0.214,0.25,115331000,139700000,3.15,2007-03-31,48.08,88127000,2572125000.0,322900000,118472000,40670000,30619000,30619000,None,0,None,69369000,None,None,None,None,None,21027000,None,None,None,0.321,-1387000,207569000,115331000,25457000,78208000,None,None,None,None,None,None,None,4.064,35.2,13.22,None,None,None,None,None,-34819000,None,0.246,None,65697000,2025-11-03,quarterly,3.4,USD,pre-market,40948000,396936000,0.241,0.646,0.133,51.5,64631000,551000,551000,65580000,576.01,691.29,7.9365,490676000,299245000,106566000,121366000,191431000,14800000,638095000,369010000,54.64,-472096000,769.98,356.14
2025-12-28,IDXX,12.6,4167411000.0,54.64,None,1.668,19.52,27621000,None,67151000,67151000,-9305000,-18980000,None,None,-2551000,None,None,None,4594000,136220000,None,315195000,315195000,19842000,None,None,71688000,None,None,24369000,8079000,None,None,None,0.214,0.25,115331000,139700000,3.15,2006-12-31,48.08,88127000,2572125000.0,322900000,118472000,40670000,30619000,30619000,None,0,None,69369000,None,None,None,None,None,24672000,None,None,None,0.321,38414000,207569000,115331000,25457000,78208000,None,None,None,None,None,None,None,4.064,35.2,13.22,None,None,None,None,None,-11879000,None,0.246,None,65697000,2025-11-03,quarterly,3.4,USD,pre-market,40948000,396936000,0.241,0.646,0.133,51.5,64631000,551000,551000,65580000,576.01,691.29,7.9365,490676000,299245000,106566000,121366000,191431000,14800000,638095000,369010000,54.64,-472096000,769.98,356.14
2025-12-28,IDXX,12.6,4167411000.0,54.64,None,1.668,19.52,9240000,None,67151000,67151000,-259000,-25835000,None,None,-7518000,None,None,None,4594000,136220000,None,315195000,315195000,19842000,None,None,71688000,None,None,24369000,7528000,None,None,None,0.214,0.25,115331000,139700000,3.15,2006-09-30,48.08,88127000,2572125000.0,322900000,118472000,40670000,30619000,30619000,None,0,None,69369000,None,None,None,None,None,24953000,None,None,None,0.321,26624000,207569000,115331000,25457000,78208000,None,None,None,None,None,None,None,4.064,35.2,13.22,None,None,None,None,None,-8604000,None,0.246,None,65697000,2025-11-03,quarterly,3.4,USD,pre-market,40948000,396936000,0.241,0.646,0.133,51.5,64631000,551000,551000,65580000,576.01,691.29,7.9365,490676000,299245000,106566000,121366000,191431000,14800000,638095000,369010000,54.64,-472096000,769.98,356.14
2025-12-28,IDXX,12.6,4167411000.0,54.64,None,1.668,19.52,27537000,None,67151000,67151000,-38125000,4136000,None,None,-3898000,None,None,None,4594000,136220000,None,315195000,315195000,19842000,None,None,71688000,None,None,24369000,7551000,None,None,None,0.214,0.25,115331000,139700000,3.15,2006-06-30,48.08,88127000,2572125000.0,322900000,118472000,40670000,30619000,30619000,None,0,None,69369000,None,None,None,None,None,25780000,None,None,None,0.321,47811000,207569000,115331000,25457000,78208000,None,None,None,None,None,None,None,4.064,35.2,13.22,None,None,None,None,None,-42533000,None,0.246,None,65697000,2025-11-03,quarterly,3.4,USD,pre-market,40948000,396936000,0.241,0.646,0.133,51.5,64631000,551000,551000,65580000,576.01,691.29,7.9365,490676000,299245000,106566000,121366000,191431000,14800000,638095000,369010000,54.64,-472096000,769.98,356.14
2025-12-28,IDXX,12.6,4167411000.0,54.64,None,1.668,19.52,6957000,None,67151000,67151000,-28570000,-21000,None,None,-11712000,None,None,None,4594000,136220000,None,315195000,315195000,19842000,None,None,71688000,None,None,24369000,6658000,None,None,None,0.214,0.25,115331000,139700000,3.15,2006-03-31,48.08,88127000,2572125000.0,322900000,118472000,40670000,30619000,30619000,None,0,None,69369000,None,None,None,None,None,18273000,None,None,None,0.321,-3023000,207569000,115331000,25457000,78208000,None,None,None,None,None,None,None,4.064,35.2,13.22,None,None,None,None,None,-42695000,None,0.246,None,65697000,2025-11-03,quarterly,3.4,USD,pre-market,40948000,396936000,0.241,0.646,0.133,51.5,64631000,551000,551000,65580000,576.01,691.29,7.9365,490676000,299245000,106566000,121366000,191431000,14800000,638095000,369010000,54.64,-472096000,769.98,356.14
2025-12-28,IDXX,12.6,4167411000.0,54.64,None,1.668,19.52,5903000,None,67151000,67151000,-31070000,418000,None,None,10773000,None,None,None,4594000,136220000,None,315195000,315195000,19842000,None,None,71688000,None,None,24369000,6278000,None,None,None,0.214,0.25,115331000,139700000,3.15,2005-12-31,48.08,88127000,2572125000.0,322900000,118472000,40670000,30619000,30619000,None,0,None,69369000,None,None,None,None,None,20027000,None,None,None,0.321,40047000,207569000,115331000,25457000,78208000,None,None,None,None,None,None,None,4.064,35.2,13.22,None,None,None,None,None,-34969000,None,0.246,None,65697000,2025-11-03,quarterly,3.4,USD,pre-market,40948000,396936000,0.241,0.646,0.133,51.5,64631000,551000,551000,65580000,576.01,691.29,7.9365,490676000,299245000,106566000,121366000,191431000,14800000,638095000,369010000,54.64,-472096000,769.98,356.14
2025-12-28,IDXX,12.6,4167411000.0,54.64,None,1.668,19.52,6510000,None,67151000,67151000,-33715000,1035000,None,None,1990000,None,None,None,4594000,136220000,None,315195000,315195000,19842000,None,None,71688000,None,None,24369000,6138000,None,None,None,0.214,0.25,115331000,139700000,3.15,2005-09-30,48.08,88127000,2572125000.0,322900000,118472000,40670000,30619000,30619000,None,0,None,69369000,None,None,None,None,None,20604000,None,None,None,0.321,38420000,207569000,115331000,25457000,78208000,None,None,None,None,None,None,None,4.064,35.2,13.22,None,None,None,None,None,-38409000,None,0.246,None,65697000,2025-11-03,quarterly,3.4,USD,pre-market,40948000,396936000,0.241,0.646,0.133,51.5,64631000,551000,551000,65580000,576.01,691.29,7.9365,490676000,299245000,106566000,121366000,191431000,14800000,638095000,369010000,54.64,-472096000,769.98,356.14
2025-12-28,IDXX,12.6,4167411000.0,54.64,None,1.668,19.52,130922000,None,67151000,67151000,-878073000,-207062000,None,None,-28001000,None,None,None,4594000,136220000,None,315195000,315195000,19842000,None,None,71688000,None,None,24369000,129936000,None,None,None,0.214,0.25,115331000,139700000,3.15,2024-12-31,48.08,88127000,2572125000.0,322900000,118472000,40670000,30619000,30619000,None,0,None,69369000,None,None,None,None,None,887867000,None,None,None,0.321,929001000,207569000,115331000,25457000,78208000,None,None,None,None,None,None,None,4.064,35.2,13.22,None,None,None,None,None,-837034000,None,0.246,None,65697000,2025-11-03,annual,3.4,USD,pre-market,40948000,396936000,0.241,0.646,0.133,51.5,64631000,551000,551000,65580000,576.01,691.29,7.9365,490676000,299245000,106566000,121366000,191431000,14800000,638095000,369010000,54.64,-472096000,769.98,356.14
2025-12-28,IDXX,12.6,4167411000.0,54.64,None,1.668,19.52,133631000,None,67151000,67151000,-441996000,-125254000,None,None,-28651000,None,None,None,4594000,136220000,None,315195000,315195000,19842000,None,None,71688000,None,None,24369000,114908000,None,None,None,0.214,0.25,115331000,139700000,3.15,2023-12-31,48.08,88127000,2572125000.0,322900000,118472000,40670000,30619000,30619000,None,0,None,69369000,None,None,None,None,None,845042000,None,None,None,0.321,906510000,207569000,115331000,25457000,78208000,None,None,None,None,None,None,None,4.064,35.2,13.22,None,None,None,None,None,-71920000,None,0.246,None,65697000,2025-11-03,annual,3.4,USD,pre-market,40948000,396936000,0.241,0.646,0.133,51.5,64631000,551000,551000,65580000,576.01,691.29,7.9365,490676000,299245000,106566000,121366000,191431000,14800000,638095000,369010000,54.64,-472096000,769.98,356.14
2025-12-28,IDXX,12.6,4167411000.0,54.64,None,1.668,19.52,148838000,None,67151000,67151000,-370936000,-195350000,-23302000,None,-121731000,None,None,-41398000,4594000,136220000,None,315195000,315195000,19842000,None,None,71688000,None,None,24369000,111900000,None,None,None,0.214,0.25,115331000,139700000,3.15,2022-12-31,48.08,88127000,2572125000.0,322900000,118472000,40670000,30619000,30619000,None,0,None,69369000,None,None,None,None,None,679089000,None,None,None,0.321,542984000,207569000,115331000,25457000,78208000,None,None,None,None,None,None,None,4.064,35.2,13.22,None,None,None,None,None,-819711000,None,0.246,None,65697000,2025-11-03,annual,3.4,USD,pre-market,40948000,396936000,0.241,0.646,0.133,51.5,64631000,551000,551000,65580000,576.01,691.29,7.9365,490676000,299245000,106566000,121366000,191431000,14800000,638095000,369010000,54.64,-472096000,769.98,356.14
2025-12-28,IDXX,12.6,4167411000.0,54.64,None,1.668,19.52,119549000,None,67151000,67151000,-697414000,-292967000,-234835000,None,-52919000,None,None,-33141000,4594000,136220000,None,315195000,315195000,19842000,None,None,71688000,None,None,24369000,104596000,46565000,46565000,None,0.214,0.25,115331000,139700000,3.15,2021-12-31,48.08,88127000,2572125000.0,322900000,118472000,40670000,30619000,30619000,None,0,None,69369000,None,None,None,None,None,744844000,None,None,None,0.321,755546000,207569000,115331000,25457000,78208000,None,None,None,None,None,None,None,4.064,35.2,13.22,None,None,None,None,None,-746777000,None,0.246,None,65697000,2025-11-03,annual,3.4,USD,pre-market,40948000,396936000,0.241,0.646,0.133,51.5,64631000,551000,551000,65580000,576.01,691.29,7.9365,490676000,299245000,106566000,121366000,191431000,14800000,638095000,369010000,54.64,-472096000,769.98,356.14
2025-12-28,IDXX,12.6,4167411000.0,54.64,None,1.668,19.52,107626000,None,67151000,67151000,-248416000,-109376000,290271000,None,-18885000,None,None,-60722000,4594000,136220000,None,315195000,315195000,19842000,None,None,71688000,None,None,24369000,95998000,51328000,51328000,None,0.214,0.25,115331000,139700000,3.15,2020-12-31,48.08,88127000,2572125000.0,322900000,118472000,40670000,30619000,30619000,None,0,None,69369000,None,None,None,None,None,582131000,None,None,None,0.321,648063000,207569000,115331000,25457000,78208000,None,None,None,None,None,None,None,4.064,35.2,13.22,None,None,None,None,None,-182815000,None,0.246,None,65697000,2025-11-03,annual,3.4,USD,pre-market,40948000,396936000,0.241,0.646,0.133,51.5,64631000,551000,551000,65580000,576.01,691.29,7.9365,490676000,299245000,106566000,121366000,191431000,14800000,638095000,369010000,54.64,-472096000,769.98,356.14
2025-12-28,IDXX,12.6,4167411000.0,54.64,None,1.668,19.52,155224000,None,67151000,67151000,-286409000,-205528000,-32779000,None,-37306000,None,None,-22472000,4594000,136220000,None,315195000,315195000,19842000,None,None,71688000,None,None,24369000,88011000,36106000,36106000,None,0.214,0.25,115331000,139700000,3.15,2019-12-31,48.08,88127000,2572125000.0,322900000,118472000,40670000,30619000,30619000,None,0,None,69369000,None,None,None,None,None,427792000,None,None,None,0.321,459158000,207569000,115331000,25457000,78208000,None,None,None,None,None,None,None,4.064,35.2,13.22,None,None,None,None,None,-301658000,None,0.246,None,65697000,2025-11-03,annual,3.4,USD,pre-market,40948000,396936000,0.241,0.646,0.133,51.5,64631000,551000,551000,65580000,576.01,691.29,7.9365,490676000,299245000,106566000,121366000,191431000,14800000,638095000,369010000,54.64,-472096000,769.98,356.14
2025-12-28,IDXX,12.6,4167411000.0,54.64,None,1.668,19.52,122936000,None,67151000,67151000,-597799000,138602000,-63881000,-4768000,-25623000,None,None,-18401000,4594000,136220000,None,315195000,315195000,19842000,None,None,71688000,None,None,24369000,83178000,None,None,None,0.214,0.25,115331000,139700000,3.15,2018-12-31,48.08,88127000,2572125000.0,322900000,118472000,40670000,30619000,30619000,None,0,None,69369000,None,None,None,None,None,377047000,None,None,None,0.321,400084000,207569000,115331000,25457000,78208000,None,None,None,None,None,None,None,4.064,35.2,13.22,None,None,None,None,None,-369319000,None,0.246,None,65697000,2025-11-03,annual,3.4,USD,pre-market,40948000,396936000,0.241,0.646,0.133,51.5,64631000,551000,551000,65580000,576.01,691.29,7.9365,490676000,299245000,106566000,121366000,191431000,14800000,638095000,369010000,54.64,-472096000,769.98,356.14
2025-12-28,IDXX,12.6,4167411000.0,54.64,None,1.668,19.52,76704000,None,67151000,67151000,-208016000,-138688000,32774000,6202000,-19062000,None,None,-24918000,4594000,136220000,None,315195000,315195000,19842000,None,None,71688000,None,None,24369000,83140000,0,0,None,0.214,0.25,115331000,139700000,3.15,2017-12-31,48.08,88127000,2572125000.0,322900000,118472000,40670000,30619000,30619000,None,0,None,69369000,None,None,None,None,None,263269000,None,None,None,0.321,373276000,207569000,115331000,25457000,78208000,None,None,None,None,None,None,None,4.064,35.2,13.22,None,None,None,None,None,-290638000,None,0.246,None,65697000,2025-11-03,annual,3.4,USD,pre-market,40948000,396936000,0.241,0.646,0.133,51.5,64631000,551000,551000,65580000,576.01,691.29,7.9365,490676000,299245000,106566000,121366000,191431000,14800000,638095000,369010000,54.64,-472096000,769.98,356.14
2025-12-28,IDXX,12.6,4167411000.0,54.64,None,1.668,19.52,64787000,None,67151000,67151000,-217824000,-90786000,25907000,-54000,7648000,None,None,-22554000,4594000,136220000,None,315195000,315195000,19842000,None,None,71688000,None,None,24369000,78218000,0,0,None,0.214,0.25,115331000,139700000,3.15,2016-12-31,48.08,88127000,2572125000.0,322900000,118472000,40670000,30619000,30619000,None,0,None,69369000,None,None,None,None,None,222054000,None,None,None,0.321,334571000,207569000,115331000,25457000,78208000,None,None,None,None,None,None,None,4.064,35.2,13.22,None,None,None,None,None,-304086000,None,0.246,None,65697000,2025-11-03,annual,3.4,USD,pre-market,40948000,396936000,0.241,0.646,0.133,51.5,64631000,551000,551000,65580000,576.01,691.29,7.9365,490676000,299245000,106566000,121366000,191431000,14800000,638095000,369010000,54.64,-472096000,769.98,356.14
2025-12-28,IDXX,12.6,4167411000.0,54.64,None,1.668,19.52,82921000,None,67151000,67151000,-95552000,-308406000,-193542000,-5948000,-34969000,None,None,-50142000,4594000,136220000,None,315195000,315195000,19842000,None,None,71688000,None,None,24369000,68956000,0,0,None,0.214,0.25,115331000,139700000,3.15,2015-12-31,48.08,88127000,2572125000.0,322900000,118472000,40670000,30619000,30619000,None,0,None,69369000,None,None,None,None,None,192135000,None,None,None,0.321,216364000,207569000,115331000,25457000,78208000,None,None,None,None,None,None,None,4.064,35.2,13.22,None,None,None,None,None,-401981000,None,0.246,None,65697000,2025-11-03,annual,3.4,USD,pre-market,40948000,396936000,0.241,0.646,0.133,51.5,64631000,551000,551000,65580000,576.01,691.29,7.9365,490676000,299245000,106566000,121366000,191431000,14800000,638095000,369010000,54.64,-472096000,769.98,356.14
2025-12-28,IDXX,12.6,4167411000.0,54.64,None,1.668,19.52,60698000,None,67151000,67151000,-103438000,-80413000,43478000,-8517000,-38310000,None,None,-3626000,4594000,136220000,None,315195000,315195000,19842000,None,None,71688000,None,None,24369000,58888000,0,0,None,0.214,0.25,115331000,139700000,3.15,2014-12-31,48.08,88127000,2572125000.0,322900000,118472000,40670000,30619000,30619000,None,0,None,69369000,None,None,None,None,None,181951000,None,None,None,0.321,235846000,207569000,115331000,25457000,78208000,None,None,None,None,None,None,None,4.064,35.2,13.22,None,None,None,None,None,-618158000,None,0.246,None,65697000,2025-11-03,annual,3.4,USD,pre-market,40948000,396936000,0.241,0.646,0.133,51.5,64631000,551000,551000,65580000,576.01,691.29,7.9365,490676000,299245000,106566000,121366000,191431000,14800000,638095000,369010000,54.64,-472096000,769.98,356.14
2025-12-28,IDXX,12.6,4167411000.0,54.64,None,1.668,19.52,78636000,None,67151000,67151000,-102451000,-86059000,55072000,-2414000,-1347000,None,None,-15946000,4594000,136220000,None,315195000,315195000,19842000,None,None,71688000,None,None,24369000,54596000,0,0,None,0.214,0.25,115331000,139700000,3.15,2013-12-31,48.08,88127000,2572125000.0,322900000,118472000,40670000,30619000,30619000,None,0,None,69369000,None,None,None,None,None,187794000,None,None,None,0.321,245996000,207569000,115331000,25457000,78208000,None,None,None,None,None,None,None,4.064,35.2,13.22,None,None,None,None,None,-367761000,None,0.246,None,65697000,2025-11-03,annual,3.4,USD,pre-market,40948000,396936000,0.241,0.646,0.133,51.5,64631000,551000,551000,65580000,576.01,691.29,7.9365,490676000,299245000,106566000,121366000,191431000,14800000,638095000,369010000,54.64,-472096000,769.98,356.14
2025-12-28,IDXX,12.6,4167411000.0,54.64,None,1.668,19.52,69050000,None,67151000,67151000,-125343000,-66005000,40091000,1157000,-13752000,None,None,3487000,4594000,136220000,None,315195000,315195000,19842000,None,None,71688000,None,None,24369000,52408000,0,0,None,0.214,0.25,115331000,139700000,3.15,2012-12-31,48.08,88127000,2572125000.0,322900000,118472000,40670000,30619000,30619000,None,0,None,69369000,None,None,None,None,None,178287000,None,None,None,0.321,230282000,207569000,115331000,25457000,78208000,None,None,None,None,None,None,None,4.064,35.2,13.22,None,None,None,None,None,-132268000,None,0.246,None,65697000,2025-11-03,annual,3.4,USD,pre-market,40948000,396936000,0.241,0.646,0.133,51.5,64631000,551000,551000,65580000,576.01,691.29,7.9365,490676000,299245000,106566000,121366000,191431000,14800000,638095000,369010000,54.64,-472096000,769.98,356.14
2025-12-28,IDXX,12.6,4167411000.0,54.64,None,1.668,19.52,100221000,None,67151000,67151000,-97657000,-96996000,26980000,933000,-6310000,None,None,-24809000,4594000,136220000,None,315195000,315195000,19842000,None,None,71688000,None,None,24369000,48202000,0,0,None,0.214,0.25,115331000,139700000,3.15,2011-12-31,48.08,88127000,2572125000.0,322900000,118472000,40670000,30619000,30619000,None,0,None,69369000,None,None,None,None,None,161754000,None,None,None,0.321,220700000,207569000,115331000,25457000,78208000,None,None,None,None,None,None,None,4.064,35.2,13.22,None,None,None,None,None,-255505000,None,0.246,None,65697000,2025-11-03,annual,3.4,USD,pre-market,40948000,396936000,0.241,0.646,0.133,51.5,64631000,551000,551000,65580000,576.01,691.29,7.9365,490676000,299245000,106566000,121366000,191431000,14800000,638095000,369010000,54.64,-472096000,769.98,356.14
2025-12-28,IDXX,12.6,4167411000.0,54.64,None,1.668,19.52,39302000,None,67151000,67151000,-86769000,-43190000,50187000,1313000,-19469000,None,None,-6914000,4594000,136220000,None,315195000,315195000,19842000,None,None,71688000,None,None,24369000,45956000,0,0,None,0.214,0.25,115331000,139700000,3.15,2010-12-31,48.08,88127000,2572125000.0,322900000,118472000,40670000,30619000,30619000,None,0,None,69369000,None,None,None,None,None,141320000,None,None,None,0.321,178833000,207569000,115331000,25457000,78208000,None,None,None,None,None,None,None,4.064,35.2,13.22,None,None,None,None,None,-143090000,None,0.246,None,65697000,2025-11-03,annual,3.4,USD,pre-market,40948000,396936000,0.241,0.646,0.133,51.5,64631000,551000,551000,65580000,576.01,691.29,7.9365,490676000,299245000,106566000,121366000,191431000,14800000,638095000,369010000,54.64,-472096000,769.98,356.14
2025-12-28,IDXX,12.6,4167411000.0,54.64,None,1.668,19.52,57843000,None,67151000,67151000,-95295000,-52387000,None,None,6223000,None,None,None,4594000,136220000,None,315195000,315195000,19842000,None,None,71688000,None,None,24369000,49773000,None,None,None,0.214,0.25,115331000,139700000,3.15,2009-12-31,48.08,88127000,2572125000.0,322900000,118472000,40670000,30619000,30619000,None,0,None,69369000,None,None,None,None,None,122235000,None,None,None,0.321,173718000,207569000,115331000,25457000,78208000,None,None,None,None,None,None,None,4.064,35.2,13.22,None,None,None,None,None,-83099000,None,0.246,None,65697000,2025-11-03,annual,3.4,USD,pre-market,40948000,396936000,0.241,0.646,0.133,51.5,64631000,551000,551000,65580000,576.01,691.29,7.9365,490676000,299245000,106566000,121366000,191431000,14800000,638095000,369010000,54.64,-472096000,769.98,356.14
2025-12-28,IDXX,12.6,4167411000.0,54.64,None,1.668,19.52,89971000,None,67151000,67151000,-30790000,-91595000,None,None,-18468000,None,None,None,4594000,136220000,None,315195000,315195000,19842000,None,None,71688000,None,None,24369000,48819000,None,None,None,0.214,0.25,115331000,139700000,3.15,2008-12-31,48.08,88127000,2572125000.0,322900000,118472000,40670000,30619000,30619000,None,0,None,69369000,None,None,None,None,None,116169000,None,None,None,0.321,143343000,207569000,115331000,25457000,78208000,None,None,None,None,None,None,None,4.064,35.2,13.22,None,None,None,None,None,-132342000,None,0.246,None,65697000,2025-11-03,annual,3.4,USD,pre-market,40948000,396936000,0.241,0.646,0.133,51.5,64631000,551000,551000,65580000,576.01,691.29,7.9365,490676000,299245000,106566000,121366000,191431000,14800000,638095000,369010000,54.64,-472096000,769.98,356.14
2025-12-28,IDXX,12.6,4167411000.0,54.64,None,1.668,19.52,66244000,None,67151000,67151000,-18187000,-121128000,None,None,-5230000,None,None,None,4594000,136220000,None,315195000,315195000,19842000,None,None,71688000,None,None,24369000,41100000,None,None,None,0.214,0.25,115331000,139700000,3.15,2007-12-31,48.08,88127000,2572125000.0,322900000,118472000,40670000,30619000,30619000,None,0,None,69369000,None,None,None,None,None,94014000,None,None,None,0.321,135124000,207569000,115331000,25457000,78208000,None,None,None,None,None,None,None,4.064,35.2,13.22,None,None,None,None,None,-118387000,None,0.246,None,65697000,2025-11-03,annual,3.4,USD,pre-market,40948000,396936000,0.241,0.646,0.133,51.5,64631000,551000,551000,65580000,576.01,691.29,7.9365,490676000,299245000,106566000,121366000,191431000,14800000,638095000,369010000,54.64,-472096000,769.98,356.14
2025-12-28,IDXX,12.6,4167411000.0,54.64,None,1.668,19.52,71355000,None,67151000,67151000,-76259000,-40700000,None,None,-25679000,None,None,None,4594000,136220000,None,315195000,315195000,19842000,None,None,71688000,None,None,24369000,29816000,None,None,None,0.214,0.25,115331000,139700000,3.15,2006-12-31,48.08,88127000,2572125000.0,322900000,118472000,40670000,30619000,30619000,None,0,None,69369000,None,None,None,None,None,93678000,None,None,None,0.321,109826000,207569000,115331000,25457000,78208000,None,None,None,None,None,None,None,4.064,35.2,13.22,None,None,None,None,None,-105711000,None,0.246,None,65697000,2025-11-03,annual,3.4,USD,pre-market,40948000,396936000,0.241,0.646,0.133,51.5,64631000,551000,551000,65580000,576.01,691.29,7.9365,490676000,299245000,106566000,121366000,191431000,14800000,638095000,369010000,54.64,-472096000,769.98,356.14
2025-12-28,IDXX,12.6,4167411000.0,54.64,None,1.668,19.52,24199000,None,67151000,67151000,-106985000,12594000,None,None,7433000,None,None,None,4594000,136220000,None,315195000,315195000,19842000,None,None,71688000,None,None,24369000,24369000,None,None,None,0.214,0.25,115331000,139700000,3.15,2005-12-31,48.08,88127000,2572125000.0,322900000,118472000,40670000,30619000,30619000,None,0,None,69369000,None,None,None,None,None,78254000,None,None,None,0.321,116552000,207569000,115331000,25457000,78208000,None,None,None,None,None,None,None,4.064,35.2,13.22,None,None,None,None,None,-123769000,None,0.246,None,65697000,2025-11-03,annual,3.4,USD,pre-market,40948000,396936000,0.241,0.646,0.133,51.5,64631000,551000,551000,65580000,576.01,691.29,7.9365,490676000,299245000,106566000,121366000,191431000,14800000,638095000,369010000,54.64,-472096000,769.98,356.14
