date,symbol,eps,revenue_ttm,accumulateddepreciationamortizationppe,beta,book_value,capitalexpenditures,capitalleaseobligations,cashandcashequivalentsatcarryingvalue,cashandshortterminvestments,cashflowfromfinancing,cashflowfrominvestment,changeincashandcashequivalents,changeinexchangerate,changeininventory,changeinoperatingassets,changeinoperatingliabilities,changeinreceivables,commonstock,commonstocksharesoutstanding,comprehensiveincomenetoftax,costofgoodsandservicessold,costofrevenue,currentaccountspayable,currentdebt,currentlongtermdebt,currentnetreceivables,deferredrevenue,depreciation,depreciationandamortization,depreciationdepletionandamortization,dividendpayout,dividendpayoutcommonstock,dividendpayoutpreferredstock,earnings_growth_yoy,earnings_surprise,ebit,ebitda,estimated_eps,fiscaldateending,goodwill,gross_profit_ttm,grossprofit,incomebeforetax,incometaxexpense,intangibleassets,intangibleassetsexcludinggoodwill,interestanddebtexpense,interestexpense,interestincome,inventory,investmentincomenet,investments,longtermdebt,longtermdebtnoncurrent,longterminvestments,netincome,netincomefromcontinuingoperations,netinterestincome,noninterestincome,operating_margin_ttm,operatingcashflow,operatingexpenses,operatingincome,othercurrentassets,othercurrentliabilities,othernoncurrentassets,othernoncurrentliabilities,othernonoperatingincome,paymentsforoperatingactivities,paymentsforrepurchaseofcommonstock,paymentsforrepurchaseofequity,paymentsforrepurchaseofpreferredstock,peg_ratio,price_to_book,price_to_sales_ttm,proceedsfromissuanceofcommonstock,proceedsfromissuanceoflongtermdebtandcapitalsecuritiesnet,proceedsfromissuanceofpreferredstock,proceedsfromoperatingactivities,proceedsfromrepaymentsofshorttermdebt,proceedsfromrepurchaseofequity,proceedsfromsaleoftreasurystock,profit_margin,profitloss,propertyplantequipment,report_date,report_type,reported_eps,reportedcurrency,reporttime,researchanddevelopment,retainedearnings,return_on_assets_ttm,return_on_equity_ttm,revenue_growth_yoy,revenue_per_share_ttm,sellinggeneralandadministrative,shortlongtermdebttotal,shorttermdebt,shortterminvestments,sma_200,sma_50,surprise_pct,totalassets,totalcurrentassets,totalcurrentliabilities,totalliabilities,totalnoncurrentassets,totalnoncurrentliabilities,totalrevenue,totalshareholderequity,treasurystock,week_52_high,week_52_low
2000-06-30,INSM,,,,,,,,,,,,,,,,,,,,,,,,,,,,,,,,,,,0.0,,,,,,,,,,,,,,,,,,,,,,,,,,,,,,,,,,,,,,,,,,,,,,,,,,,2000-06-30,,-47.7376,,pre-market,,,,,,,,,,,,,,,,,,,,,,,,
2000-09-30,INSM,,,,,,,,,,,,,,,,,,,,,,,,,,,,,,,,,,,0.0,,,,,,,,,,,,,,,,,,,,,,,,,,,,,,,,,,,,,,,,,,,,,,,,,,,2000-09-30,,-1.9,,pre-market,,,,,,,,,,,,,,,,,,,,,,,,
2000-12-31,INSM,,,,,,,,,,,,,,,,,,,,,,,,,,,,,,,,,,,1.85,,,-4.45,,,,,,,,,,,,,,,,,,,,,,,,,,,,,,,,,,,,,,,,,,,,,,,,2001-02-01,,-2.6,,pre-market,,,,,,,,,,,,,41.573,,,,,,,,,,,
2001-03-31,INSM,,,,,,,,,,,,,,,,,,,,,,,,,,,,,,,,,,,0.0,,,-4.45,,,,,,,,,,,,,,,,,,,,,,,,,,,,,,,,,,,,,,,,,,,,,,,,2001-03-31,,-3.0753,,pre-market,,,,,,,,,,,,,41.573,,,,,,,,,,,
2001-06-30,INSM,,,,,,,,,,,,,,,,,,,,,,,,,,,,,,,,,,,0.55,,,-3.25,,,,,,,,,,,,,,,,,,,,,,,,,,,,,,,,,,,,,,,,,,,,,,,,2001-08-02,,-2.7,,pre-market,,,,,,,,,,,,,16.9231,,,,,,,,,,,
2001-09-30,INSM,,,,,,,,,,,,,,,,,,,,,,,,,,,,,,,,,,,0.43,,,-2.93,,,,,,,,,,,,,,,,,,,,,,,,,,,,,,,,,,,,,,,,,,,,,,,,2001-11-01,,-2.5,,pre-market,,,,,,,,,,,,,14.6758,,,,,,,,,,,
2001-12-31,INSM,,,,,,,,,,,,,,,,,,,,,,,,,,,,,,,,,,,0.0,,,-3.0,,,,,,,,,,,,,,,,,,,,,,,,,,,,,,,,,,,,,,,,,,,,,,,,2002-01-30,,-3.0,,pre-market,,,,,,,,,,,,,0.0,,,,,,,,,,,
2002-03-31,INSM,,,,,,,,,,,,,,,,,,,,,,,,,,,,,,,,,,,0.0,,,-3.0,,,,,,,,,,,,,,,,,,,,,,,,,,,,,,,,,,,,,,,,,,,,,,,,2002-05-03,,-1.8535,,pre-market,,,,,,,,,,,,,0.0,,,,,,,,,,,
2002-06-30,INSM,,,,,,,,,,,,,,,,,,,,,,,,,,,,,,,,,,,0.0,,,-3.0,,,,,,,,,,,,,,,,,,,,,,,,,,,,,,,,,,,,,,,,,,,,,,,,2002-07-29,,-2.1514,,pre-market,,,,,,,,,,,,,0.0,,,,,,,,,,,
2002-09-30,INSM,,,,,,,,,,,,,,,,,,,,,,,,,,,,,,,,,,,0.0,,,-3.0,,,,,,,,,,,,,,,,,,,,,,,,,,,,,,,,,,,,,,,,,,,,,,,,2002-10-30,,-1.4201,,pre-market,,,,,,,,,,,,,0.0,,,,,,,,,,,
2002-12-31,INSM,,,,,,,,,,,,,,,,,,,,,,,,,,,,,,,,,,,0.0,,,-3.0,,,,,,,,,,,,,,,,,,,,,,,,,,,,,,,,,,,,,,,,,,,,,,,,2003-02-04,,-5.594,,pre-market,,,,,,,,,,,,,0.0,,,,,,,,,,,
2003-03-31,INSM,,,,,,,,,,,,,,,,,,,,,,,,,,,,,,,,,,,0.0,,,-3.0,,,,,,,,,,,,,,,,,,,,,,,,,,,,,,,,,,,,,,,,,,,,,,,,2003-05-05,,-0.6651,,pre-market,,,,,,,,,,,,,0.0,,,,,,,,,,,
2003-06-30,INSM,,,,,,,,,,,,,,,,,,,,,,,,,,,,,,,,,,,0.0,,,-3.0,,,,,,,,,,,,,,,,,,,,,,,,,,,,,,,,,,,,,,,,,,,,,,,,2003-07-31,,-0.977,,pre-market,,,,,,,,,,,,,0.0,,,,,,,,,,,
2003-09-30,INSM,,,,,,,,,,,,,,,,,,,,,,,,,,,,,,,,,,,0.0,,,-3.0,,,,,,,,,,,,,,,,,,,,,,,,,,,,,,,,,,,,,,,,,,,,,,,,2003-11-05,,-0.6381,,pre-market,,,,,,,,,,,,,0.0,,,,,,,,,,,
2003-12-31,INSM,,,,,,,,,,,,,,,,,,,,,,,,,,,,,,,,,,,0.2,,,-0.8,,,,,,,,,,,,,,,,,,,,,,,,,,,,,,,,,,,,,,,,,,,,,,,,2004-02-11,,-0.6,,pre-market,,,,,,,,,,,,,25.0,,,,,,,,,,,
2004-03-31,INSM,,,,,,,,,,,,,,,,,,,,,,,,,,,,,,,,,,,-0.2,,,-1.0,,,,,,,,,,,,,,,,,,,,,,,,,,,,,,,,,,,,,,,,,,,,,,,,2004-05-05,,-1.2,,pre-market,,,,,,,,,,,,,-20.0,,,,,,,,,,,
2004-06-30,INSM,,,,,,,,,,,,,,,,,,,,,,,,,,,,,,,,,,,0.8,,,-3.1,,,,,,,,,,,,,,,,,,,,,,,,,,,,,,,,,,,,,,,,,,,,,,,,2004-07-28,,-2.3,,pre-market,,,,,,,,,,,,,25.8065,,,,,,,,,,,
2004-09-30,INSM,,,,,,,,,,,,,,,,,,,,,,,,,,,,,,,,,,,-0.6,,,-1.4,,,,,,,,,,,,,,,,,,,,,,,,,,,,,,,,,,,,,,,,,,,,,,,,2004-11-08,,-2.0,,pre-market,,,,,,,,,,,,,-42.8571,,,,,,,,,,,
2004-12-31,INSM,,,,,,,,,,,,,,,,,,,,,,,,,,,,,,,,,,,0.0,,,-1.4,,,,,,,,,,,,,,,,,,,,,,,,,,,,,,,,,,,,,,,,,,,,,,,,2005-03-16,,-1.409,,pre-market,,,,,,,,,,,,,-42.8571,,,,,,,,,,,
2005-03-31,INSM,,,,,,,,,,,,,,,,,,,,,,,,,,,,,,,,,,,-0.1,,,-1.2,,,,,,,,,,,,,,,,,,,,,,,,,,,,,,,,,,,,,,,,,,,,,,,,2005-05-10,,-1.3,,pre-market,,,,,,,,,,,,,-8.3333,,,,,,,,,,,
2005-06-30,INSM,,,,,,,,,,,,,,,,,,,,,,,,,,,,,,,,,,,0.1,,,-2.0,,,,,,,,,,,,,,,,,,,,,,,,,,,,,,,,,,,,,,,,,,,,,,,,2005-08-08,,-1.9,,pre-market,,,,,,,,,,,,,5.0,,,,,,,,,,,
2005-09-30,INSM,,,,,,,,,,,,,,,,,,,,,,,,,,,,,,,,,,,-0.8,,,-2.1,,,,,,,,,,,,,,,,,,,,,,,,,,,,,,,,,,,,,,,,,,,,,,,,2005-11-03,,-2.9,,pre-market,,,,,,,,,,,,,-38.0952,,,,,,,,,,,
2005-12-31,INSM,,,,,,,,,,,,,,,,,,,,,,,,,,,,,,,,,,,-0.6,,,-2.1,,,,,,,,,,,,,,,,,,,,,,,,,,,,,,,,,,,,,,,,,,,,,,,,2006-03-02,,-2.7,,pre-market,,,,,,,,,,,,,-28.5714,,,,,,,,,,,
2006-03-31,INSM,,,,,,,,,,,,,,,,,,,,,,,,,,,,,,,,,,,-0.4,,,-1.3,,,,,,,,,,,,,,,,,,,,,,,,,,,,,,,,,,,,,,,,,,,,,,,,2006-05-08,,-1.7,,pre-market,,,,,,,,,,,,,-30.7692,,,,,,,,,,,
2006-06-30,INSM,,,,,,,,,,,,,,,,,,,,,,,,,,,,,,,,,,,0.7,,,-1.6,,,,,,,,,,,,,,,,,,,,,,,,,,,,,,,,,,,,,,,,,,,,,,,,2006-08-08,,-0.9,,pre-market,,,,,,,,,,,,,43.75,,,,,,,,,,,
2006-09-30,INSM,,,,,,,,,,,,,,,,,,,,,,,,,,,,,,,,,,,-0.15,,,-1.05,,,,,,,,,,,,,,,,,,,,,,,,,,,,,,,,,,,,,,,,,,,,,,,,2006-11-03,,-1.2,,pre-market,,,,,,,,,,,,,-14.2857,,,,,,,,,,,
2006-12-31,INSM,,,,,,,,,,,,,,,,,,,,,,,,,,,,,,,,,,,-0.85,,,-1.25,,,,,,,,,,,,,,,,,,,,,,,,,,,,,,,,,,,,,,,,,,,,,,,,2007-03-15,,-2.1,,pre-market,,,,,,,,,,,,,-68.0,,,,,,,,,,,
2007-03-31,INSM,,,,,,,,,,,,,,,,,,,,,,,,,,,,,,,,,,,-0.25,,,-0.75,,,,,,,,,,,,,,,,,,,,,,,,,,,,,,,,,,,,,,,,,,,,,,,,2007-05-10,,-1.0,,pre-market,,,,,,,,,,,,,-33.3333,,,,,,,,,,,
2007-06-30,INSM,,,,,,,,,,,,,,,,,,,,,,,,,,,,,,,,,,,0.3,,,-0.5,,,,,,,,,,,,,,,,,,,,,,,,,,,,,,,,,,,,,,,,,,,,,,,,2007-08-02,,-0.2,,pre-market,,,,,,,,,,,,,60.0,,,,,,,,,,,
2007-09-30,INSM,,,,,,,,,,,,,,,,,,,,,,,,,,,,,,,,,,,0.1,,,-0.4,,,,,,,,,,,,,,,,,,,,,,,,,,,,,,,,,,,,,,,,,,,,,,,,2007-11-08,,-0.3,,pre-market,,,,,,,,,,,,,25.0,,,,,,,,,,,
2007-12-31,INSM,,,,,,,,,,,,,,,,,,,,,,,,,,,,,,,,,,,0.0,,,-0.3,,,,,,,,,,,,,,,,,,,,,,,,,,,,,,,,,,,,,,,,,,,,,,,,2008-03-04,,-0.3,,pre-market,,,,,,,,,,,,,0.0,,,,,,,,,,,
2008-03-31,INSM,,,,,,,,,,,,,,,,,,,,,,,,,,,,,,,,,,,0.0,,,-0.3,,,,,,,,,,,,,,,,,,,,,,,,,,,,,,,,,,,,,,,,,,,,,,,,2008-05-08,,-0.3997,,pre-market,,,,,,,,,,,,,0.0,,,,,,,,,,,
2008-06-30,INSM,,,,,,,,,,,,,,,,,,,,,,,,,,,,,,,,,,,0.0,,,-0.3,,,,,,,,,,,,,,,,,,,,,,,,,,,,,,,,,,,,,,,,,,,,,,,,2008-08-08,,-0.3826,,pre-market,,,,,,,,,,,,,0.0,,,,,,,,,,,
2008-09-30,INSM,,,,,,,,,,,,,,,,,,,,,,,,,,,,,,,,,,,0.0,,,-0.3,,,,,,,,,,,,,,,,,,,,,,,,,,,,,,,,,,,,,,,,,,,,,,,,2008-10-30,,-0.1768,,pre-market,,,,,,,,,,,,,0.0,,,,,,,,,,,
2008-12-31,INSM,,,,,,,,,,,,,,,,,,,,,,,,,,,,,,,,,,,0.0,,,-0.3,,,,,,,,,,,,,,,,,,,,,,,,,,,,,,,,,,,,,,,,,,,,,,,,2009-03-11,,-0.3241,,pre-market,,,,,,,,,,,,,0.0,,,,,,,,,,,
2009-03-31,INSM,,,,,,,,,,,,,,,,,,,,,,,,,,,,,,,,,,,0.0,,,-0.3,,,,,,,,,,,,,,,,,,,,,,,,,,,,,,,,,,,,,,,,,,,,,,,,2009-05-13,,9.6004,,pre-market,,,,,,,,,,,,,0.0,,,,,,,,,,,
2009-06-30,INSM,,,,,,,,,,,,,,,,,,,,,,,,,,,,,,,,,,,0.0,,,-0.3,,,,,,,,,,,,,,,,,,,,,,,,,,,,,,,,,,,,,,,,,,,,,,,,2009-08-13,,-0.1269,,pre-market,,,,,,,,,,,,,0.0,,,,,,,,,,,
2009-09-30,INSM,,,,,,,,,,,,,,,,,,,,,,,,,,,,,,,,,,,0.0,,,-0.3,,,,,,,,,,,,,,,,,,,,,,,,,,,,,,,,,,,,,,,,,,,,,,,,2009-11-06,,-0.0116,,pre-market,,,,,,,,,,,,,0.0,,,,,,,,,,,
2009-12-31,INSM,,,,,,,,,,,,,,,,,,,,,,,,,,,,,,,,,,,0.0,,,-0.3,,,,,,,,,,,,,,,,,,,,,,,,,,,,,,,,,,,,,,,,,,,,,,,,2010-03-15,,0.1771,,pre-market,,,,,,,,,,,,,0.0,,,,,,,,,,,
2010-03-31,INSM,,,,,,,,,,,,,,,,,,,,,,,,,,,,,,,,,,,0.0,,,-0.3,,,,,,,,,,,,,,,,,,,,,,,,,,,,,,,,,,,,,,,,,,,,,,,,2010-05-06,,0.009,,pre-market,,,,,,,,,,,,,0.0,,,,,,,,,,,
2010-06-30,INSM,,,,,,,,,,,,,,,,,,,,,,,,,,,,,,,,,,,0.0,,,-0.3,,,,,,,,,,,,,,,,,,,,,,,,,,,,,,,,,,,,,,,,,,,,,,,,2010-08-04,,-0.029,,pre-market,,,,,,,,,,,,,0.0,,,,,,,,,,,
2010-09-30,INSM,,,,,,,,,,,,,,,,,,,,,,,,,,,,,,,,,,,0.0,,,-0.3,,,,,,,,,,,,,,,,,,,,,,,,,,,,,,,,,,,,,,,,,,,,,,,,2010-11-03,,-0.0253,,pre-market,,,,,,,,,,,,,0.0,,,,,,,,,,,
2010-12-31,INSM,,,,,,,,,,,,,,,,,,,,,,,,,,,,,,,,,,,-0.32,,,-0.1,,,,,,,,,,,,,,,,,,,,,,,,,,,,,,,,,,,,,,,,,,,,,,,,2011-03-10,,-0.42,,pre-market,,,,,,,,,,,,,-320.0,,,,,,,,,,,
2011-03-31,INSM,,,,,,,,,,,,,,,,,,,,,,,,,,,,,,,,,,,-0.53,,,-0.32,,,,,,,,,,,,,,,,,,,,,,,,,,,,,,,,,,,,,,,,,,,,,,,,2011-05-11,,-0.85,,pre-market,,,,,,,,,,,,,-165.625,,,,,,,,,,,
2011-06-30,INSM,,,,,,,,,,,,,,,,,,,,,,,,,,,,,,,,,,,-0.07,,,-0.33,,,,,,,,,,,,,,,,,,,,,,,,,,,,,,,,,,,,,,,,,,,,,,,,2011-08-08,,-0.4,,pre-market,,,,,,,,,,,,,-21.2121,,,,,,,,,,,
2011-09-30,INSM,,,,,,,,,,,,,,,,,,,,,,,,,,,,,,,,,,,-0.06,,,-0.28,,,,,,,,,,,,,,,,,,,,,,,,,,,,,,,,,,,,,,,,,,,,,,,,2011-11-08,,-0.34,,pre-market,,,,,,,,,,,,,-21.4286,,,,,,,,,,,
2011-12-31,INSM,,,,,,,,,,,,,,,,,,,,,,,,,,,,,,,,,,,0.08,,,-0.38,,,,,,,,,,,,,,,,,,,,,,,,,,,,,,,,,,,,,,,,,,,,,,,,2012-03-13,,-0.3,,pre-market,,,,,,,,,,,,,21.0526,,,,,,,,,,,
2012-03-31,INSM,,,,,,,,,,,,,,,,,,,,,,,,,,,,,,,,,,,0.1,,,-0.38,,,,,,,,,,,,,,,,,,,,,,,,,,,,,,,,,,,,,,,,,,,,,,,,2012-05-08,,-0.28,,pre-market,,,,,,,,,,,,,26.3158,,,,,,,,,,,
2012-06-30,INSM,,,,,,,,,,,,,,,,,,,,,,,,,,,,,,,,,,,-0.06,,,-0.33,,,,,,,,,,,,,,,,,,,,,,,,,,,,,,,,,,,,,,,,,,,,,,,,2012-08-07,,-0.39,,pre-market,,,,,,,,,,,,,-18.1818,,,,,,,,,,,
2012-09-30,INSM,,,,,,,,,,,,,,,,,,,,,,,,,,,,,,,,,,,0.04,,,-0.42,,,,,,,,,,,,,,,,,,,,,,,,,,,,,,,,,,,,,,,,,,,,,,,,2012-11-07,,-0.38,,pre-market,,,,,,,,,,,,,9.5238,,,,,,,,,,,
2012-12-31,INSM,,,,,,,,,,,,,,,,,,,,,,,,,,,,,,,,,,,-0.17,,,-0.32,,,,,,,,,,,,,,,,,,,,,,,,,,,,,,,,,,,,,,,,,,,,,,,,2013-03-18,,-0.49,,pre-market,,,,,,,,,,,,,-53.125,,,,,,,,,,,
2013-03-31,INSM,,,,,,,,,,,,,,,,,,,,,,,,,,,,,,,,,,,0.03,,,-0.46,,,,,,,,,,,,,,,,,,,,,,,,,,,,,,,,,,,,,,,,,,,,,,,,2013-05-07,,-0.43,,pre-market,,,,,,,,,,,,,6.5217,,,,,,,,,,,
2013-06-30,INSM,,,,,,,,,,,,,,,,,,,,,,,,,,,,,,,,,,,0.04,,,-0.32,,,,,,,,,,,,,,,,,,,,,,,,,,,,,,,,,,,,,,,,,,,,,,,,2013-08-06,,-0.28,,pre-market,,,,,,,,,,,,,12.5,,,,,,,,,,,
2013-09-30,INSM,,,,,,,,,,,,,,,,,,,,,,,,,,,,,,,,,,,-0.05,,,-0.41,,,,,,,,,,,,,,,,,,,,,,,,,,,,,,,,,,,,,,,,,,,,,,,,2013-11-05,,-0.46,,pre-market,,,,,,,,,,,,,-12.1951,,,,,,,,,,,
2013-12-31,INSM,,,,,,,,,,,,,,,,,,,,,,,,,,,,,,,,,,,0.04,,,-0.45,,,,,,,,,,,,,,,,,,,,,,,,,,,,,,,,,,,,,,,,,,,,,,,,2014-03-06,,-0.41,,pre-market,,,,,,,,,,,,,8.8889,,,,,,,,,,,
2014-03-31,INSM,,,,,,,,,,,,,,,,,,,,,,,,,,,,,,,,,,,0.05,,,-0.41,,,,,,,,,,,,,,,,,,,,,,,,,,,,,,,,,,,,,,,,,,,,,,,,2014-05-08,,-0.36,,pre-market,,,,,,,,,,,,,12.1951,,,,,,,,,,,
2014-06-30,INSM,,,,,,,,,,,,,,,,,,,,,,,,,,,,,,,,,,,-0.13,,,-0.46,,,,,,,,,,,,,,,,,,,,,,,,,,,,,,,,,,,,,,,,,,,,,,,,2014-08-06,,-0.59,,pre-market,,,,,,,,,,,,,-28.2609,,,,,,,,,,,
2014-09-30,INSM,,,,,,,,,,,,,,,,,,,,,,,,,,,,,,,,,,,-0.08,,,-0.46,,,,,,,,,,,,,,,,,,,,,,,,,,,,,,,,,,,,,,,,,,,,,,,,2014-11-06,,-0.54,,pre-market,,,,,,,,,,,,,-17.3913,,,,,,,,,,,
2014-12-31,INSM,,,,,,,,,,,,,,,,,,,,,,,,,,,,,,,,,,,0.2,,,-0.56,,,,,,,,,,,,,,,,,,,,,,,,,,,,,,,,,,,,,,,,,,,,,,,,2015-02-27,,-0.36,,pre-market,,,,,,,,,,,,,35.7143,,,,,,,,,,,
2015-03-31,INSM,,,,,,,,,,,,,,,,,,,,,,,,,,,,,,,,,,,-0.05,,,-0.5,,,,,,,,,,,,,,,,,,,,,,,,,,,,,,,,,,,,,,,,,,,,,,,,2015-05-07,,-0.55,,pre-market,,,,,,,,,,,,,-10.0,,,,,,,,,,,
2015-06-30,INSM,,,,,,,,,,,,,,,,,,,,,,,,,,,,,,,,,,,0.01,,,-0.48,,,,,,,,,,,,,,,,,,,,,,,,,,,,,,,,,,,,,,,,,,,,,,,,2015-08-06,,-0.47,,pre-market,,,,,,,,,,,,,2.0833,,,,,,,,,,,
2015-09-30,INSM,,,,,,,,,,,,,,,,,,,,,,,,,,,,,,,,,,,-0.03,,,-0.47,,,,,,,,,,,,,,,,,,,,,,,,,,,,,,,,,,,,,,,,,,,,,,,,2015-11-06,,-0.5,,pre-market,,,,,,,,,,,,,-6.383,,,,,,,,,,,
2015-12-31,INSM,,,,,,,,,,,,,,,,,,,,,,,,,,,,,,,,,,,-0.02,,,-0.49,,,,,,,,,,,,,,,,,,,,,,,,,,,,,,,,,,,,,,,,,,,,,,,,2016-02-25,,-0.51,,pre-market,,,,,,,,,,,,,-4.0816,,,,,,,,,,,
2016-03-31,INSM,,,,,,,,,,,,,,,,,,,,,,,,,,,,,,,,,,,0.02,,,-0.56,,,,,,,,,,,,,,,,,,,,,,,,,,,,,,,,,,,,,,,,,,,,,,,,2016-05-05,,-0.54,,pre-market,,,,,,,,,,,,,3.5714,,,,,,,,,,,
2016-06-30,INSM,,,,,,,,,,,,,,,,,,,,,,,,,,,,,,,,,,,-0.03,,,-0.56,,,,,,,,,,,,,,,,,,,,,,,,,,,,,,,,,,,,,,,,,,,,,,,,2016-08-04,,-0.59,,pre-market,,,,,,,,,,,,,-5.3571,,,,,,,,,,,
2016-09-30,INSM,,,,,,,,,,,,,,,,,,,,,,,,,,,,,,,,,,,-0.02,,,-0.59,,,,,,,,,,,,,,,,,,,,,,,,,,,,,,,,,,,,,,,,,,,,,,,,2016-11-03,,-0.61,,pre-market,,,,,,,,,,,,,-3.3898,,,,,,,,,,,
2016-12-31,INSM,,,,,,,,,,,,,,,,,,,,,,,,,,,,,,,,,,,-0.21,,,-0.89,,,,,,,,,,,,,,,,,,,,,,,,,,,,,,,,,,,,,,,,,,,,,,,,2017-02-23,,-1.1,,pre-market,,,,,,,,,,,,,-23.5955,,,,,,,,,,,
2017-03-31,INSM,,,,,,,,,,,,,,,,,,,,,,,,,,,,,,,,,,,0.0,,,-0.6,,,,,,,,,,,,,,,,,,,,,,,,,,,,,,,,,,,,,,,,,,,,,,,,2017-05-03,,-0.6,,pre-market,,,,,,,,,,,,,0.0,,,,,,,,,,,
2017-06-30,INSM,,,,,,,,,,,,,,,,,,,,,,,,,,,,,,,,,,,-0.09,,,-0.63,,,,,,,,,,,,,,,,,,,,,,,,,,,,,,,,,,,,,,,,,,,,,,,,2017-08-03,,-0.72,,pre-market,,,,,,,,,,,,,-14.2857,,,,,,,,,,,
2017-09-30,INSM,,,,,,,,,,,,,,,,,,,,,,,,,,,,,,,,,,,0.0,,,-0.69,,,,,,,,,,,,,,,,,,,,,,,,,,,,,,,,,,,,,,,,,,,,,,,,2017-11-02,,-0.69,,pre-market,,,,,,,,,,,,,0.0,,,,,,,,,,,
2017-12-31,INSM,,,,,,,,,,,,,,,,,,,,,,,,,,,,,,,,,,,-0.21,,,-0.64,,,,,,,,,,,,,,,,,,,,,,,,,,,,,,,,,,,,,,,,,,,,,,,,2018-02-23,,-0.85,,pre-market,,,,,,,,,,,,,-32.8125,,,,,,,,,,,
2018-03-31,INSM,,,,,,,,,,,,,,,,,,,,,,,,,,,,,,,,,,,0.09,,,-0.98,,,,,,,,,,,,,,,,,,,,,,,,,,,,,,,,,,,,,,,,,,,,,,,,2018-05-02,,-0.89,,pre-market,,,,,,,,,,,,,9.1837,,,,,,,,,,,
2018-06-30,INSM,,,,,,,,,,,,,,,,,,,,,,,,,,,,,,,,,,,0.08,,,-1.08,,,,,,,,,,,,,,,,,,,,,,,,,,,,,,,,,,,,,,,,,,,,,,,,2018-08-02,,-1.0,,pre-market,,,,,,,,,,,,,7.4074,,,,,,,,,,,
2018-09-30,INSM,,,,,,,,,,,,,,,,,,,,,,,,,,,,,,,,,,,-0.08,,,-1.06,,,,,,,,,,,,,,,,,,,,,,,,,,,,,,,,,,,,,,,,,,,,,,,,2018-10-30,,-1.14,,pre-market,,,,,,,,,,,,,-7.5472,,,,,,,,,,,
2018-12-31,INSM,,,,,,,,,,,,,,,,,,,,,,,,,,,,,,,,,,,-0.14,,,-1.05,,,,,,,,,,,,,,,,,,,,,,,,,,,,,,,,,,,,,,,,,,,,,,,,2019-02-22,,-1.19,,pre-market,,,,,,,,,,,,,-13.3333,,,,,,,,,,,
2019-03-31,INSM,,,,,,,,,,,,,,,,,,,,,,,,,,,,,,,,,,,-0.01,,,-0.95,,,,,,,,,,,,,,,,,,,,,,,,,,,,,,,,,,,,,,,,,,,,,,,,2019-05-07,,-0.96,,pre-market,,,,,,,,,,,,,-1.0526,,,,,,,,,,,
2019-06-30,INSM,,,,,,,,,,,,,,,,,,,,,,,,,,,,,,,,,,,0.05,,,-0.86,,,,,,,,,,,,,,,,,,,,,,,,,,,,,,,,,,,,,,,,,,,,,,,,2019-08-01,,-0.81,,pre-market,,,,,,,,,,,,,5.814,,,,,,,,,,,
2019-09-30,INSM,,,,,,,,,,,,,,,,,,,,,,,,,,,,,,,,,,,-0.01,,,-0.67,,,,,,,,,,,,,,,,,,,,,,,,,,,,,,,,,,,,,,,,,,,,,,,,2019-10-30,,-0.68,,pre-market,,,,,,,,,,,,,-1.4925,,,,,,,,,,,
2019-12-31,INSM,,,,,,,,,,,,,,,,,,,,,,,,,,,,,,,,,,,-0.01,,,-0.58,,,,,,,,,,,,,,,,,,,,,,,,,,,,,,,,,,,,,,,,,,,,,,,,2020-02-25,,-0.59,,pre-market,,,,,,,,,,,,,-1.7241,,,,,,,,,,,
2020-03-31,INSM,,,,,,,,,,,,,,,,,,,,,,,,,,,,,,,,,,,-0.03,,,-0.71,,,,,,,,,,,,,,,,,,,,,,,,,,,,,,,,,,,,,,,,,,,,,,,,2020-04-30,,-0.74,,pre-market,,,,,,,,,,,,,-4.2254,,,,,,,,,,,
2020-06-30,INSM,,,,,,,,,,,,,,,,,,,,,,,,,,,,,,,,,,,-0.01,,,-0.63,,,,,,,,,,,,,,,,,,,,,,,,,,,,,,,,,,,,,,,,,,,,,,,,2020-08-06,,-0.64,,pre-market,,,,,,,,,,,,,-1.5873,,,,,,,,,,,
2020-09-30,INSM,,,,,,,,,,,,,,,,,,,,,,,,,,,,,,,,,,,-0.02,,,-0.61,,,,,,,,,,,,,,,,,,,,,,,,,,,,,,,,,,,,,,,,,,,,,,,,2020-10-29,,-0.63,,pre-market,,,,,,,,,,,,,-3.2787,,,,,,,,,,,
2020-12-31,INSM,,,,,,,,,,,,,,,,,,,,,,,,,,,,,,,,,,,-0.3,,,-0.7,,,,,,,,,,,,,,,,,,,,,,,,,,,,,,,,,,,,,,,,,,,,,,,,2021-02-25,,-1.0,,pre-market,,,,,,,,,,,,,-42.8571,,,,,,,,,,,
2021-03-31,INSM,,,,,,,,,,,,,,,,,,,,,,,,,,,,,,,,,,,0.0,,,-0.89,,,,,,,,,,,,,,,,,,,,,,,,,,,,,,,,,,,,,,,,,,,,,,,,2021-05-06,,-0.89,,pre-market,,,,,,,,,,,,,0.0,,,,,,,,,,,
2021-06-30,INSM,,,,,,,,,,,,,,,,,,,,,,,,,,,,,,,,,,,-0.06,,,-0.85,,,,,,,,,,,,,,,,,,,,,,,,,,,,,,,,,,,,,,,,,,,,,,,,2021-08-05,,-0.91,,pre-market,,,,,,,,,,,,,-7.0588,,,,,,,,,,,
2021-09-30,INSM,,,,,,,,,,,,,,,,,,,,,,,,,,,,,,,,,,,-0.03,,,-0.86,,,,,,,,,,,,,,,,,,,,,,,,,,,,,,,,,,,,,,,,,,,,,,,,2021-10-28,,-0.89,,pre-market,,,,,,,,,,,,,-3.4884,,,,,,,,,,,
2021-12-31,INSM,,,,,,,,,,,,,,,,,,,,,,,,,,,,,,,,,,,-0.05,,,-0.9,,,,,,,,,,,,,,,,,,,,,,,,,,,,,,,,,,,,,,,,,,,,,,,,2022-02-17,,-0.95,,pre-market,,,,,,,,,,,,,-5.5556,,,,,,,,,,,
2022-03-31,INSM,,,,,,,,,,,,,,,,,,,,,,,,,,,,,,,,,,,0.08,,,-0.88,,,,,,,,,,,,,,,,,,,,,,,,,,,,,,,,,,,,,,,,,,,,,,,,2022-05-05,,-0.8,,pre-market,,,,,,,,,,,,,9.0909,,,,,,,,,,,
2022-06-30,INSM,,,,,,,,,,,,,,,,,,,,,,,,,,,,,,,,,,,0.09,,,-0.89,,,,,,,,,,,,,,,,,,,,,,,,,,,,,,,,,,,,,,,,,,,,,,,,2022-08-04,,-0.8,,pre-market,,,,,,,,,,,,,10.1124,,,,,,,,,,,
2022-09-30,INSM,,,,,,,,,,,,,,,,,,,,,,,,,,,,,,,,,,,-0.2,,,-0.89,,,,,,,,,,,,,,,,,,,,,,,,,,,,,,,,,,,,,,,,,,,,,,,,2022-10-27,,-1.09,,pre-market,,,,,,,,,,,,,-22.4719,,,,,,,,,,,
2022-12-31,INSM,,,,,,,,,,,,,,,,,,,,,,,,,,,,,,,,,,,-0.17,,,-1.04,,,,,,,,,,,,,,,,,,,,,,,,,,,,,,,,,,,,,,,,,,,,,,,,2023-02-23,,-1.21,,pre-market,,,,,,,,,,,,,-16.3462,,,,,,,,,,,
2023-03-31,INSM,,,,,,,,,,,,,,,,,,,,,,,,,,,,,,,,,,,-0.06,,,-1.11,,,,,,,,,,,,,,,,,,,,,,,,,,,,,,,,,,,,,,,,,,,,,,,,2023-05-04,,-1.17,,pre-market,,,,,,,,,,,,,-5.4054,,,,,,,,,,,
2023-06-30,INSM,,,,,,,,,,,,,,,,,,,,,,,,,,,,,,,,,,,-0.65,,,-1.13,,,,,,,,,,,,,,,,,,,,,,,,,,,,,,,,,,,,,,,,,,,,,,,,2023-08-03,,-1.78,,pre-market,,,,,,,,,,,,,-57.5221,,,,,,,,,,,
2023-09-30,INSM,,,,,,,,,,,,,,,,,,,,,,,,,,,,,,,,,,,0.02,,,-1.13,,,,,,,,,,,,,,,,,,,,,,,,,,,,,,,,,,,,,,,,,,,,,,,,2023-10-26,,-1.11,,pre-market,,,,,,,,,,,,,1.7699,,,,,,,,,,,
2023-12-31,INSM,,,,,,,,,,,,,,,,,,,,,,,,,,,,,,,,,,,-0.13,,,-1.15,,,,,,,,,,,,,,,,,,,,,,,,,,,,,,,,,,,,,,,,,,,,,,,,2024-02-22,,-1.28,,pre-market,,,,,,,,,,,,,-11.3043,,,,,,,,,,,
2024-03-31,INSM,,,,,,,,,,,,,,,,,,,,,,,,,,,,,,,,,,,0.17,,,-1.23,,,,,,,,,,,,,,,,,,,,,,,,,,,,,,,,,,,,,,,,,,,,,,,,2024-05-09,,-1.06,,pre-market,,,,,,,,,,,,,13.8211,,,,,,,,,,,
2024-06-30,INSM,,,,,,,,,,,,,,,,,,,,,,,,,,,,,,,,,,,-0.67,,,-1.27,,,,,,,,,,,,,,,,,,,,,,,,,,,,,,,,,,,,,,,,,,,,,,,,2024-08-08,,-1.94,,pre-market,,,,,,,,,,,,,-52.7559,,,,,,,,,,,
2024-09-30,INSM,,,,,,,,,,,,,,,,,,,,,,,,,,,,,,,,,,,-0.05,,,-1.22,,,,,,,,,,,,,,,,,,,,,,,,,,,,,,,,,,,,,,,,,,,,,,,,2024-10-31,,-1.27,,pre-market,,,,,,,,,,,,,-4.0984,,,,,,,,,,,
2024-12-31,INSM,,,,,,,,,,,,,,,,,,,,,,,,,,,,,,,,,,,-0.09,,,-1.23,,,,,,,,,,,,,,,,,,,,,,,,,,,,,,,,,,,,,,,,,,,,,,,,2025-02-20,,-1.32,,pre-market,,,,,,,,,,,,,-7.3171,,,,,,,,,,,
2025-03-31,INSM,,,,,,,,,,,,,,,,,,,,,,,,,,,,,,,,,,,-0.22,,,-1.2,,,,,,,,,,,,,,,,,,,,,,,,,,,,,,,,,,,,,,,,,,,,,,,,2025-05-07,,-1.42,,pre-market,,,,,,,,,,,,,-18.3333,,,,,,,,,,,
2025-06-30,INSM,,,,,,,,,,,,,,,,,,,,,,,,,,,,,,,,,,,-0.4,,,-1.3,,,,,,,,,,,,,,,,,,,,,,,,,,,,,,,,,,,,,,,,,,,,,,,,2025-08-07,,-1.7,,pre-market,,,,,,,,,,,,,-30.7692,,,,,,,,,,,
2025-09-30,INSM,,,,,,,,,,,,,,,,,,,,,,,,,,,,,,,,,,,-0.43,,,-1.32,,,,,,,,,,,,,,,,,,,,,,,,,,,,,,,,,,,,,,,,,,,,,,,,2025-10-29,,-1.75,,pre-market,,,,,,,,,,,,,-32.5758,,,,,,,,,,,
2025-12-28,INSM,-6.19,447022000.0,,1.017,4.448,,,,,,,,,,,,,,,,,,,,,,,,,,,,,0.0,-0.43,,,-1.32,,,342153000.0,,,,,,,,,,,,,,,,,,,-1.836,,,,,,,,,,,,,0.0,40.12,84.87,,,,,,,,-2.648,,,2025-10-29,,-1.75,,pre-market,,,-0.281,-1.657,0.524,2.348,,,,,123.73,187.98,-32.5758,,,,,,,,,,212.75,60.4
2025-12-28,INSM,-6.19,447022000.0,,1.017,4.448,,,,,,,,,,,,,,,None,58730000,58730000,,,,,,None,3996000,,,,,0.0,-0.43,-348319000,-344323000,-1.32,2025-09-30,,342153000.0,83612000,-368701000,1320000,,,None,20382000,0,,None,,,,,-370021000,-370021000,-20382000,None,-1.836,,508347000,-424735000,,,,,None,,,,,0.0,40.12,84.87,,,,,,,,-2.648,,,2025-10-29,quarterly,-1.75,USD,pre-market,186415000,,-0.281,-1.657,0.524,2.348,186376000,,,,123.73,187.98,-32.5758,,,,,,,142342000,,,212.75,60.4
2025-12-28,INSM,-6.19,447022000.0,,1.017,4.448,,,,,,,,,,,,,,,None,28075000,28075000,,,,,,None,3747000,,,,,0.0,-0.43,-300874000,-297127000,-1.32,2025-06-30,,342153000.0,79340000,-320443000,1243000,,,None,21245000,0,,None,,,,,-321686000,-321686000,-21245000,None,-1.836,,392216000,-312876000,,,,,None,,,,,0.0,40.12,84.87,,,,,,,,-2.648,,,2025-10-29,quarterly,-1.75,USD,pre-market,177190000,,-0.281,-1.657,0.524,2.348,154763000,,,,123.73,187.98,-32.5758,,,,,,,107415000,,,212.75,60.4
2025-12-28,INSM,-6.19,447022000.0,,1.017,4.448,,,,,,,,,,,,,,,None,21278000,21278000,,,,,,None,3146000,,,,,0.0,-0.43,-235924000,-232778000,-1.32,2025-03-31,,342153000.0,71545000,-255671000,912000,,,None,21569000,0,,None,,,,,-256583000,-256583000,-21569000,None,-1.836,,319685000,-248140000,,,,,None,,,,,0.0,40.12,84.87,,,,,,,,-2.648,,,2025-10-29,quarterly,-1.75,USD,pre-market,152577000,,-0.281,-1.657,0.524,2.348,147545000,,,,123.73,187.98,-32.5758,,,,,,,92823000,,,212.75,60.4
2025-12-28,INSM,-6.19,447022000.0,,1.017,4.448,,,,,,,,,,,,,,,None,26151000,26151000,,,,,,None,2741000,,,,,0.0,-0.43,-214480000,-211739000,-1.32,2024-12-31,,342153000.0,78291000,-234282000,1266000,,,None,21550000,0,,None,,,,,-235548000,-235548000,-21550000,None,-1.836,,308705000,-230414000,,,,,None,,,,,0.0,40.12,84.87,,,,,,,,-2.648,,,2025-10-29,quarterly,-1.75,USD,pre-market,179727000,,-0.281,-1.657,0.524,2.348,142515000,,,,123.73,187.98,-32.5758,,,,,,,104442000,,,212.75,60.4
2025-12-28,INSM,-6.19,447022000.0,,1.017,4.448,,,,,,,,,,,,,,,None,21170000,21170000,,,,,,None,2722000,,,,,0.0,-0.43,-199176000,-196454000,-1.32,2024-09-30,,342153000.0,72255000,-219510000,1014000,,,None,21054000,765000,,None,,,,,-220524000,-220524000,-21054000,None,-1.836,,285684000,-213429000,,,,,None,,,,,0.0,40.12,84.87,,,,,,,,-2.648,,,2025-10-29,quarterly,-1.75,USD,pre-market,150809000,,-0.281,-1.657,0.524,2.348,118930000,,,,123.73,187.98,-32.5758,,,,,,,93425000,,,212.75,60.4
2025-12-28,INSM,-6.19,447022000.0,,1.017,4.448,,,,,,,,,,,,,,,None,20964000,20964000,,,,,,None,2699000,,,,,0.0,-0.43,-279594000,-276895000,-1.32,2024-06-30,,342153000.0,69376000,-299771000,838000,,,None,21267000,710000,,None,,,,,-300609000,-300609000,-21267000,None,-1.836,,358280000,-288904000,,,,,None,,,,,0.0,40.12,84.87,,,,,,,,-2.648,,,2025-10-29,quarterly,-1.75,USD,pre-market,146748000,,-0.281,-1.657,0.524,2.348,106569000,,,,123.73,187.98,-32.5758,,,,,,,90340000,,,212.75,60.4
2025-12-28,INSM,-6.19,447022000.0,,1.017,4.448,,,,,,,,,,,,,,,None,17457000,17457000,,,,,,None,2851000,,,,,0.0,-0.43,-136557000,-133706000,-1.32,2024-03-31,,342153000.0,58043000,-156502000,589000,,,None,21042000,754000,,None,,,,,-157091000,-157091000,-21042000,None,-1.836,,203548000,-145505000,,,,,None,,,,,0.0,40.12,84.87,,,,,,,,-2.648,,,2025-10-29,quarterly,-1.75,USD,pre-market,121083000,,-0.281,-1.657,0.524,2.348,93102000,,,,123.73,187.98,-32.5758,,,,,,,75500000,,,212.75,60.4
2025-12-28,INSM,-6.19,447022000.0,,1.017,4.448,,,,,,,,,,,,,,,None,18443000,18443000,,,,,,None,2738000,,,,,0.0,-0.43,-165242000,-162504000,-1.32,2023-12-31,,342153000.0,65250000,-185063000,998000,,,None,20784000,789000,,None,,,,,-186061000,-186061000,-20784000,None,-1.836,,243522000,-178272000,,,,,None,,,,,0.0,40.12,84.87,,,,,,,,-2.648,,,2025-10-29,quarterly,-1.75,USD,pre-market,137029000,,-0.281,-1.657,0.524,2.348,89530000,,,,123.73,187.98,-32.5758,,,,,,,83693000,,,212.75,60.4
2025-12-28,INSM,-6.19,447022000.0,,1.017,4.448,,,,,,,,,,,,,,,None,16706000,16706000,,,,,,None,2756000,,,,,0.0,-0.43,-139275000,-136519000,-1.32,2023-09-30,,342153000.0,62366000,-158389000,544000,,,None,20288000,666000,,None,,,,,-158933000,-158933000,-20288000,None,-1.836,,210034000,-147668000,,,,,None,,,,,0.0,40.12,84.87,,,,,,,,-2.648,,,2025-10-29,quarterly,-1.75,USD,pre-market,109148000,,-0.281,-1.657,0.524,2.348,90626000,,,,123.73,187.98,-32.5758,,,,,,,79072000,,,212.75,60.4
2025-12-28,INSM,-6.19,447022000.0,,1.017,4.448,,,,,,,,,,,,,,,None,16594000,16594000,,,,,,None,2574000,,,,,0.0,-0.43,-225310000,-222736000,-1.32,2023-06-30,,342153000.0,60635000,-244279000,530000,,,None,20619000,354000,,None,,,,,-244809000,-244809000,-20619000,None,-1.836,,296163000,-235528000,,,,,11868000,,,,,0.0,40.12,84.87,,,,,,,,-2.648,,,2025-10-29,quarterly,-1.75,USD,pre-market,196969000,,-0.281,-1.657,0.524,2.348,84431000,,,,123.73,187.98,-32.5758,,,,,,,77229000,,,212.75,60.4
2025-12-28,INSM,-6.19,447022000.0,,1.017,4.448,,,,,,,,,,,,,,,None,13830000,13830000,,,,,,None,2511000,,,,,0.0,-0.43,-140929000,-138418000,-1.32,2023-03-31,,342153000.0,51384000,-159281000,483000,,,None,20003000,73000,,None,,,,,-159764000,-159764000,-20003000,None,-1.836,,199542000,-148158000,,,,,8880000,,,,,0.0,40.12,84.87,,,,,,,,-2.648,,,2025-10-29,quarterly,-1.75,USD,pre-market,127865000,,-0.281,-1.657,0.524,2.348,79914000,,,,123.73,187.98,-32.5758,,,,,,,65214000,,,212.75,60.4
2025-12-28,INSM,-6.19,447022000.0,,1.017,4.448,,,,,,,,,,,,,,,None,13069000,13069000,,,,,,None,3447000,,,,,0.0,-0.43,-147544000,-144097000,-1.32,2022-12-31,,342153000.0,46231000,-159998000,125000,,,None,16445000,None,,None,,,,,-160123000,-160123000,-16445000,None,-1.836,,197706000,-151475000,,,,,7922000,,,,,0.0,40.12,84.87,,,,,,,,-2.648,,,2025-10-29,quarterly,-1.75,USD,pre-market,124763000,,-0.281,-1.657,0.524,2.348,73479000,,,,123.73,187.98,-32.5758,,,,,,,59300000,,,212.75,60.4
2025-12-28,INSM,-6.19,447022000.0,,1.017,4.448,,,,,,,,,,,,,,,None,13471000,13471000,,,,,,None,2114000,,,,,0.0,-0.43,-128242000,-126128000,-1.32,2022-09-30,,342153000.0,54259000,-130773000,372000,,,None,3353000,None,,None,,,,,-131145000,-131145000,-3353000,None,-1.836,,181956000,-127697000,,,,,277000,,,,,0.0,40.12,84.87,,,,,,,,-2.648,,,2025-10-29,quarterly,-1.75,USD,pre-market,99872000,,-0.281,-1.657,0.524,2.348,75583000,,,,123.73,187.98,-32.5758,,,,,,,67730000,,,212.75,60.4
2025-12-28,INSM,-6.19,447022000.0,,1.017,4.448,,,,,,,,,,,,,,,None,16395000,16395000,,,,,,None,2221000,,,,,0.0,-0.43,-92608000,-90387000,-1.32,2022-06-30,,342153000.0,48826000,-95144000,501000,,,None,3357000,None,,None,,,,,-95645000,-95645000,-3357000,None,-1.836,,137142000,-88316000,,,,,-3471000,,,,,0.0,40.12,84.87,,,,,,,,-2.648,,,2025-10-29,quarterly,-1.75,USD,pre-market,88527000,,-0.281,-1.657,0.524,2.348,59974000,,,,123.73,187.98,-32.5758,,,,,,,65221000,,,212.75,60.4
2025-12-28,INSM,-6.19,447022000.0,,1.017,4.448,,,,,,,,,,,,,,,None,12191000,12191000,,,,,,None,2549000,,,,,0.0,-0.43,-91767000,-89218000,-1.32,2022-03-31,,342153000.0,40916000,-94236000,385000,,,None,3291000,None,,None,,,,,-94621000,-94621000,-3291000,None,-1.836,,130749000,-89833000,,,,,-1112000,,,,,0.0,40.12,84.87,,,,,,,,-2.648,,,2025-10-29,quarterly,-1.75,USD,pre-market,84356000,,-0.281,-1.657,0.524,2.348,56748000,,,,123.73,187.98,-32.5758,,,,,,,53107000,,,212.75,60.4
2025-12-28,INSM,-6.19,447022000.0,,1.017,4.448,,,,,,,,,,,,,,,None,13288000,13288000,,,,,,None,3381000,,,,,0.0,-0.43,-102211000,-98830000,-1.32,2021-12-31,,342153000.0,42836000,-113019000,-41000,,,None,11350000,None,,None,,,,,-112978000,-112978000,-11350000,None,-1.836,,141914000,-99078000,,,,,-2591000,,,,,0.0,40.12,84.87,,,,,,,,-2.648,,,2025-10-29,quarterly,-1.75,USD,pre-market,76352000,,-0.281,-1.657,0.524,2.348,65266000,,,,123.73,187.98,-32.5758,,,,,,,56124000,,,212.75,60.4
2025-12-28,INSM,-6.19,447022000.0,,1.017,4.448,,,,,,,,,,,,,,,None,10183000,10183000,,,,,,None,3502000,,,,,0.0,-0.43,-104047000,-100545000,-1.32,2021-09-30,,342153000.0,36574000,-115292000,-2578000,,,None,11245000,None,,None,,,,,-112714000,-112714000,-11245000,None,-1.836,,140191000,-103617000,,,,,-430000,,,,,0.0,40.12,84.87,,,,,,,,-2.648,,,2025-10-29,quarterly,-1.75,USD,pre-market,70347000,,-0.281,-1.657,0.524,2.348,60280000,,,,123.73,187.98,-32.5758,,,,,,,46757000,,,212.75,60.4
2025-12-28,INSM,-6.19,447022000.0,,1.017,4.448,,,,,,,,,,,,,,,None,10837000,10837000,,,,,,None,3648000,,,,,0.0,-0.43,-106837000,-103189000,-1.32,2021-06-30,,342153000.0,34529000,-116699000,622000,,,None,10319000,None,,None,,,,,-117321000,-117321000,-10319000,None,-1.836,,123095000,-88566000,,,,,-17814000,,,,,0.0,40.12,84.87,,,,,,,,-2.648,,,2025-10-29,quarterly,-1.75,USD,pre-market,64655000,,-0.281,-1.657,0.524,2.348,57177000,,,,123.73,187.98,-32.5758,,,,,,,45366000,,,212.75,60.4
2025-12-28,INSM,-6.19,447022000.0,,1.017,4.448,,,,,,,,,,,,,,,None,9844000,9844000,,,,,,None,3651000,,,,,0.0,-0.43,-84193000,-80542000,-1.32,2021-03-31,,342153000.0,30370000,-91402000,239000,,,None,7559000,None,,None,,,,,-91641000,-91641000,-7559000,None,-1.836,,114203000,-83833000,,,,,-10000,,,,,0.0,40.12,84.87,,,,,,,,-2.648,,,2025-10-29,quarterly,-1.75,USD,pre-market,61390000,,-0.281,-1.657,0.524,2.348,51550000,,,,123.73,187.98,-32.5758,,,,,,,40214000,,,212.75,60.4
2025-12-28,INSM,-6.19,447022000.0,,1.017,4.448,,,,,,,,,,,,,,,None,10862000,10862000,,,,,,None,3576000,,,,,0.0,-0.43,-94442000,-90866000,-1.32,2020-12-31,,342153000.0,30553000,-101592000,621000,,,None,7499000,None,,None,,,,,-102213000,-102213000,-7499000,None,-1.836,,125091000,-94538000,,,,,445000,,,,,0.0,40.12,84.87,,,,,,,,-2.648,,,2025-10-29,quarterly,-1.75,USD,pre-market,67814000,,-0.281,-1.657,0.524,2.348,56019000,,,,123.73,187.98,-32.5758,,,,,,,41415000,,,212.75,60.4
2025-12-28,INSM,-6.19,447022000.0,,1.017,4.448,,,,,,,,,,,,,,,None,10622000,10622000,,,,,,None,3543000,,,,,0.0,-0.43,-56507000,-52964000,-1.32,2020-09-30,,342153000.0,33021000,-63342000,317000,,,None,7185000,None,,None,,,,,-63659000,-63659000,-7185000,None,-1.836,,89244000,-56223000,,,,,66000,,,,,0.0,40.12,84.87,,,,,,,,-2.648,,,2025-10-29,quarterly,-1.75,USD,pre-market,41411000,,-0.281,-1.657,0.524,2.348,46585000,,,,123.73,187.98,-32.5758,,,,,,,43643000,,,212.75,60.4
2025-12-28,INSM,-6.19,447022000.0,,1.017,4.448,,,,,,,,,,,,,,,None,9950000,9950000,,,,,,None,3516000,,,,,0.0,-0.43,-54306000,-50790000,-1.32,2020-06-30,,342153000.0,32545000,-61426000,428000,,,None,7469000,None,,None,,,,,-61854000,-61854000,-7469000,None,-1.836,,86659000,-54114000,,,,,157000,,,,,0.0,40.12,84.87,,,,,,,,-2.648,,,2025-10-29,quarterly,-1.75,USD,pre-market,35748000,,-0.281,-1.657,0.524,2.348,49663000,,,,123.73,187.98,-32.5758,,,,,,,42495000,,,212.75,60.4
2025-12-28,INSM,-6.19,447022000.0,,1.017,4.448,,,,,,,,,,,,,,,None,8438000,8438000,,,,,,None,3515000,,,,,0.0,-0.43,-59266000,-55751000,-1.32,2020-03-31,,342153000.0,28422000,-66328000,36000,,,None,7411000,6007000,,None,,,,,-66364000,-66364000,-7411000,None,-1.836,,88779000,-60357000,,,,,1440000,,,,,0.0,40.12,84.87,,,,,,,,-2.648,,,2025-10-29,quarterly,-1.75,USD,pre-market,36184000,,-0.281,-1.657,0.524,2.348,51346000,,,,123.73,187.98,-32.5758,,,,,,,36860000,,,212.75,60.4
2025-12-28,INSM,-6.19,447022000.0,,1.017,4.448,,,,,,,,,,,,,,,None,8706000,8706000,,,,,,None,3187000,,,,,0.0,-0.43,-45666000,-42479000,-1.32,2019-12-31,,342153000.0,37002000,-52664000,324000,,,None,7348000,5306000,,None,,,,,-52988000,-52988000,-7348000,None,-1.836,,84084000,-47082000,,,,,1766000,,,,,0.0,40.12,84.87,,,,,,,,-2.648,,,2025-10-29,quarterly,-1.75,USD,pre-market,32630000,,-0.281,-1.657,0.524,2.348,50206000,,,,123.73,187.98,-32.5758,,,,,,,45708000,,,212.75,60.4
2025-12-28,INSM,-6.19,447022000.0,,1.017,4.448,,,,,,,,,,,,,,,None,6437000,6437000,,,,,,None,2253000,,,,,0.0,-0.43,-54037000,-51784000,-1.32,2019-09-30,,342153000.0,32448000,-60534000,148000,,,None,6846000,3961000,,None,,,,,-60682000,-60682000,-6846000,None,-1.836,,88936000,-56488000,,,,,2800000,,,,,0.0,40.12,84.87,,,,,,,,-2.648,,,2025-10-29,quarterly,-1.75,USD,pre-market,34340000,,-0.281,-1.657,0.524,2.348,53347000,,,,123.73,187.98,-32.5758,,,,,,,38885000,,,212.75,60.4
2025-12-28,INSM,-6.19,447022000.0,,1.017,4.448,,,,,,,,,,,,,,,None,4919000,4919000,,,,,,None,2424000,,,,,0.0,-0.43,-59988000,-57564000,-1.32,2019-06-30,,342153000.0,25053000,-66424000,90000,,,None,6785000,4207000,,None,,,,,-66514000,-66514000,-6785000,None,-1.836,,87219000,-62166000,,,,,2527000,,,,,0.0,40.12,84.87,,,,,,,,-2.648,,,2025-10-29,quarterly,-1.75,USD,pre-market,33538000,,-0.281,-1.657,0.524,2.348,52433000,,,,123.73,187.98,-32.5758,,,,,,,29972000,,,212.75,60.4
2025-12-28,INSM,-6.19,447022000.0,,1.017,4.448,,,,,,,,,,,,,,,None,4150000,4150000,,,,,,None,2317000,,,,,0.0,-0.43,-67561000,-65244000,-1.32,2019-03-31,,342153000.0,17752000,-73938000,215000,,,None,6726000,4310000,,None,,,,,-74153000,-74153000,-6726000,None,-1.836,,87261000,-69509000,,,,,2297000,,,,,0.0,40.12,84.87,,,,,,,,-2.648,,,2025-10-29,quarterly,-1.75,USD,pre-market,31203000,,-0.281,-1.657,0.524,2.348,54810000,,,,123.73,187.98,-32.5758,,,,,,,21902000,,,212.75,60.4
2025-12-28,INSM,-6.19,447022000.0,,1.017,4.448,,,,,,,,,,,,,,,None,2423000,2423000,,,,,,None,2174000,,,,,0.0,-0.43,-83789000,-81615000,-1.32,2018-12-31,,342153000.0,7412000,-91506000,67000,,,None,6667000,None,,None,,,,,-91573000,-91573000,None,None,-1.836,,97557000,-87722000,,,,,2883000,,,,,0.0,40.12,84.87,,,,,,,,-2.648,,,2025-10-29,quarterly,-1.75,USD,pre-market,39925000,,-0.281,-1.657,0.524,2.348,123954000,,,,123.73,187.98,-32.5758,,,,,,,9835000,,,212.75,60.4
2025-12-28,INSM,-6.19,447022000.0,,1.017,4.448,,,,,,,,,,,,,,,None,24146000,24146000,,,,,,None,954000,,,,,0.0,-0.43,-81437000,-80483000,-1.32,2018-09-30,,342153000.0,-24146000,-87697000,46000,,,None,6675000,None,,None,,,,,-87743000,-87743000,None,None,-1.836,,83983000,-83983000,,,,,2961000,,,,,0.0,40.12,84.87,,,,,,,,-2.648,,,2025-10-29,quarterly,-1.75,USD,pre-market,39538000,,-0.281,-1.657,0.524,2.348,44445000,,,,123.73,187.98,-32.5758,,,,,,,0,,,212.75,60.4
2025-12-28,INSM,-6.19,447022000.0,,1.017,4.448,,,,,,,,,,,,,,,None,21395000,21395000,,,,,,None,929000,,,,,0.0,-0.43,-70195000,-69266000,-1.32,2018-06-30,,342153000.0,-21395000,-76397000,40000,,,None,6488000,None,,None,,,,,-76437000,-76437000,None,None,-1.836,,72882000,-72882000,,,,,2973000,,,,,0.0,40.12,84.87,,,,,,,,-2.648,,,2025-10-29,quarterly,-1.75,USD,pre-market,35722000,,-0.281,-1.657,0.524,2.348,37160000,,,,123.73,187.98,-32.5758,,,,,,,0,,,212.75,60.4
2025-12-28,INSM,-6.19,447022000.0,,1.017,4.448,,,,,,,,,,,,,,,None,17382000,17382000,,,,,,None,769000,,,,,0.0,-0.43,-63183000,-62414000,-1.32,2018-03-31,,342153000.0,-17382000,-68476000,48000,,,None,5642000,None,,None,,,,,-68524000,-68524000,None,None,-1.836,,62751000,-62751000,,,,,-83000,,,,,0.0,40.12,84.87,,,,,,,,-2.648,,,2025-10-29,quarterly,-1.75,USD,pre-market,30098000,,-0.281,-1.657,0.524,2.348,32653000,,,,123.73,187.98,-32.5758,,,,,,,0,,,212.75,60.4
2025-12-28,INSM,-6.19,447022000.0,,1.017,4.448,,,,,,,,,,,,,,,None,21647000,21647000,,,,,,None,733000,,,,,0.0,-0.43,-64284000,-63551000,-1.32,2017-12-31,,342153000.0,-21647000,-65750000,-366000,,,None,1466000,None,,None,,,,,-65384000,-65384000,None,None,-1.836,,65353000,-65353000,,,,,1069000,,,,,0.0,40.12,84.87,,,,,,,,-2.648,,,2025-10-29,quarterly,-1.75,USD,pre-market,33949000,,-0.281,-1.657,0.524,2.348,18885000,,,,123.73,187.98,-32.5758,,,,,,,0,,,212.75,60.4
2025-12-28,INSM,-6.19,447022000.0,,1.017,4.448,,,,,,,,,,,,,,,None,16561000,16561000,,,,,,None,714000,,,,,0.0,-0.43,-43850000,-43136000,-1.32,2017-09-30,,342153000.0,-16561000,-45152000,27000,,,None,1496000,None,,None,,,,,-45179000,-45179000,None,None,-1.836,,44083000,-44083000,,,,,427000,,,,,0.0,40.12,84.87,,,,,,,,-2.648,,,2025-10-29,quarterly,-1.75,USD,pre-market,26675000,,-0.281,-1.657,0.524,2.348,9355000,,,,123.73,187.98,-32.5758,,,,,,,0,,,212.75,60.4
2025-12-28,INSM,-6.19,447022000.0,,1.017,4.448,,,,,,,,,,,,,,,None,17232000,17232000,,,,,,None,738000,,,,,0.0,-0.43,-43146000,-42408000,-1.32,2017-06-30,,342153000.0,-17232000,-44635000,37000,,,None,1489000,None,,None,,,,,-44672000,-44672000,None,None,-1.836,,43515000,-43515000,,,,,369000,,,,,0.0,40.12,84.87,,,,,,,,-2.648,,,2025-10-29,quarterly,-1.75,USD,pre-market,26871000,,-0.281,-1.657,0.524,2.348,9355000,,,,123.73,187.98,-32.5758,,,,,,,0,,,212.75,60.4
2025-12-28,INSM,-6.19,447022000.0,,1.017,4.448,,,,,,,,,,,,,,,None,12588000,12588000,,,,,,None,716000,,,,,0.0,-0.43,-36112000,-35396000,-1.32,2017-03-31,,342153000.0,-12588000,-37384000,30000,,,None,1474000,None,,None,,,,,-37414000,-37414000,None,None,-1.836,,35969000,-35969000,,,,,59000,,,,,0.0,40.12,84.87,,,,,,,,-2.648,,,2025-10-29,quarterly,-1.75,USD,pre-market,22254000,,-0.281,-1.657,0.524,2.348,8654000,,,,123.73,187.98,-32.5758,,,,,,,0,,,212.75,60.4
2025-12-28,INSM,-6.19,447022000.0,,1.017,4.448,,,,,,,,,,,,,,,None,47392000,47392000,,,,,,None,682000,,,,,0.0,-0.43,-66892000,-66210000,-1.32,2016-12-31,,342153000.0,-47392000,-68375000,27000,,,None,1483000,None,,None,,,,,-68402000,-68402000,None,None,-1.836,,67051000,-67051000,,,,,159000,,,,,0.0,40.12,84.87,,,,,,,,-2.648,,,2025-10-29,quarterly,-1.75,USD,pre-market,54870000,,-0.281,-1.657,0.524,2.348,8502000,,,,123.73,187.98,-32.5758,,,,,,,0,,,212.75,60.4
2025-12-28,INSM,-6.19,447022000.0,,1.017,4.448,,,,,,,,,,,,,,,None,12996000,12996000,,,,,,None,674000,,,,,0.0,-0.43,-36966000,-36292000,-1.32,2016-09-30,,342153000.0,-12996000,-37735000,25000,,,None,769000,None,,None,,,,,-37760000,-37760000,None,None,-1.836,,37149000,-37149000,,,,,183000,,,,,0.0,40.12,84.87,,,,,,,,-2.648,,,2025-10-29,quarterly,-1.75,USD,pre-market,23433000,,-0.281,-1.657,0.524,2.348,9097000,,,,123.73,187.98,-32.5758,,,,,,,0,,,212.75,60.4
2025-12-28,INSM,-6.19,447022000.0,,1.017,4.448,,,,,,,,,,,,,,,None,14975000,14975000,,,,,,None,568000,,,,,0.0,-0.43,-35937000,-35369000,-1.32,2016-06-30,,342153000.0,-14975000,-36561000,18000,,,None,624000,None,,None,,,,,-36579000,-36579000,None,None,-1.836,,36133000,-36133000,,,,,196000,,,,,0.0,40.12,84.87,,,,,,,,-2.648,,,2025-10-29,quarterly,-1.75,USD,pre-market,23871000,,-0.281,-1.657,0.524,2.348,8667000,,,,123.73,187.98,-32.5758,,,,,,,0,,,212.75,60.4
2025-12-28,INSM,-6.19,447022000.0,,1.017,4.448,,,,,,,,,,,,,,,None,11904000,11904000,,,,,,None,514000,,,,,0.0,-0.43,-32882000,-32368000,-1.32,2016-03-31,,342153000.0,-11904000,-33504000,28000,,,None,622000,None,,None,,,,,-33532000,-33532000,None,None,-1.836,,33067000,-33067000,,,,,185000,,,,,0.0,40.12,84.87,,,,,,,,-2.648,,,2025-10-29,quarterly,-1.75,USD,pre-market,20547000,,-0.281,-1.657,0.524,2.348,9025000,,,,123.73,187.98,-32.5758,,,,,,,0,,,212.75,60.4
2025-12-28,INSM,-6.19,447022000.0,,1.017,4.448,,,,,,,,,,,,,,,None,13173000,13173000,,,,,,None,640000,,,,,0.0,-0.43,-32492000,-31852000,-1.32,2015-12-31,,342153000.0,-13173000,-33216000,-1971000,,,None,724000,None,,None,,,,,-31245000,-31245000,None,None,-1.836,,32590000,-32590000,,,,,98000,,,,,0.0,40.12,84.87,,,,,,,,-2.648,,,2025-10-29,quarterly,-1.75,USD,pre-market,19646000,,-0.281,-1.657,0.524,2.348,7774000,,,,123.73,187.98,-32.5758,,,,,,,0,,,212.75,60.4
2025-12-28,INSM,-6.19,447022000.0,,1.017,4.448,,,,,,,,,,,,,,,None,13184000,13184000,,,,,,None,463000,,,,,0.0,-0.43,-30237000,-29774000,-1.32,2015-09-30,,342153000.0,-13184000,-30962000,658000,,,None,725000,None,,None,,,,,-30962000,-30962000,None,None,-1.836,,30245000,-30245000,,,,,8000,,,,,0.0,40.12,84.87,,,,,,,,-2.648,,,2025-10-29,quarterly,-1.75,USD,pre-market,19221000,,-0.281,-1.657,0.524,2.348,7508000,,,,123.73,187.98,-32.5758,,,,,,,0,,,212.75,60.4
2025-12-28,INSM,-6.19,447022000.0,,1.017,4.448,,,,,,,,,,,,,,,None,12386000,12386000,,,,,,None,447000,,,,,0.0,-0.43,-27889000,-27442000,-1.32,2015-06-30,,342153000.0,-12386000,-28607000,713000,,,None,718000,None,,None,,,,,-28607000,-28607000,None,None,-1.836,,27952000,-27952000,,,,,63000,,,,,0.0,40.12,84.87,,,,,,,,-2.648,,,2025-10-29,quarterly,-1.75,USD,pre-market,18246000,,-0.281,-1.657,0.524,2.348,7566000,,,,123.73,187.98,-32.5758,,,,,,,0,,,212.75,60.4
2025-12-28,INSM,-6.19,447022000.0,,1.017,4.448,,,,,,,,,,,,,,,None,10862000,10862000,,,,,,None,432000,,,,,0.0,-0.43,-26647000,-26215000,-1.32,2015-03-31,,342153000.0,-10862000,-27369000,758000,,,None,722000,None,,None,,,,,-27369000,-27369000,None,None,-1.836,,26706000,-26706000,,,,,59000,,,,,0.0,40.12,84.87,,,,,,,,-2.648,,,2025-10-29,quarterly,-1.75,USD,pre-market,17164000,,-0.281,-1.657,0.524,2.348,7766000,,,,123.73,187.98,-32.5758,,,,,,,0,,,212.75,60.4
2025-12-28,INSM,-6.19,447022000.0,,1.017,4.448,,,,,,,,,,,,,,,None,8812000,8812000,,,,,,None,376000,,,,,0.0,-0.43,-23060000,-22684000,-1.32,2014-12-31,,342153000.0,2688000,-23680000,-6033000,,,None,620000,None,,None,,,,,-17647000,-17647000,None,None,-1.836,,23066000,-23066000,,,,,6000,,,,,0.0,40.12,84.87,,,,,,,,-2.648,,,2025-10-29,quarterly,-1.75,USD,pre-market,14799000,,-0.281,-1.657,0.524,2.348,226000,,,,123.73,187.98,-32.5758,,,,,,,11500000,,,212.75,60.4
2025-12-28,INSM,-6.19,447022000.0,,1.017,4.448,,,,,,,,,,,,,,,None,9177000,9177000,,,,,,None,355000,,,,,0.0,-0.43,-23396000,-23041000,-1.32,2014-09-30,,342153000.0,-9177000,-23990000,590000,,,None,594000,None,,None,,,,,-23990000,-23990000,None,None,-1.836,,23404000,-23404000,,,,,8000,,,,,0.0,40.12,84.87,,,,,,,,-2.648,,,2025-10-29,quarterly,-1.75,USD,pre-market,15200000,,-0.281,-1.657,0.524,2.348,6489000,,,,123.73,187.98,-32.5758,,,,,,,0,,,212.75,60.4
2025-12-28,INSM,-6.19,447022000.0,,1.017,4.448,,,,,,,,,,,,,,,None,9107000,9107000,,,,,,None,175000,,,,,0.0,-0.43,-22629000,-22454000,-1.32,2014-06-30,,342153000.0,-9107000,-23224000,595000,,,None,595000,None,,None,,,,,-23224000,-23224000,None,None,-1.836,,22816000,-22816000,,,,,187000,,,,,0.0,40.12,84.87,,,,,,,,-2.648,,,2025-10-29,quarterly,-1.75,USD,pre-market,14942000,,-0.281,-1.657,0.524,2.348,5322000,,,,123.73,187.98,-32.5758,,,,,,,0,,,212.75,60.4
2025-12-28,INSM,-6.19,447022000.0,,1.017,4.448,,,,,,,,,,,,,,,None,17912000,17912000,,,,,,None,167000,,,,,0.0,-0.43,-18081000,-17914000,-1.32,2014-03-31,,342153000.0,0,-18687000,-4389000,,,None,606000,None,,None,,,,,-14298000,-14298000,None,None,-1.836,,18079000,-18079000,,,,,-2000,,,,,0.0,40.12,84.87,,,,,,,,-2.648,,,2025-10-29,quarterly,-1.75,USD,pre-market,11351000,,-0.281,-1.657,0.524,2.348,5285000,,,,123.73,187.98,-32.5758,,,,,,,0,,,212.75,60.4
2025-12-28,INSM,-6.19,447022000.0,,1.017,4.448,,,,,,,,,,,,,,,None,29644000,29644000,,,,,,None,205000,,,,,0.0,-0.43,-15604000,-15399000,-1.32,2013-12-31,,342153000.0,-41143000,-16214000,1221000,,,None,610000,None,,None,,,,,-16214000,-16214000,None,None,-1.836,,15594000,-15594000,,,,,-10000,,,,,0.0,40.12,84.87,,,,,,,,-2.648,,,2025-10-29,quarterly,-1.75,USD,pre-market,9625000,,-0.281,-1.657,0.524,2.348,5969000,,,,123.73,187.98,-32.5758,,,,,,,-11499000,,,212.75,60.4
2025-12-28,INSM,-6.19,447022000.0,,1.017,4.448,,,,,,,,,,,,,,,None,16671000,16671000,,,,,,None,171000,,,,,0.0,-0.43,-16802000,-16631000,-1.32,2013-09-30,,342153000.0,0,-17327000,525000,,,None,525000,None,,None,,,,,-17327000,-17327000,None,None,-1.836,,16842000,-16842000,,,,,40000,,,,,0.0,40.12,84.87,,,,,,,,-2.648,,,2025-10-29,quarterly,-1.75,USD,pre-market,12095000,,-0.281,-1.657,0.524,2.348,4747000,,,,123.73,187.98,-32.5758,,,,,,,11500000,,,212.75,60.4
2025-12-28,INSM,-6.19,447022000.0,,1.017,4.448,,,,,,,,,,,,,,,None,8380000,8380000,,,,,,None,156000,,,,,0.0,-0.43,-8219000,-8063000,-1.32,2013-06-30,,342153000.0,3120000,-8854000,635000,,,None,635000,None,,None,,,,,-8854000,-8854000,None,None,-1.836,,19769000,-8269000,,,,,50000,,,,,0.0,40.12,84.87,,,,,,,,-2.648,,,2025-10-29,quarterly,-1.75,USD,pre-market,12225000,,-0.281,-1.657,0.524,2.348,7544000,,,,123.73,187.98,-32.5758,,,,,,,11500000,,,212.75,60.4
2025-12-28,INSM,-6.19,447022000.0,,1.017,4.448,,,,,,,,,,,,,,,None,14161000,14161000,,,,,,None,148000,,,,,0.0,-0.43,-14256000,-14108000,-1.32,2013-03-31,,342153000.0,0,-14899000,-1221000,,,None,643000,None,,None,,,,,-13678000,-13678000,None,None,-1.836,,14309000,-14309000,,,,,53000,,,,,0.0,40.12,84.87,,,,,,,,-2.648,,,2025-10-29,quarterly,-1.75,USD,pre-market,10334000,,-0.281,-1.657,0.524,2.348,3975000,,,,123.73,187.98,-32.5758,,,,,,,0,,,212.75,60.4
2025-12-28,INSM,-6.19,447022000.0,,1.017,4.448,,,,,,,,,,,,,,,None,8502000,8502000,,,,,,None,149000,,,,,0.0,-0.43,-14917000,-14768000,-1.32,2012-12-31,,342153000.0,-8502000,-15455000,-4000,,,None,538000,None,,None,,,,,-15451000,-15459000,None,None,-1.836,,15838000,-15838000,,,,,921000,,,,,0.0,40.12,84.87,,,,,,,,-2.648,,,2025-10-29,quarterly,-1.75,USD,pre-market,12228000,,-0.281,-1.657,0.524,2.348,12657000,,,,123.73,187.98,-32.5758,,,,,,,0,,,212.75,60.4
2025-12-28,INSM,-6.19,447022000.0,,1.017,4.448,,,,,,,,,,,,,,,None,9215000,9215000,,,,,,None,138000,,,,,0.0,-0.43,-9160000,-9022000,-1.32,2012-09-30,,342153000.0,0,-9382000,222000,,,None,222000,None,,None,,,,,-9382000,-9382000,None,None,-1.836,,9353000,-9353000,,,,,193000,,,,,0.0,40.12,84.87,,,,,,,,-2.648,,,2025-10-29,quarterly,-1.75,USD,pre-market,5706000,,-0.281,-1.657,0.524,2.348,3647000,,,,123.73,187.98,-32.5758,,,,,,,0,,,212.75,60.4
2025-12-28,INSM,-6.19,447022000.0,,1.017,4.448,,,,,,,,,,,,,,,None,9845000,9845000,,,,,,None,138000,,,,,0.0,-0.43,-9693000,-9555000,-1.32,2012-06-30,,342153000.0,0,-9694000,2000,,,None,1000,None,,None,,,,,-9696000,-9692000,None,None,-1.836,,9983000,-9983000,,,,,290000,,,,,0.0,40.12,84.87,,,,,,,,-2.648,,,2025-10-29,quarterly,-1.75,USD,pre-market,7745000,,-0.281,-1.657,0.524,2.348,2238000,,,,123.73,187.98,-32.5758,,,,,,,0,,,212.75,60.4
2025-12-28,INSM,-6.19,447022000.0,,1.017,4.448,,,,,,,,,,,,,,,None,7128000,7128000,,,,,,None,136000,,,,,0.0,-0.43,-6841000,-6705000,-1.32,2012-03-31,,342153000.0,1403000,-6843000,2000,,,None,2000,None,,None,,,,,-6845000,-6841000,None,None,-1.836,,7264000,-7264000,,,,,423000,,,,,0.0,40.12,84.87,,,,,,,,-2.648,,,2025-10-29,quarterly,-1.75,USD,pre-market,4739000,,-0.281,-1.657,0.524,2.348,2525000,,,,123.73,187.98,-32.5758,,,,,,,1403000,,,212.75,60.4
2025-12-28,INSM,-6.19,447022000.0,,1.017,4.448,,,,,,,,,,,,,,,None,10163000,10163000,,,,,,None,110000,,,,,0.0,-0.43,-8163000,-8053000,-1.32,2011-12-31,,342153000.0,1403000,-8164000,-2000,,,None,1000,None,,None,,,,,-8162000,0,None,None,-1.836,,10273000,-8870000,,,,,None,,,,,0.0,40.12,84.87,,,,,,,,-2.648,,,2025-10-29,quarterly,-1.75,USD,pre-market,6518000,,-0.281,-1.657,0.524,2.348,9840000,,,,123.73,187.98,-32.5758,,,,,,,1403000,,,212.75,60.4
2025-12-28,INSM,-6.19,447022000.0,,1.017,4.448,,,,,,,,,,,,,,,None,9325000,9325000,,,,,,None,79000,,,,,0.0,-0.43,-34589000,-34510000,-1.32,2011-09-30,,342153000.0,435000,-34591000,-77000,,,None,2000,None,,None,,,,,-34591000,-34591000,None,None,-1.836,,35395000,-34960000,,,,,371000,,,,,0.0,40.12,84.87,,,,,,,,-2.648,,,2025-10-29,quarterly,-1.75,USD,pre-market,6933000,,-0.281,-1.657,0.524,2.348,2472000,,,,123.73,187.98,-32.5758,,,,,,,435000,,,212.75,60.4
2025-12-28,INSM,-6.19,447022000.0,,1.017,4.448,,,,,,,,,,,,,,,None,11374000,11374000,,,,,,None,79000,,,,,0.0,-0.43,-10014000,-9935000,-1.32,2011-06-30,,342153000.0,978000,-10017000,3000,,,None,3000,None,,None,,,,,-10017000,-10017000,None,None,-1.836,,11451000,-10473000,,,,,459000,,,,,0.0,40.12,84.87,,,,,,,,-2.648,,,2025-10-29,quarterly,-1.75,USD,pre-market,8706000,,-0.281,-1.657,0.524,2.348,2745000,,,,123.73,187.98,-32.5758,,,,,,,978000,,,212.75,60.4
2025-12-28,INSM,-6.19,447022000.0,,1.017,4.448,,,,,,,,,,,,,,,None,8941000,8941000,,,,,,None,75000,,,,,0.0,-0.43,-6888000,-6813000,-1.32,2011-03-31,,342153000.0,1601000,-6892000,2000,,,None,4000,None,,None,,,,,-6894000,0,None,None,-1.836,,9016000,-7415000,,,,,None,,,,,0.0,40.12,84.87,,,,,,,,-2.648,,,2025-10-29,quarterly,-1.75,USD,pre-market,5760000,,-0.281,-1.657,0.524,2.348,3256000,,,,123.73,187.98,-32.5758,,,,,,,1601000,,,212.75,60.4
2025-12-28,INSM,-6.19,447022000.0,,1.017,4.448,,,,,,,,,,,,,,,None,2822000,2822000,,,,,,None,29000,,,,,0.0,-0.43,-5765000,-5736000,-1.32,2010-12-31,,342153000.0,1321000,-5846000,-2000,,,None,81000,None,,None,,,,,-5844000,0,None,None,-1.836,,7651000,-6330000,,,,,None,,,,,0.0,40.12,84.87,,,,,,,,-2.648,,,2025-10-29,quarterly,-1.75,USD,pre-market,2453000,,-0.281,-1.657,0.524,2.348,10256000,,,,123.73,187.98,-32.5758,,,,,,,1321000,,,212.75,60.4
2025-12-28,INSM,-6.19,447022000.0,,1.017,4.448,,,,,,,,,,,,,,,None,2405000,2405000,,,,,,None,None,,,,,0.0,-0.43,-253000,-253000,-1.32,2010-09-30,,342153000.0,1807000,-253000,77000,,,None,0,None,,None,,,,,-330000,0,None,None,-1.836,,2405000,-598000,,,,,None,,,,,0.0,40.12,84.87,,,,,,,,-2.648,,,2025-10-29,quarterly,-1.75,USD,pre-market,769000,,-0.281,-1.657,0.524,2.348,1636000,,,,123.73,187.98,-32.5758,,,,,,,1807000,,,212.75,60.4
2025-12-28,INSM,-6.19,447022000.0,,1.017,4.448,,,,,,,,,,,,,,,None,2777000,2777000,,,,,,None,None,,,,,0.0,-0.43,-375000,-375000,-1.32,2010-06-30,,342153000.0,1864000,-375000,3000,,,None,28000,None,,None,,,,,-378000,0,None,None,-1.836,,2777000,-913000,,,,,None,,,,,0.0,40.12,84.87,,,,,,,,-2.648,,,2025-10-29,quarterly,-1.75,USD,pre-market,893000,,-0.281,-1.657,0.524,2.348,1884000,,,,123.73,187.98,-32.5758,,,,,,,1864000,,,212.75,60.4
2025-12-28,INSM,-6.19,447022000.0,,1.017,4.448,,,,,,,,,,,,,,,None,2155000,2155000,,,,,,None,25000,,,,,0.0,-0.43,146000,171000,-1.32,2010-03-31,,342153000.0,1929000,118000,28000,,,None,28000,None,,None,,,,,118000,0,None,None,-1.836,,2180000,-251000,,,,,None,,,,,0.0,40.12,84.87,,,,,,,,-2.648,,,2025-10-29,quarterly,-1.75,USD,pre-market,642000,,-0.281,-1.657,0.524,2.348,1538000,,,,123.73,187.98,-32.5758,,,,,,,1929000,,,212.75,60.4
2025-12-28,INSM,-6.19,447022000.0,,1.017,4.448,,,,,,,,,,,,,,,None,2099000,2099000,,,,,,None,46000,,,,,0.0,-0.43,40000,86000,-1.32,2009-12-31,,342153000.0,2488000,-11000,-2317000,,,None,51000,None,,None,,,,,2306000,0,None,None,-1.836,,2145000,343000,,,,,None,,,,,0.0,40.12,84.87,,,,,,,,-2.648,,,2025-10-29,quarterly,-1.75,USD,pre-market,724000,,-0.281,-1.657,0.524,2.348,1421000,,,,123.73,187.98,-32.5758,,,,,,,2488000,,,212.75,60.4
2025-12-28,INSM,-6.19,447022000.0,,1.017,4.448,,,,,,,,,,,,,,,None,3179000,3179000,,,,,,None,60000,,,,,0.0,-0.43,-82000,-22000,-1.32,2009-09-30,,342153000.0,2475000,-150000,8000,,,None,68000,None,,None,,,,,-150000,0,None,None,-1.836,,3239000,-764000,,,,,None,,,,,0.0,40.12,84.87,,,,,,,,-2.648,,,2025-10-29,quarterly,-1.75,USD,pre-market,1143000,,-0.281,-1.657,0.524,2.348,2096000,,,,123.73,187.98,-32.5758,,,,,,,2475000,,,212.75,60.4
2025-12-28,INSM,-6.19,447022000.0,,1.017,4.448,,,,,,,,,,,,,,,None,3950000,3950000,,,,,,None,396000,,,,,0.0,-0.43,-1181000,-785000,-1.32,2009-06-30,,342153000.0,3040000,-1601000,420000,,,None,420000,None,,None,,,,,-1601000,0,None,None,-1.836,,4346000,-1306000,,,,,None,,,,,0.0,40.12,84.87,,,,,,,,-2.648,,,2025-10-29,quarterly,-1.75,USD,pre-market,1472000,,-0.281,-1.657,0.524,2.348,2874000,,,,123.73,187.98,-32.5758,,,,,,,3040000,,,212.75,60.4
2025-12-28,INSM,-6.19,447022000.0,,1.017,4.448,,,,,,,,,,,,,,,None,9112000,9112000,,,,,,None,205000,,,,,0.0,-0.43,120831000,121036000,-1.32,2009-03-31,,342153000.0,2370000,120589000,2794000,,,None,242000,None,,None,,,,,117795000,0,None,None,-1.836,,9317000,-6947000,,,,,None,,,,,0.0,40.12,84.87,,,,,,,,-2.648,,,2025-10-29,quarterly,-1.75,USD,pre-market,5868000,,-0.281,-1.657,0.524,2.348,3449000,,,,123.73,187.98,-32.5758,,,,,,,2370000,,,212.75,60.4
2025-12-28,INSM,-6.19,447022000.0,,1.017,4.448,,,,,,,,,,,,,,,None,6447000,6447000,,,,,,None,230000,,,,,0.0,-0.43,-3738000,-3508000,-1.32,2008-12-31,,342153000.0,2859000,-15667000,-11703000,,,None,1256000,None,,None,,,,,-3964000,0,None,None,-1.836,,6597000,-3738000,,,,,None,,,,,0.0,40.12,84.87,,,,,,,,-2.648,,,2025-10-29,quarterly,-1.75,USD,pre-market,5273000,,-0.281,-1.657,0.524,2.348,1324000,,,,123.73,187.98,-32.5758,,,,,,,2859000,,,212.75,60.4
2025-12-28,INSM,-6.19,447022000.0,,1.017,4.448,,,,,,,,,,,,,,,None,5626000,5626000,,,,,,None,251000,,,,,0.0,-0.43,-1886000,-1635000,-1.32,2008-09-30,,342153000.0,4071000,-2163000,277000,,,None,301000,None,,None,,,,,-2163000,0,None,None,-1.836,,5957000,-1886000,,,,,None,,,,,0.0,40.12,84.87,,,,,,,,-2.648,,,2025-10-29,quarterly,-1.75,USD,pre-market,4997000,,-0.281,-1.657,0.524,2.348,960000,,,,123.73,187.98,-32.5758,,,,,,,4071000,,,212.75,60.4
2025-12-28,INSM,-6.19,447022000.0,,1.017,4.448,,,,,,,,,,,,,,,None,6482000,6482000,,,,,,None,270000,,,,,0.0,-0.43,-4435000,-4165000,-1.32,2008-06-30,,342153000.0,2648000,-4667000,232000,,,None,328000,None,,None,,,,,-4667000,0,None,None,-1.836,,7083000,-4435000,,,,,None,,,,,0.0,40.12,84.87,,,,,,,,-2.648,,,2025-10-29,quarterly,-1.75,USD,pre-market,5536000,,-0.281,-1.657,0.524,2.348,1493000,,,,123.73,187.98,-32.5758,,,,,,,2648000,,,212.75,60.4
2025-12-28,INSM,-6.19,447022000.0,,1.017,4.448,,,,,,,,,,,,,,,None,6512000,6512000,,,,,,None,292000,,,,,0.0,-0.43,-4798000,-4506000,-1.32,2008-03-31,,342153000.0,2317000,-4873000,75000,,,None,354000,None,,None,,,,,-4873000,0,None,None,-1.836,,7115000,-4798000,,,,,None,,,,,0.0,40.12,84.87,,,,,,,,-2.648,,,2025-10-29,quarterly,-1.75,USD,pre-market,5241000,,-0.281,-1.657,0.524,2.348,1482000,,,,123.73,187.98,-32.5758,,,,,,,2317000,,,212.75,60.4
2025-12-28,INSM,-6.19,447022000.0,,1.017,4.448,,,,,,,,,,,,,,,None,-3727000,-3727000,,,,,,None,147000,,,,,0.0,-0.43,-3344000,-3197000,-1.32,2007-12-31,,342153000.0,2142000,-19962000,-16665000,,,None,682000,None,,None,,,,,-3297000,0,None,None,-1.836,,5486000,-3344000,,,,,None,,,,,0.0,40.12,84.87,,,,,,,,-2.648,,,2025-10-29,quarterly,-1.75,USD,pre-market,4539000,,-0.281,-1.657,0.524,2.348,947000,,,,123.73,187.98,-32.5758,,,,,,,2142000,,,212.75,60.4
2025-12-28,INSM,-6.19,447022000.0,,1.017,4.448,,,,,,,,,,,,,,,None,5614000,5614000,,,,,,None,91000,,,,,0.0,-0.43,-4123000,-4032000,-1.32,2007-09-30,,342153000.0,1452000,-12372000,-8460000,,,None,168000,None,,None,,,,,-3912000,0,None,None,-1.836,,5519000,-4123000,,,,,None,,,,,0.0,40.12,84.87,,,,,,,,-2.648,,,2025-10-29,quarterly,-1.75,USD,pre-market,4602000,,-0.281,-1.657,0.524,2.348,973000,,,,123.73,187.98,-32.5758,,,,,,,1396000,,,212.75,60.4
2025-12-28,INSM,-6.19,447022000.0,,1.017,4.448,,,,,,,,,,,,,,,None,4687000,4687000,,,,,,None,86000,,,,,0.0,-0.43,-2569000,-2483000,-1.32,2007-06-30,,342153000.0,2275000,-2500000,0,,,None,155000,None,,None,,,,,-2500000,0,None,None,-1.836,,4844000,-2569000,,,,,None,,,,,0.0,40.12,84.87,,,,,,,,-2.648,,,2025-10-29,quarterly,-1.75,USD,pre-market,3691000,,-0.281,-1.657,0.524,2.348,1153000,,,,123.73,187.98,-32.5758,,,,,,,2275000,,,212.75,60.4
2025-12-28,INSM,-6.19,447022000.0,,1.017,4.448,,,,,,,,,,,,,,,None,576000,576000,,,,,,None,82000,,,,,0.0,-0.43,-10403000,-10321000,-1.32,2007-03-31,,342153000.0,1084000,-10253000,0,,,None,151000,None,,None,,,,,-10253000,0,None,None,-1.836,,11487000,-10403000,,,,,None,,,,,0.0,40.12,84.87,,,,,,,,-2.648,,,2025-10-29,quarterly,-1.75,USD,pre-market,6105000,,-0.281,-1.657,0.524,2.348,5382000,,,,123.73,187.98,-32.5758,,,,,,,1660000,,,212.75,60.4
2025-12-28,INSM,-6.19,447022000.0,,1.017,4.448,,,,,,,,,,,,,,,None,836000,836000,,,,,,None,472000,,,,,0.0,-0.43,-21404000,-20932000,-1.32,2006-12-31,,342153000.0,-334000,-56139000,-34710000,,,None,3703000,None,,None,,,,,-21428000,0,None,None,-1.836,,21070000,-21404000,,,,,None,,,,,0.0,40.12,84.87,,,,,,,,-2.648,,,2025-10-29,quarterly,-1.75,USD,pre-market,4251000,,-0.281,-1.657,0.524,2.348,9716000,,,,123.73,187.98,-32.5758,,,,,,,502000,,,212.75,60.4
2025-12-28,INSM,-6.19,447022000.0,,1.017,4.448,,,,,,,,,,,,,,,None,631000,631000,,,,,,None,88000,,,,,0.0,-0.43,-12724000,-12636000,-1.32,2006-09-30,,342153000.0,-405000,-12372000,0,,,None,168000,None,,None,,,,,-12372000,0,None,None,-1.836,,12319000,-12724000,,,,,None,,,,,0.0,40.12,84.87,,,,,,,,-2.648,,,2025-10-29,quarterly,-1.75,USD,pre-market,5316000,,-0.281,-1.657,0.524,2.348,7003000,,,,123.73,187.98,-32.5758,,,,,,,226000,,,212.75,60.4
2025-12-28,INSM,-6.19,447022000.0,,1.017,4.448,,,,,,,,,,,,,,,None,23000,23000,,,,,,None,83000,,,,,0.0,-0.43,-9324000,-9241000,-1.32,2006-06-30,,342153000.0,187000,-8911000,0,,,None,164000,None,,None,,,,,-8911000,0,None,None,-1.836,,9511000,-9324000,,,,,None,,,,,0.0,40.12,84.87,,,,,,,,-2.648,,,2025-10-29,quarterly,-1.75,USD,pre-market,4348000,,-0.281,-1.657,0.524,2.348,5163000,,,,123.73,187.98,-32.5758,,,,,,,210000,,,212.75,60.4
2025-12-28,INSM,-6.19,447022000.0,,1.017,4.448,,,,,,,,,,,,,,,None,8248000,8248000,,,,,,None,2726000,,,,,0.0,-0.43,-10920000,-8194000,-1.32,2006-03-31,,342153000.0,54000,-13427000,0,,,None,2819000,None,,None,,,,,-13427000,0,None,None,-1.836,,10974000,-10920000,,,,,None,,,,,0.0,40.12,84.87,,,,,,,,-2.648,,,2025-10-29,quarterly,-1.75,USD,pre-market,7174000,,-0.281,-1.657,0.524,2.348,3800000,,,,123.73,187.98,-32.5758,,,,,,,54000,,,212.75,60.4
2025-12-28,INSM,-6.19,447022000.0,,1.017,4.448,,,,,,,,,,,,,,,None,1432000,1432000,,,,,,None,5656000,,,,,0.0,-0.43,-7064000,-1408000,-1.32,2005-12-31,,342153000.0,24000,-10298000,-28044000,,,None,6021000,None,,None,,,,,-12885000,0,None,None,-1.836,,7088000,-7064000,,,,,None,,,,,0.0,40.12,84.87,,,,,,,,-2.648,,,2025-10-29,quarterly,-1.75,USD,pre-market,5481000,,-0.281,-1.657,0.524,2.348,3477000,,,,123.73,187.98,-32.5758,,,,,,,24000,,,212.75,60.4
2025-12-28,INSM,-6.19,447022000.0,,1.017,4.448,,,,,,,,,,,,,,,None,2250000,2250000,,,,,,None,5668000,,,,,0.0,-0.43,-7896000,-2228000,-1.32,2005-09-30,,342153000.0,22000,-13756000,0,,,None,6096000,None,,None,,,,,-13756000,0,None,None,-1.836,,7918000,-7896000,,,,,None,,,,,0.0,40.12,84.87,,,,,,,,-2.648,,,2025-10-29,quarterly,-1.75,USD,pre-market,6728000,,-0.281,-1.657,0.524,2.348,1190000,,,,123.73,187.98,-32.5758,,,,,,,22000,,,212.75,60.4
2025-12-28,INSM,-6.19,447022000.0,,1.017,4.448,,,,,,,,,,,,,,,None,85742000,85742000,,,,,,None,11013000,,,,,0.0,-0.43,-829807000,-818794000,-1.32,2024-12-31,,342153000.0,277965000,-910065000,3707000,,,None,84913000,2229000,,None,,,,,-913772000,-913772000,-84913000,None,-1.836,,1156217000,-878252000,,,,,None,,,,,0.0,40.12,84.87,,,,,,,,-2.648,,,2025-10-29,annual,-1.75,USD,pre-market,598367000,,-0.281,-1.657,0.524,2.348,461116000,,,,123.73,187.98,-32.5758,,,,,,,363707000,,,212.75,60.4
2025-12-28,INSM,-6.19,447022000.0,,1.017,4.448,,,,,,,,,,,,,,,None,65573000,65573000,,,,,,None,10579000,,,,,0.0,-0.43,-670756000,-660177000,-1.32,2023-12-31,,342153000.0,239635000,-747012000,2555000,,,None,81694000,1882000,,None,,,,,-749567000,-749567000,-81694000,None,-1.836,,949261000,-709626000,,,,,None,,,,,0.0,40.12,84.87,,,,,,,,-2.648,,,2025-10-29,annual,-1.75,USD,pre-market,571011000,,-0.281,-1.657,0.524,2.348,344501000,,,,123.73,187.98,-32.5758,,,,,,,305208000,,,212.75,60.4
2025-12-28,INSM,-6.19,447022000.0,,1.017,4.448,,,,,,,,,,,,,,,None,55126000,55126000,,,,,,None,10331000,,,,,0.0,-0.43,-457696000,-447365000,-1.32,2022-12-31,,342153000.0,190232000,-480151000,1383000,,,None,26446000,None,,None,,,,,-481534000,-481534000,-26446000,None,-1.836,,647553000,-457321000,,,,,3616000,,,,,0.0,40.12,84.87,,,,,,,,-2.648,,,2025-10-29,annual,-1.75,USD,pre-market,397518000,,-0.281,-1.657,0.524,2.348,265784000,,,,123.73,187.98,-32.5758,,,,,,,245358000,,,212.75,60.4
2025-12-28,INSM,-6.19,447022000.0,,1.017,4.448,,,,,,,,,,,,,,,None,44152000,44152000,,,,,,None,14182000,,,,,0.0,-0.43,-397829000,-383647000,-1.32,2021-12-31,,342153000.0,144309000,-436412000,-1758000,,,None,40473000,None,,None,,,,,-434654000,-434654000,-40473000,None,-1.836,,519403000,-375094000,,,,,-20845000,,,,,0.0,40.12,84.87,,,,,,,,-2.648,,,2025-10-29,annual,-1.75,USD,pre-market,272744000,,-0.281,-1.657,0.524,2.348,234273000,,,,123.73,187.98,-32.5758,,,,,,,188461000,,,212.75,60.4
2025-12-28,INSM,-6.19,447022000.0,,1.017,4.448,,,,,,,,,,,,,,,None,39872000,39872000,,,,,,None,14150000,,,,,0.0,-0.43,-264521000,-250371000,-1.32,2020-12-31,,342153000.0,124541000,-292688000,1402000,,,None,29564000,None,,None,,,,,-294090000,-294090000,-29564000,None,-1.836,,389773000,-265232000,,,,,2108000,,,,,0.0,40.12,84.87,,,,,,,,-2.648,,,2025-10-29,annual,-1.75,USD,pre-market,181157000,,-0.281,-1.657,0.524,2.348,203613000,,,,123.73,187.98,-32.5758,,,,,,,164413000,,,212.75,60.4
2025-12-28,INSM,-6.19,447022000.0,,1.017,4.448,,,,,,,,,,,,,,,None,24212000,24212000,,,,,,None,10181000,,,,,0.0,-0.43,-227252000,-217071000,-1.32,2019-12-31,,342153000.0,112255000,-253560000,777000,,,None,27705000,17784000,,None,,,,,-254337000,-254337000,-27705000,None,-1.836,,347500000,-235245000,,,,,9390000,,,,,0.0,40.12,84.87,,,,,,,,-2.648,,,2025-10-29,annual,-1.75,USD,pre-market,131711000,,-0.281,-1.657,0.524,2.348,210796000,,,,123.73,187.98,-32.5758,,,,,,,136467000,,,212.75,60.4
2025-12-28,INSM,-6.19,447022000.0,,1.017,4.448,,,,,,,,,,,,,,,None,2423000,2423000,,,,,,None,4826000,,,,,0.0,-0.43,-300004000,-295178000,-1.32,2018-12-31,,342153000.0,7412000,-324076000,201000,,,None,25472000,15131000,,None,,,,,-324277000,-324277000,-25472000,None,-1.836,,314750000,-307338000,,,,,8734000,,,,,0.0,40.12,84.87,,,,,,,,-2.648,,,2025-10-29,annual,-1.75,USD,pre-market,145283000,,-0.281,-1.657,0.524,2.348,168218000,,,,123.73,187.98,-32.5758,,,,,,,9835000,,,212.75,60.4
2025-12-28,INSM,-6.19,447022000.0,,1.017,4.448,,,,,,,,,,,,,,,None,2901000,2901000,,,,,,None,2901000,,,,,0.0,-0.43,-186996000,-184095000,-1.32,2017-12-31,,342153000.0,-2901000,-192921000,-272000,,,None,5925000,4301000,,None,,,,,-192649000,-192649000,-5925000,None,-1.836,,188920000,-188920000,,,,,1924000,,,,,0.0,40.12,84.87,,,,,,,,-2.648,,,2025-10-29,annual,-1.75,USD,pre-market,109749000,,-0.281,-1.657,0.524,2.348,79171000,,,,123.73,187.98,-32.5758,,,,,,,0,,,212.75,60.4
2025-12-28,INSM,-6.19,447022000.0,,1.017,4.448,,,,,,,,,,,,,,,None,2438000,2438000,,,,,,None,2438000,,,,,0.0,-0.43,-172677000,-170239000,-1.32,2016-12-31,,342153000.0,-2438000,-176175000,98000,,,None,3498000,2894000,,None,,,,,-176273000,-176273000,-3498000,None,-1.836,,173400000,-173400000,,,,,723000,,,,,0.0,40.12,84.87,,,,,,,,-2.648,,,2025-10-29,annual,-1.75,USD,pre-market,122721000,,-0.281,-1.657,0.524,2.348,50679000,,,,123.73,187.98,-32.5758,,,,,,,0,,,212.75,60.4
2025-12-28,INSM,-6.19,447022000.0,,1.017,4.448,,,,,,,,,,,,,,,None,1982000,1982000,,,,,,None,1982000,,,,,0.0,-0.43,-117265000,-115283000,-1.32,2015-12-31,,342153000.0,-1982000,-120154000,-1971000,,,None,2889000,2628000,,None,,,,,-118183000,-118183000,None,None,-1.836,,117493000,-117493000,,,,,228000,,,,,0.0,40.12,84.87,,,,,,,,-2.648,,,2025-10-29,annual,-1.75,USD,pre-market,74277000,,-0.281,-1.657,0.524,2.348,43216000,,,,123.73,187.98,-32.5758,,,,,,,0,,,212.75,60.4
2025-12-28,INSM,-6.19,447022000.0,,1.017,4.448,,,,,,,,,,,,,,,None,33535000,33535000,,,,,,None,1073000,,,,,0.0,-0.43,-87166000,-86093000,-1.32,2014-12-31,,342153000.0,-22035000,-89581000,-10422000,,,None,2415000,None,,None,,,,,-79159000,-79159000,None,None,-1.836,,87365000,-87365000,,,,,199000,,,,,0.0,40.12,84.87,,,,,,,,-2.648,,,2025-10-29,annual,-1.75,USD,pre-market,56292000,,-0.281,-1.657,0.524,2.348,31073000,,,,123.73,187.98,-32.5758,,,,,,,11500000,,,212.75,60.4
2025-12-28,INSM,-6.19,447022000.0,,1.017,4.448,,,,,,,,,,,,,,,None,29644000,29644000,,,,,,None,680000,,,,,0.0,-0.43,-54882000,-54202000,-1.32,2013-12-31,,342153000.0,-18144000,-57294000,-1221000,,,None,2412000,None,,None,,,,,-56073000,-56073000,None,None,-1.836,,66515000,-55015000,,,,,133000,,,,,0.0,40.12,84.87,,,,,,,,-2.648,,,2025-10-29,annual,-1.75,USD,pre-market,44279000,,-0.281,-1.657,0.524,2.348,18627000,,,,123.73,187.98,-32.5758,,,,,,,11500000,,,212.75,60.4
2025-12-28,INSM,-6.19,447022000.0,,1.017,4.448,,,,,,,,,,,,,,,None,21369000,21369000,,,,,,None,561000,,,,,0.0,-0.43,-40611000,-40050000,-1.32,2012-12-31,,342153000.0,-21369000,-41374000,763000,,,None,763000,None,,None,,,,,-41374000,-41374000,None,None,-1.836,,42438000,-42438000,,,,,1827000,,,,,0.0,40.12,84.87,,,,,,,,-2.648,,,2025-10-29,annual,-1.75,USD,pre-market,29781000,,-0.281,-1.657,0.524,2.348,12657000,,,,123.73,187.98,-32.5758,,,,,,,0,,,212.75,60.4
2025-12-28,INSM,-6.19,447022000.0,,1.017,4.448,,,,,,,,,,,,,,,None,39803000,39803000,,,,,,None,343000,,,,,0.0,-0.43,-59654000,-59311000,-1.32,2011-12-31,,342153000.0,4417000,-59664000,9175000,,,None,10000,None,,None,,,,,-59664000,-59664000,None,None,-1.836,,66136000,-61719000,,,,,2065000,,,,,0.0,40.12,84.87,,,,,,,,-2.648,,,2025-10-29,annual,-1.75,USD,pre-market,28623000,,-0.281,-1.657,0.524,2.348,11523000,,,,123.73,187.98,-32.5758,,,,,,,4417000,,,212.75,60.4
2025-12-28,INSM,-6.19,447022000.0,,1.017,4.448,,,,,,,,,,,,,,,None,10159000,10159000,,,,,,None,54000,,,,,0.0,-0.43,-6247000,-6193000,-1.32,2010-12-31,,342153000.0,6921000,-6356000,78000,,,None,109000,None,,None,,,,,-6434000,None,None,None,-1.836,,15013000,-8092000,,,,,None,,,,,0.0,40.12,84.87,,,,,,,,-2.648,,,2025-10-29,annual,-1.75,USD,pre-market,4702000,,-0.281,-1.657,0.524,2.348,10311000,,,,123.73,187.98,-32.5758,,,,,,,6921000,,,212.75,60.4
2025-12-28,INSM,-6.19,447022000.0,,1.017,4.448,,,,,,,,,,,,,,,None,18340000,18340000,,,,,,None,707000,,,,,0.0,-0.43,119608000,120315000,-1.32,2009-12-31,,342153000.0,10373000,118827000,477000,,,None,781000,None,,None,,,,,118350000,None,None,None,-1.836,,19047000,-8674000,,,,,None,,,,,0.0,40.12,84.87,,,,,,,,-2.648,,,2025-10-29,annual,-1.75,USD,pre-market,9207000,,-0.281,-1.657,0.524,2.348,9840000,,,,123.73,187.98,-32.5758,,,,,,,10373000,,,212.75,60.4
2025-12-28,INSM,-6.19,447022000.0,,1.017,4.448,,,,,,,,,,,,,,,None,25067000,25067000,,,,,,None,1043000,,,,,0.0,-0.43,-14411000,-13368000,-1.32,2008-12-31,,342153000.0,11699000,-15667000,1256000,,,None,1256000,None,,None,,,,,-15667000,None,None,None,-1.836,,26110000,-14411000,,,,,None,,,,,0.0,40.12,84.87,,,,,,,,-2.648,,,2025-10-29,annual,-1.75,USD,pre-market,21047000,,-0.281,-1.657,0.524,2.348,5063000,,,,123.73,187.98,-32.5758,,,,,,,11699000,,,212.75,60.4
2025-12-28,INSM,-6.19,447022000.0,,1.017,4.448,,,,,,,,,,,,,,,None,576000,576000,,,,,,None,406000,,,,,0.0,-0.43,-20439000,-20033000,-1.32,2007-12-31,,342153000.0,6953000,-19962000,None,,,None,682000,None,,None,,,,,-19962000,None,None,None,-1.836,,27392000,-20439000,,,,,None,,,,,0.0,40.12,84.87,,,,,,,,-2.648,,,2025-10-29,annual,-1.75,USD,pre-market,18937000,,-0.281,-1.657,0.524,2.348,8455000,,,,123.73,187.98,-32.5758,,,,,,,7529000,,,212.75,60.4
2025-12-28,INSM,-6.19,447022000.0,,1.017,4.448,,,,,,,,,,,,,,,None,1490000,1490000,,,,,,None,3369000,,,,,0.0,-0.43,-54373000,-51004000,-1.32,2006-12-31,,342153000.0,-499000,-56139000,1766000,,,None,3703000,None,,None,,,,,-56139000,None,None,None,-1.836,,53874000,-54373000,,,,,None,,,,,0.0,40.12,84.87,,,,,,,,-2.648,,,2025-10-29,annual,-1.75,USD,pre-market,21089000,,-0.281,-1.657,0.524,2.348,25682000,,,,123.73,187.98,-32.5758,,,,,,,991000,,,212.75,60.4
2025-12-28,INSM,-6.19,447022000.0,,1.017,4.448,,,,,,,,,,,,,,,None,14668000,14668000,,,,,,None,12897000,,,,,0.0,-0.43,-27434000,-14537000,-1.32,2005-12-31,,342153000.0,131000,-40929000,None,,,None,14247000,None,,None,,,,,-40929000,None,None,None,-1.836,,27565000,-27434000,,,,,None,,,,,0.0,40.12,84.87,,,,,,,,-2.648,,,2025-10-29,annual,-1.75,USD,pre-market,21835000,,-0.281,-1.657,0.524,2.348,5730000,,,,123.73,187.98,-32.5758,,,,,,,131000,,,212.75,60.4
2025-12-28,INSM,-6.19,447022000.0,None,1.017,4.448,,36562000,334764000,334764000,,,,,,,,,2126000,211441000,None,14668000,14668000,79591000,None,None,65259000,None,None,12897000,,,,,0.0,-0.43,-27434000,-14537000,-1.32,2025-09-30,136110000,342153000.0,131000,-40929000,None,84588000,84588000,None,14247000,None,120965000,None,None,539719000,None,None,-40929000,None,None,None,-1.836,,27565000,-27434000,65597000,325303000,None,429049000,None,,,,,0.0,40.12,84.87,,,,,,,,-2.648,,None,2025-10-29,quarterly,-1.75,USD,pre-market,21835000,-5308207000,-0.281,-1.657,0.524,2.348,5730000,745076000,12320000,1345222000,123.73,187.98,-32.5758,2360736000,1931807000,417214000,1415165000,428929000,997951000,131000,945571000,None,212.75,60.4
2025-12-28,INSM,-6.19,447022000.0,None,1.017,4.448,,37000000,1284324000,1284324000,,,,,,,,,2111000,189302000,None,14668000,14668000,74054000,None,None,55033000,None,None,12897000,,,,,0.0,-0.43,-27434000,-14537000,-1.32,2025-06-30,136110000,342153000.0,131000,-40929000,None,56126000,56126000,None,14247000,None,107605000,None,None,538508000,None,None,-40929000,None,None,None,-1.836,,27565000,-27434000,62177000,226669000,None,349595000,None,,,,,0.0,40.12,84.87,,,,,,,,-2.648,,None,2025-10-29,quarterly,-1.75,USD,pre-market,21835000,-4938186000,-0.281,-1.657,0.524,2.348,5730000,743338000,10958000,572441000,123.73,187.98,-32.5758,2479857000,2081580000,311681000,1230122000,398277000,918441000,131000,1249735000,None,212.75,60.4
2025-12-28,INSM,-6.19,447022000.0,None,1.017,4.448,,38305000,403247000,403247000,,,,,,,,,1819000,180860000,None,14668000,14668000,57683000,None,None,47746000,None,None,12897000,,,,,0.0,-0.43,-27434000,-14537000,-1.32,2025-03-31,136110000,342153000.0,131000,-40929000,None,57389000,57389000,None,14247000,None,100713000,None,None,1105068000,None,None,-40929000,None,None,None,-1.836,,27565000,-27434000,54782000,171279000,None,327529000,None,,,,,0.0,40.12,84.87,,,,,,,,-2.648,,None,2025-10-29,quarterly,-1.75,USD,pre-market,21835000,-4616500000,-0.281,-1.657,0.524,2.348,5730000,1309593000,10271000,796204000,123.73,187.98,-32.5758,1802735000,1402692000,239233000,1703576000,400043000,1464343000,131000,99159000,None,212.75,60.4
2025-12-28,INSM,-6.19,447022000.0,None,1.017,4.448,,45495000,555030000,555030000,,,,,,,,,1794000,179021000,None,14668000,14668000,73033000,None,None,52012000,None,None,12897000,,,,,0.0,-0.43,-27434000,-14537000,-1.32,2024-12-31,136110000,342153000.0,131000,-40929000,None,58652000,58652000,None,14247000,None,98578000,None,None,1103382000,None,None,-40929000,None,None,None,-1.836,,27565000,-27434000,37245000,207999000,None,305766000,None,,,,,0.0,40.12,84.87,,,,,,,,-2.648,,None,2025-10-29,quarterly,-1.75,USD,pre-market,21835000,-4359917000,-0.281,-1.657,0.524,2.348,5730000,1314121000,16495999,878796000,123.73,187.98,-32.5758,2025231000,1621661000,297528000,1739852000,403570000,1442324000,131000,285379000,None,212.75,60.4
2025-12-28,INSM,-6.19,447022000.0,None,1.017,4.448,,45037000,461451000,461451000,,,,,,,,,1788000,173721000,None,14668000,14668000,64950000,None,None,42317000,None,None,12897000,,,,,0.0,-0.43,-27434000,-14537000,-1.32,2024-09-30,136110000,342153000.0,131000,-40929000,None,59915000,59915000,None,14247000,None,98470000,None,None,954831000,None,None,-40929000,None,None,None,-1.836,,27565000,-27434000,41150000,180011000,None,321005000,None,,,,,0.0,40.12,84.87,,,,,,,,-2.648,,None,2025-10-29,quarterly,-1.75,USD,pre-market,21835000,-4124369000,-0.281,-1.657,0.524,2.348,5730000,1163640000,14227000,1006457000,123.73,187.98,-32.5758,2052972000,1649845000,259188000,1569557000,403127000,1310369000,131000,483415000,None,212.75,60.4
2025-12-28,INSM,-6.19,447022000.0,None,1.017,4.448,,46113000,1246799000,1246799000,,,,,,,,,1667000,154702000,None,14668000,14668000,51363000,None,224448000,40300000,None,None,12897000,,,,,0.0,-0.43,-27434000,-14537000,-1.32,2024-06-30,136110000,342153000.0,131000,-40929000,None,61178000,61178000,None,14247000,None,90063000,None,None,946825000,None,None,-40929000,None,None,None,-1.836,,27565000,-27434000,41022000,235867999,None,263070000,None,,,,,0.0,40.12,84.87,,,,,,,,-2.648,,None,2025-10-29,quarterly,-1.75,USD,pre-market,21835000,-3903845000,-0.281,-1.657,0.524,2.348,5730000,1379376000,236920000,0,123.73,187.98,-32.5758,1810118000,1418184000,524150999,1771300000,391934000,1247149000,131000,38818000,None,212.75,60.4
2025-12-28,INSM,-6.19,447022000.0,None,1.017,4.448,,47433000,595729000,595729000,,,,,,,,,1486000,148456000,None,14668000,14668000,44018000,None,224194000,37162000,None,None,12897000,,,,,0.0,-0.43,-27434000,-14537000,-1.32,2024-03-31,136110000,342153000.0,131000,-40929000,None,62441000,62441000,None,14247000,None,82957000,None,None,939081000,None,None,-40929000,None,None,None,-1.836,,27565000,-27434000,42874000,142324000,None,223833000,None,,,,,0.0,40.12,84.87,,,,,,,,-2.648,,None,2025-10-29,quarterly,-1.75,USD,pre-market,21835000,-3603236000,-0.281,-1.657,0.524,2.348,5730000,1370695000,234518000,0,123.73,187.98,-32.5758,1159095000,758722000,420860000,1623903000,400373000,1203043000,131000,-464808000,None,212.75,60.4
2025-12-28,INSM,-6.19,447022000.0,None,1.017,4.448,,48681000,482374000,482374000,,,,,,,,,1480000,144806000,None,14668000,14668000,65393000,None,None,41189000,None,None,12897000,,,,,0.0,-0.43,-27434000,-14537000,-1.32,2023-12-31,136110000,342153000.0,131000,-40929000,None,63704000,63704000,None,14247000,None,83248000,None,None,1155313000,None,None,-40929000,None,None,None,-1.836,,27565000,-27434000,24179000,146247000,None,242779000,None,,,,,0.0,40.12,84.87,,,,,,,,-2.648,,None,2025-10-29,quarterly,-1.75,USD,pre-market,21835000,-3446145000,-0.281,-1.657,0.524,2.348,5730000,1362375000,13989000,298073000,123.73,187.98,-32.5758,1329837000,929063000,225629000,1661760000,400774000,1436131000,131000,-331923000,None,212.75,60.4
2025-12-28,INSM,-6.19,447022000.0,None,1.017,4.448,,49680000,487113000,487113000,,,,,,,,,1430000,142899000,None,14668000,14668000,65377000,None,None,35579000,None,None,12897000,,,,,0.0,-0.43,-27434000,-14537000,-1.32,2023-09-30,136110000,342153000.0,131000,-40929000,None,64967000,64967000,None,14247000,None,77923000,None,None,1147519000,None,None,-40929000,None,None,None,-1.836,,27565000,-27434000,27123000,122406000,None,229248000,None,,,,,0.0,40.12,84.87,,,,,,,,-2.648,,None,2025-10-29,quarterly,-1.75,USD,pre-market,21835000,-3260084000,-0.281,-1.657,0.524,2.348,5730000,1197199000,8945000,298838000,123.73,187.98,-32.5758,1324873000,926576000,196728000,1614230000,398297000,1417502000,131000,-289357000,None,212.75,60.4
2025-12-28,INSM,-6.19,447022000.0,None,1.017,4.448,,47845000,612882000,612882000,,,,,,,,,1428000,137553000,None,14668000,14668000,55699000,None,None,30947000,None,None,12897000,,,,,0.0,-0.43,-27434000,-14537000,-1.32,2023-06-30,136110000,342153000.0,131000,-40929000,None,66230000,66230000,None,14247000,None,77349000,None,None,1139805000,None,None,-40929000,None,None,None,-1.836,,27565000,-27434000,26360000,141954000,None,250822000,None,,,,,0.0,40.12,84.87,,,,,,,,-2.648,,62113000,2025-10-29,quarterly,-1.75,USD,pre-market,21835000,-3101151000,-0.281,-1.657,0.524,2.348,5730000,1187650000,6604000,304886000,123.73,187.98,-32.5758,1439139000,1052424000,204257000,1594884000,386715000,1390627000,131000,-155745000,None,212.75,60.4
2025-12-28,INSM,-6.19,447022000.0,None,1.017,4.448,,52528000,968907000,968907000,,,,,,,,,1364000,136355000,None,14668000,14668000,56670000,None,None,30523000,None,None,12897000,,,,,0.0,-0.43,-27434000,-14537000,-1.32,2023-03-31,136110000,342153000.0,131000,-40929000,None,67493000,67493000,None,14247000,None,71317000,None,None,1132188000,None,None,-40929000,None,None,None,-1.836,,27565000,-27434000,28542000,122335000,None,242198000,None,,,,,0.0,40.12,84.87,,,,,,,,-2.648,,59556000,2025-10-29,quarterly,-1.75,USD,pre-market,21835000,-2856342000,-0.281,-1.657,0.524,2.348,5730000,1184716000,8979000,29774000,123.73,187.98,-32.5758,1517717000,1129063000,187984000,1562370000,388654000,1374386000,131000,-44653000,None,212.75,60.4
2025-12-28,INSM,-6.19,447022000.0,None,1.017,4.448,,52615000,1074036000,1074036000,,,,,,,,,1357000,132693999,None,14668000,14668000,50461000,None,None,29713000,None,None,12897000,,,,,0.0,-0.43,-27434000,-14537000,-1.32,2022-12-31,136110000,342153000.0,131000,-40929000,None,68756000,68756000,None,14247000,None,69922000,None,None,1125250000,None,0,-40929000,None,None,None,-1.836,,27565000,-27434000,25468000,131656000,None,208502000,None,,,,,0.0,40.12,84.87,,,,,,,,-2.648,,56491000,2025-10-29,quarterly,-1.75,USD,pre-market,21835000,-2696578000,-0.281,-1.657,0.524,2.348,5730000,1177865000,8126000,74244000,123.73,187.98,-32.5758,1656435000,1273383000,190243000,1568484000,383052000,1378241000,131000,87951000,None,212.75,60.4
2025-12-28,INSM,-6.19,447022000.0,None,1.017,4.448,,44976000,414633000,414633000,,,,,,,,,1217000,120789000,None,14668000,14668000,11576000,None,None,27401000,None,None,12897000,,,,,0.0,-0.43,-27434000,-14537000,-1.32,2022-09-30,136110000,342153000.0,131000,-40929000,None,70020000,70020000,None,14247000,None,66276000,None,None,784799000,None,0,-40929000,None,None,None,-1.836,,27565000,-27434000,25193000,120285000,None,102323000,None,,,,,0.0,40.12,84.87,,,,,,,,-2.648,,53684000,2025-10-29,quarterly,-1.75,USD,pre-market,21835000,-2536455000,-0.281,-1.657,0.524,2.348,5730000,829775000,5793000,98662000,123.73,187.98,-32.5758,994817000,632165000,137654000,1024776000,362652000,887122000,131000,-29959000,None,212.75,60.4
2025-12-28,INSM,-6.19,447022000.0,None,1.017,4.448,,46585000,416078000,416078000,,,,,,,,,1199000,119602000,None,14668000,14668000,31144000,None,None,29481000,None,None,12897000,,,,,0.0,-0.43,-27434000,-14537000,-1.32,2022-06-30,136110000,342153000.0,131000,-40929000,None,71283000,71283000,None,14247000,None,67017000,None,None,783977000,None,9764000,-40929000,None,None,None,-1.836,,27565000,-27434000,23360000,77423000,None,111320000,None,,,,,0.0,40.12,84.87,,,,,,,,-2.648,,53946000,2025-10-29,quarterly,-1.75,USD,pre-market,21835000,-2405310000,-0.281,-1.657,0.524,2.348,5730000,830562000,5249000,138790000,123.73,187.98,-32.5758,1053354000,674726000,113816000,1009113000,378628000,895297000,131000,44241000,None,212.75,60.4
2025-12-28,INSM,-6.19,447022000.0,None,1.017,4.448,,53134000,515704000,515704000,,,,,,,,,1193000,118929000,None,14668000,14668000,48571000,None,None,25722000,None,None,12897000,,,,,0.0,-0.43,-27434000,-14537000,-1.32,2022-03-31,136110000,342153000.0,131000,-40929000,None,72546000,72546000,None,14247000,None,64145000,None,None,783156000,None,29551000,-40929000,None,None,None,-1.836,,27565000,-27434000,31154000,66928000,None,125030000,None,,,,,0.0,40.12,84.87,,,,,,,,-2.648,,52676000,2025-10-29,quarterly,-1.75,USD,pre-market,21835000,-2309665000,-0.281,-1.657,0.524,2.348,5730000,836290000,9750000,119415000,123.73,187.98,-32.5758,1153315000,756140000,125249000,1033435000,397175000,908186000,131000,119880000,None,212.75,60.4
2025-12-28,INSM,-6.19,447022000.0,None,1.017,4.448,,45680000,716782000,716782000,,,,,,,,,1187000,118502000,None,14668000,14668000,35784000,None,None,24351000,None,None,12897000,,,,,0.0,-0.43,-27434000,-14537000,-1.32,2021-12-31,136110000,342153000.0,131000,-40929000,None,73809000,73809000,None,14247000,None,67009000,None,None,566588000,None,50043000,-40929000,None,None,None,-1.836,,27565000,-27434000,28898000,89246000,None,131286000,None,,,,,0.0,40.12,84.87,,,,,,,,-2.648,,52955000,2025-10-29,quarterly,-1.75,USD,pre-market,21835000,-2265243000,-0.281,-1.657,0.524,2.348,5730000,612268000,10136000,None,123.73,187.98,-32.5758,1243508000,837040000,135166000,833040000,406468000,697874000,131000,410468000,None,212.75,60.4
2025-12-28,INSM,-6.19,447022000.0,None,1.017,4.448,,43602000,846556000,846556000,,,,,,,,,1184000,117092000,None,14668000,14668000,23531000,None,None,19317000,None,None,12897000,,,,,0.0,-0.43,-27434000,-14537000,-1.32,2021-09-30,136110000,342153000.0,131000,-40929000,None,75071000,75071000,None,14247000,None,67453000,None,None,557604000,None,None,-40929000,None,None,None,-1.836,,27565000,-27434000,25655000,81820000,None,100372000,None,,,,,0.0,40.12,84.87,,,,,,,,-2.648,,94007000,2025-10-29,quarterly,-1.75,USD,pre-market,21835000,-2152265000,-0.281,-1.657,0.524,2.348,5730000,601206000,7150000,None,123.73,187.98,-32.5758,1311771000,958981000,112501000,806929000,352790000,694428000,131000,504842000,None,212.75,60.4
2025-12-28,INSM,-6.19,447022000.0,None,1.017,4.448,,44606000,928327000,928327000,,,,,,,,,1152000,109580000,None,14668000,14668000,31081000,None,None,18417000,None,None,12897000,,,,,0.0,-0.43,-27434000,-14537000,-1.32,2021-06-30,None,342153000.0,131000,-40929000,None,46735000,46735000,None,14247000,None,60385000,None,None,548745000,None,None,-40929000,None,None,None,-1.836,,27565000,-27434000,31066000,61492000,None,12806000,None,,,,,0.0,40.12,84.87,,,,,,,,-2.648,,95616000,2025-10-29,quarterly,-1.75,USD,pre-market,21835000,-2039551000,-0.281,-1.657,0.524,2.348,5730000,593351000,7083000,None,123.73,187.98,-32.5758,1229783000,1038195000,99656000,698730000,191588000,599074000,131000,531053000,None,212.75,60.4
2025-12-28,INSM,-6.19,447022000.0,None,1.017,4.448,,46022000,409751000,409751000,,,,,,,,,1033000,103040000,None,14668000,14668000,22422000,None,None,17628000,None,None,12897000,,,,,0.0,-0.43,-27434000,-14537000,-1.32,2021-03-31,None,342153000.0,131000,-40929000,None,47998000,47998000,None,14247000,None,52060000,None,None,361575000,None,None,-40929000,None,None,None,-1.836,,27565000,-27434000,21565000,51438000,None,47783000,None,,,,,0.0,40.12,84.87,,,,,,,,-2.648,,52684000,2025-10-29,quarterly,-1.75,USD,pre-market,21835000,-1922230000,-0.281,-1.657,0.524,2.348,5730000,407597000,7537000,None,123.73,187.98,-32.5758,692391000,501004000,81397000,490755000,191387000,409358000,131000,201636000,None,212.75,60.4
2025-12-28,INSM,-6.19,447022000.0,None,1.017,4.448,,48524000,532756000,532756000,,,,,,,,,1028000,102297000,None,14668000,14668000,42853000,None,None,16562000,None,None,12897000,,,,,0.0,-0.43,-27434000,-14537000,-1.32,2020-12-31,49261000,342153000.0,131000,-40929000,None,49261000,49261000,None,14247000,None,49592000,None,None,356318000,None,None,-40929000,None,None,None,-1.836,,27565000,-27434000,23982000,63398000,None,45146000,None,,,,,0.0,40.12,84.87,,,,,,,,-2.648,,53953000,2025-10-29,quarterly,-1.75,USD,pre-market,21835000,-1830589000,-0.281,-1.657,0.524,2.348,5730000,404842000,12556000,None,123.73,187.98,-32.5758,796155000,622892000,118807000,520271000,173263000,401464000,131000,275884000,None,212.75,60.4
2025-12-28,INSM,-6.19,447022000.0,None,1.017,4.448,,48524000,588753000,588753000,,,,,,,,,1018000,101615000,None,14668000,14668000,22147000,None,None,15196000,None,None,12897000,,,,,0.0,-0.43,-27434000,-14537000,-1.32,2020-09-30,49937000,342153000.0,131000,-40929000,None,49937000,49937000,None,14247000,None,43483000,None,None,351127000,None,None,-40929000,None,None,None,-1.836,,27565000,-27434000,19717000,51432000,None,48625000,None,,,,,0.0,40.12,84.87,,,,,,,,-2.648,,55314000,2025-10-29,quarterly,-1.75,USD,pre-market,21835000,-1728376000,-0.281,-1.657,0.524,2.348,5730000,399651000,10323000,None,123.73,187.98,-32.5758,840715000,667149000,83902000,483654000,173566000,399752000,131000,357061000,None,212.75,60.4
2025-12-28,INSM,-6.19,447022000.0,None,1.017,4.448,,52758000,641911000,641911000,,,,,,,,,1014000,96633000,None,14668000,14668000,25005000,None,None,15173000,None,None,12897000,,,,,0.0,-0.43,-27434000,-14537000,-1.32,2020-06-30,51185000,342153000.0,131000,-40929000,None,51185000,51185000,None,14247000,None,35473000,None,None,346001000,None,None,-40929000,None,None,None,-1.836,,27565000,-27434000,14755000,44945000,None,55292000,None,,,,,0.0,40.12,84.87,,,,,,,,-2.648,,56826000,2025-10-29,quarterly,-1.75,USD,pre-market,21835000,-1664717000,-0.281,-1.657,0.524,2.348,5730000,398759000,8804000,None,123.73,187.98,-32.5758,885365000,707312000,78754000,480047000,178053000,401293000,131000,405318000,None,212.75,60.4
2025-12-28,INSM,-6.19,447022000.0,None,1.017,4.448,,58023000,428942000,428942000,,,,,,,,,899000,89779000,None,14668000,14668000,18188000,None,None,17154000,None,None,12897000,,,,,0.0,-0.43,-27434000,-14537000,-1.32,2020-03-31,52433000,342153000.0,131000,-40929000,None,52433000,52433000,None,14247000,None,30645000,None,None,340939000,None,None,-40929000,None,None,None,-1.836,,27565000,-27434000,15769000,41714000,None,57353000,None,,,,,0.0,40.12,84.87,,,,,,,,-2.648,,58638000,2025-10-29,quarterly,-1.75,USD,pre-market,21835000,-1602863000,-0.281,-1.657,0.524,2.348,5730000,398962000,11630000,None,123.73,187.98,-32.5758,676525000,492510000,71532000,469824000,184015000,398292000,131000,206701000,None,212.75,60.4
2025-12-28,INSM,-6.19,447022000.0,None,1.017,4.448,,61098000,487429000,487429000,,,,,,,,,897000,89466000,None,14668000,14668000,13184000,None,None,19232000,None,None,12897000,,,,,0.0,-0.43,-27434000,-14537000,-1.32,2019-12-31,53682000,342153000.0,131000,-40929000,None,53682000,53682000,None,14247000,None,28313000,None,None,335940000,None,None,-40929000,None,None,None,-1.836,,27565000,-27434000,20220000,59795000,None,59445000,None,,,,,0.0,40.12,84.87,,,,,,,,-2.648,,60180000,2025-10-29,quarterly,-1.75,USD,pre-market,21835000,-1536499000,-0.281,-1.657,0.524,2.348,5730000,397038000,12261000,None,123.73,187.98,-32.5758,742299000,555194000,85240000,480625000,187105000,395385000,131000,261674000,None,212.75,60.4
2025-12-28,INSM,-6.19,447022000.0,None,1.017,4.448,,43402000,535632000,535632000,,,,,,,,,893000,89245000,None,14668000,14668000,20415000,None,None,15346000,None,None,12897000,,,,,0.0,-0.43,-27434000,-14537000,-1.32,2019-09-30,54930000,342153000.0,131000,-40929000,None,54930000,54930000,None,14247000,None,23313000,None,None,331003000,None,None,-40929000,None,None,None,-1.836,,27565000,-27434000,21313000,52992000,None,42681000,None,,,,,0.0,40.12,84.87,,,,,,,,-2.648,,52991000,2025-10-29,quarterly,-1.75,USD,pre-market,21835000,-1483511000,-0.281,-1.657,0.524,2.348,5730000,374405000,11985000,None,123.73,187.98,-32.5758,763117000,595604000,85392000,459076000,167513000,373684000,131000,304041000,None,212.75,60.4
2025-12-28,INSM,-6.19,447022000.0,None,1.017,4.448,,42714000,601260000,601260000,,,,,,,,,892000,81806000,None,14668000,14668000,17031000,None,None,11638000,None,None,12897000,,,,,0.0,-0.43,-27434000,-14537000,-1.32,2019-06-30,56179000,342153000.0,131000,-40929000,None,56179000,56179000,None,14247000,None,20160000,None,None,326128000,None,None,-40929000,None,None,None,-1.836,,27565000,-27434000,15856000,59815000,None,34052000,None,,,,,0.0,40.12,84.87,,,,,,,,-2.648,,38913000,2025-10-29,quarterly,-1.75,USD,pre-market,21835000,-1422829000,-0.281,-1.657,0.524,2.348,5730000,368842000,9184000,None,123.73,187.98,-32.5758,802783000,648914000,86030000,446210000,153869000,360180000,131000,356573000,None,212.75,60.4
2025-12-28,INSM,-6.19,447022000.0,None,1.017,4.448,,45068000,420231000,420231000,,,,,,,,,776000,77541000,None,14668000,14668000,30223000,None,9359000,9347000,None,None,12897000,,,,,0.0,-0.43,-27434000,-14537000,-1.32,2019-03-31,57427000,342153000.0,131000,-40929000,None,57427000,57427000,None,14247000,None,12682000,None,None,321313000,None,None,-40929000,None,None,None,-1.836,,27565000,-27434000,12372000,54670000,None,36213000,None,,,,,0.0,40.12,84.87,,,,,,,,-2.648,,27933000,2025-10-29,quarterly,-1.75,USD,pre-market,21835000,-1356315000,-0.281,-1.657,0.524,2.348,5730000,366381000,9359000,None,123.73,187.98,-32.5758,595915000,454632000,94252000,451778000,141283000,357526000,131000,144137000,None,212.75,60.4
2025-12-28,INSM,-6.19,447022000.0,None,1.017,4.448,,None,495072000,495072000,,,,,,,,,773000,77096000,None,14668000,14668000,17741000,None,None,5515000,None,None,12897000,,,,,0.0,-0.43,-27434000,-14537000,-1.32,2018-12-31,58675000,342153000.0,131000,-40929000,None,58675000,58675000,None,14247000,None,7032000,None,None,316558000,None,None,-40929000,None,None,None,-1.836,,27565000,-27434000,11327000,61991000,None,None,None,,,,,0.0,40.12,84.87,,,,,,,,-2.648,,22636000,2025-10-29,quarterly,-1.75,USD,pre-market,21835000,-1282162000,-0.281,-1.657,0.524,2.348,5730000,316558000,None,None,123.73,187.98,-32.5758,604556000,518946000,79732000,396290000,85610000,316558000,131000,208266000,None,212.75,60.4
2025-12-28,INSM,-6.19,447022000.0,None,1.017,4.448,,None,567574000,567574000,,,,,,,,,771000,77066000,None,14668000,14668000,16579000,None,None,None,None,None,12897000,,,,,0.0,-0.43,-27434000,-14537000,-1.32,2018-09-30,59941000,342153000.0,131000,-40929000,None,59941000,59941000,None,14247000,None,None,None,None,311861000,None,None,-40929000,None,None,None,-1.836,,27565000,-27434000,9921000,40840000,None,826000,None,,,,,0.0,40.12,84.87,,,,,,,,-2.648,,19526000,2025-10-29,quarterly,-1.75,USD,pre-market,21835000,-1190589000,-0.281,-1.657,0.524,2.348,5730000,311861000,None,None,123.73,187.98,-32.5758,661513000,577495000,57419000,370106000,84018000,312687000,131000,291407000,None,212.75,60.4
2025-12-28,INSM,-6.19,447022000.0,None,1.017,4.448,,None,634329000,634329000,,,,,,,,,770000,76767000,None,14668000,14668000,15966000,None,307156000,None,None,None,12897000,,,,,0.0,-0.43,-27434000,-14537000,-1.32,2018-06-30,58200000,342153000.0,131000,-40929000,None,58200000,58200000,None,14247000,None,0,None,None,307156000,None,None,-40929000,None,None,None,-1.836,,27565000,-27434000,10929000,29676000,None,805000,None,,,,,0.0,40.12,84.87,,,,,,,,-2.648,,17881000,2025-10-29,quarterly,-1.75,USD,pre-market,21835000,-1102846000,-0.281,-1.657,0.524,2.348,5730000,307156000,307156000,0,123.73,187.98,-32.5758,724244000,645258000,45642000,353603000,78986000,307961000,131000,370641000,0,212.75,60.4
2025-12-28,INSM,-6.19,447022000.0,None,1.017,4.448,,None,686581000,686581000,,,,,,,,,766000,76619000,None,14668000,14668000,13176000,None,302706000,None,None,None,12897000,,,,,0.0,-0.43,-27434000,-14537000,-1.32,2018-03-31,58200000,342153000.0,131000,-40929000,None,58200000,58200000,None,14247000,None,0,None,None,302706000,None,None,-40929000,None,None,None,-1.836,,27565000,-27434000,9832000,21630000,None,785000,None,,,,,0.0,40.12,84.87,,,,,,,,-2.648,,15816000,2025-10-29,quarterly,-1.75,USD,pre-market,21835000,-1026409000,-0.281,-1.657,0.524,2.348,5730000,302706000,302706000,0,123.73,187.98,-32.5758,773153000,696413000,34806000,338297000,76740000,303491000,131000,434856000,0,212.75,60.4
2025-12-28,INSM,-6.19,447022000.0,None,1.017,4.448,,None,381165000,381165000,,,,,,,,,766000,76596000,None,14668000,14668000,14671000,None,55567000,None,None,None,12897000,,,,,0.0,-0.43,-27434000,-14537000,-1.32,2017-12-31,58200000,342153000.0,131000,-40929000,None,58200000,58200000,None,14247000,None,0,None,None,55567000,None,None,-40929000,None,None,None,-1.836,,27565000,-27434000,8279000,29985000,None,765000,None,,,,,0.0,40.12,84.87,,,,,,,,-2.648,,12432000,2025-10-29,quarterly,-1.75,USD,pre-market,21835000,-957885000,-0.281,-1.657,0.524,2.348,5730000,55567000,55567000,0,123.73,187.98,-32.5758,462047000,389444000,44656000,100988000,72603000,56332000,131000,361059000,0,212.75,60.4
2025-12-28,INSM,-6.19,447022000.0,None,1.017,4.448,,None,430678000,430678000,,,,,,,,,766000,65312000,None,14668000,14668000,9348000,None,55388000,None,None,None,12897000,,,,,0.0,-0.43,-27434000,-14537000,-1.32,2017-09-30,58200000,342153000.0,131000,-40929000,None,58200000,58200000,None,14247000,None,0,None,None,55388000,None,None,-40929000,None,None,None,-1.836,,27565000,-27434000,6802000,19418000,None,747000,None,,,,,0.0,40.12,84.87,,,,,,,,-2.648,,8975000,2025-10-29,quarterly,-1.75,USD,pre-market,21835000,-892501000,-0.281,-1.657,0.524,2.348,5730000,55388000,55388000,0,123.73,187.98,-32.5758,506206000,437480000,28766000,84901000,68726000,56135000,131000,421305000,0,212.75,60.4
2025-12-28,INSM,-6.19,447022000.0,None,1.017,4.448,,None,91064000,91064000,,,,,,,,,624000,62209000,None,14668000,14668000,11030000,None,55194000,None,None,None,12897000,,,,,0.0,-0.43,-27434000,-14537000,-1.32,2017-06-30,58200000,342153000.0,131000,-40929000,None,58200000,58200000,None,14247000,None,0,None,None,55194000,None,None,-40929000,None,None,None,-1.836,,27565000,-27434000,5470000,15242000,None,729000,None,,,,,0.0,40.12,84.87,,,,,,,,-2.648,,9234000,2025-10-29,quarterly,-1.75,USD,pre-market,21835000,-847322000,-0.281,-1.657,0.524,2.348,5730000,55194000,55194000,0,123.73,187.98,-32.5758,165640000,96534000,26272000,82195000,69106000,55923000,131000,83445000,0,212.75,60.4
2025-12-28,INSM,-6.19,447022000.0,None,1.017,4.448,,None,125839000,125839000,,,,,,,,,621000,62041000,None,14668000,14668000,8454000,None,None,None,None,None,12897000,,,,,0.0,-0.43,-27434000,-14537000,-1.32,2017-03-31,58200000,342153000.0,131000,-40929000,None,58200000,58200000,None,14247000,None,0,None,None,54993000,None,None,-40929000,None,None,None,-1.836,,27565000,-27434000,5785000,14817000,None,711000,None,,,,,0.0,40.12,84.87,,,,,,,,-2.648,,9807000,2025-10-29,quarterly,-1.75,USD,pre-market,21835000,-802650000,-0.281,-1.657,0.524,2.348,5730000,54993000,None,0,123.73,187.98,-32.5758,200659000,131624000,23271000,78975000,69035000,55704000,131000,121684000,0,212.75,60.4
2025-12-28,INSM,-6.19,447022000.0,None,1.017,4.448,,None,162591000,162591000,,,,,,,,,620000,61955000,None,14668000,14668000,10439000,None,54791000,None,None,None,12897000,,,,,0.0,-0.43,-27434000,-14537000,-1.32,2016-12-31,58200000,342153000.0,131000,-40929000,None,58200000,58200000,None,14247000,None,0,None,None,54791000,None,None,-40929000,None,None,None,-1.836,,27565000,-27434000,5816000,17550000,None,693000,None,,,,,0.0,40.12,84.87,,,,,,,,-2.648,,10020000,2025-10-29,quarterly,-1.75,USD,pre-market,21835000,-765236000,-0.281,-1.657,0.524,2.348,5730000,54791000,54791000,0,123.73,187.98,-32.5758,237956000,168407000,27989000,83473000,69549000,55484000,131000,154483000,0,212.75,60.4
2025-12-28,INSM,-6.19,447022000.0,None,1.017,4.448,,None,200518000,200518000,,,,,,,,,619000,61878000,None,14668000,14668000,8283000,None,None,None,None,None,12897000,,,,,0.0,-0.43,-27434000,-14537000,-1.32,2016-09-30,58200000,342153000.0,131000,-40929000,None,58200000,58200000,None,14247000,None,0,None,None,34681000,None,None,-40929000,None,None,None,-1.836,,27565000,-27434000,5778000,15175000,None,676000,None,,,,,0.0,40.12,84.87,,,,,,,,-2.648,,10274000,2025-10-29,quarterly,-1.75,USD,pre-market,21835000,-696834000,-0.281,-1.657,0.524,2.348,5730000,34681000,None,0,123.73,187.98,-32.5758,276644000,206296000,23458000,58815000,70348000,35357000,131000,217829000,0,212.75,60.4
2025-12-28,INSM,-6.19,447022000.0,None,1.017,4.448,,None,223109000,223109000,,,,,,,,,619000,61878000,None,14668000,14668000,9402000,None,8689000,None,None,None,12897000,,,,,0.0,-0.43,-27434000,-14537000,-1.32,2016-06-30,58200000,342153000.0,131000,-40929000,None,58200000,58200000,None,14247000,None,0,None,None,16136000,None,None,-40929000,None,None,None,-1.836,,27565000,-27434000,6201000,14229000,None,660000,None,,,,,0.0,40.12,84.87,,,,,,,,-2.648,,9793000,2025-10-29,quarterly,-1.75,USD,pre-market,21835000,-659074000,-0.281,-1.657,0.524,2.348,5730000,24825000,8689000,0,123.73,187.98,-32.5758,299677000,229310000,32320000,49116000,70367000,16796000,131000,250561000,0,212.75,60.4
2025-12-28,INSM,-6.19,447022000.0,None,1.017,4.448,,None,252872000,252872000,,,,,,,,,619000,61858000,None,14668000,14668000,8688000,None,None,None,None,None,12897000,,,,,0.0,-0.43,-27434000,-14537000,-1.32,2016-03-31,58200000,342153000.0,131000,-40929000,None,58200000,58200000,None,14247000,None,0,None,None,19114000,None,None,-40929000,None,None,None,-1.836,,27565000,-27434000,5618000,11181000,None,586000,None,,,,,0.0,40.12,84.87,,,,,,,,-2.648,,8899000,2025-10-29,quarterly,-1.75,USD,pre-market,21835000,-622495000,-0.281,-1.657,0.524,2.348,5730000,24788000,5674000,0,123.73,187.98,-32.5758,327706000,258490000,25543000,45243000,69216000,19700000,131000,282463000,0,212.75,60.4
2025-12-28,INSM,-6.19,447022000.0,None,1.017,4.448,,None,282876000,282876000,,,,,,,,,618000,61805000,None,14668000,14668000,7468000,None,3113000,None,None,None,12897000,,,,,0.0,-0.43,-27434000,-14537000,-1.32,2015-12-31,58200000,342153000.0,131000,-40929000,None,58200000,58200000,None,14247000,None,0,None,None,22027000,None,None,-40929000,None,None,None,-1.836,,27565000,-27434000,5242000,11678000,None,572000,None,,,,,0.0,40.12,84.87,,,,,,,,-2.648,,8092000,2025-10-29,quarterly,-1.75,USD,pre-market,21835000,-588963000,-0.281,-1.657,0.524,2.348,5730000,25140000,3113000,0,123.73,187.98,-32.5758,356556000,288118000,22259000,44858000,68438000,22599000,131000,311698000,0,212.75,60.4
2025-12-28,INSM,-6.19,447022000.0,None,1.017,4.448,,None,310969000,310969000,,,,,,,,,618000,61774000,None,14668000,14668000,10857000,None,None,None,None,None,12897000,,,,,0.0,-0.43,-27434000,-14537000,-1.32,2015-09-30,58200000,342153000.0,131000,-40929000,None,58200000,58200000,None,14247000,None,0,None,None,0,None,None,-40929000,None,None,None,-1.836,,27565000,-27434000,8289000,10585000,None,44000,None,,,,,0.0,40.12,84.87,,,,,,,,-2.648,,8052000,2025-10-29,quarterly,-1.75,USD,pre-market,21835000,-557718000,-0.281,-1.657,0.524,2.348,5730000,25256000,25256000,0,123.73,187.98,-32.5758,385741000,319258000,46698000,46742000,66483000,44000,131000,338999000,0,212.75,60.4
2025-12-28,INSM,-6.19,447022000.0,None,1.017,4.448,,None,335027000,335027000,,,,,,,,,617000,60833000,None,14668000,14668000,8681000,None,None,None,None,None,12897000,,,,,0.0,-0.43,-27434000,-14537000,-1.32,2015-06-30,58200000,342153000.0,131000,-40929000,None,58200000,58200000,None,14247000,None,0,None,None,0,None,None,-40929000,None,None,None,-1.836,,27565000,-27434000,7062000,9263000,None,102000,None,,,,,0.0,40.12,84.87,,,,,,,,-2.648,,7989000,2025-10-29,quarterly,-1.75,USD,pre-market,21835000,-526756000,-0.281,-1.657,0.524,2.348,5730000,25123000,25123000,0,123.73,187.98,-32.5758,408509000,342089000,43067000,43169000,66420000,102000,131000,365340000,0,212.75,60.4
2025-12-28,INSM,-6.19,447022000.0,None,1.017,4.448,,None,134554000,134554000,,,,,,,,,500000,49957000,None,14668000,14668000,7860000,None,None,None,None,None,12897000,,,,,0.0,-0.43,-27434000,-14537000,-1.32,2015-03-31,58200000,342153000.0,131000,-40929000,None,58200000,58200000,None,14247000,None,0,None,None,0,None,None,-40929000,None,None,None,-1.836,,27565000,-27434000,5689000,8276000,None,162000,None,,,,,0.0,40.12,84.87,,,,,,,,-2.648,,7292000,2025-10-29,quarterly,-1.75,USD,pre-market,21835000,-498149000,-0.281,-1.657,0.524,2.348,5730000,24989000,24989000,0,123.73,187.98,-32.5758,206152000,140243000,41125000,41287000,65909000,162000,131000,164865000,0,212.75,60.4
2025-12-28,INSM,-6.19,447022000.0,None,1.017,4.448,,None,159226000,159226000,,,,,,,,,498000,49662000,None,14668000,14668000,9249000,None,24856000,None,None,None,12897000,,,,,0.0,-0.43,-27434000,-14537000,-1.32,2014-12-31,58200000,342153000.0,131000,-40929000,None,58200000,58200000,None,14247000,None,0,None,None,24856000,None,None,-40929000,None,None,None,-1.836,,27565000,-27434000,5488000,10381000,None,141000,None,,,,,0.0,40.12,84.87,,,,,,,,-2.648,,7534000,2025-10-29,quarterly,-1.75,USD,pre-market,21835000,-470780000,-0.281,-1.657,0.524,2.348,5730000,24856000,24856000,0,123.73,187.98,-32.5758,230864000,164714000,19630000,44627000,66150000,24997000,131000,186237000,0,212.75,60.4
2025-12-28,INSM,-6.19,447022000.0,None,1.017,4.448,,None,167311000,167311000,,,,,,,,,496000,44082000,None,14668000,14668000,8867000,None,None,None,None,None,12897000,,,,,0.0,-0.43,-27434000,-14537000,-1.32,2014-09-30,58200000,342153000.0,131000,-40929000,None,58200000,58200000,None,14247000,None,0,None,None,14713000,None,None,-40929000,None,None,None,-1.836,,27565000,-27434000,3532000,7217000,None,185000,None,,,,,0.0,40.12,84.87,,,,,,,,-2.648,,5982000,2025-10-29,quarterly,-1.75,USD,pre-market,21835000,-453133000,-0.281,-1.657,0.524,2.348,5730000,19907000,5194000,0,123.73,187.98,-32.5758,235443000,170843000,21278000,36176000,64600000,14898000,131000,199267000,0,212.75,60.4
2025-12-28,INSM,-6.19,447022000.0,None,1.017,4.448,,None,82697000,82697000,,,,,,,,,393000,39273000,None,14668000,14668000,11407000,None,None,None,None,None,12897000,,,,,0.0,-0.43,-27434000,-14537000,-1.32,2014-06-30,58200000,342153000.0,131000,-40929000,None,58200000,58200000,None,14247000,None,0,None,None,16494000,None,None,-40929000,None,None,None,-1.836,,27565000,-27434000,4015000,7098000,None,250000,None,,,,,0.0,40.12,84.87,,,,,,,,-2.648,,4778000,2025-10-29,quarterly,-1.75,USD,pre-market,21835000,-429143000,-0.281,-1.657,0.524,2.348,5730000,19807000,3313000,0,123.73,187.98,-32.5758,150110000,86712000,21818000,38562000,63398000,16744000,131000,111548000,0,212.75,60.4
2025-12-28,INSM,-6.19,447022000.0,None,1.017,4.448,,None,101251000,101251000,,,,,,,,,393000,39240000,None,14668000,14668000,9818000,None,None,None,None,None,12897000,,,,,0.0,-0.43,-27434000,-14537000,-1.32,2014-03-31,58200000,342153000.0,131000,-40929000,None,58200000,58200000,None,14247000,None,0,None,None,14569000,None,None,-40929000,None,None,None,-1.836,,27565000,-27434000,4958000,4945000,None,315000,None,,,,,0.0,40.12,84.87,,,,,,,,-2.648,,1977000,2025-10-29,quarterly,-1.75,USD,pre-market,21835000,-405919000,-0.281,-1.657,0.524,2.348,5730000,19804000,5235000,0,123.73,187.98,-32.5758,166620000,106209000,19998000,34882000,60411000,14884000,131000,131738000,0,212.75,60.4
2025-12-28,INSM,-6.19,447022000.0,None,1.017,4.448,,None,113894000,113894000,,,,,,,,,391000,39240000,None,14668000,14668000,5929000,None,None,None,None,None,12897000,,,,,0.0,-0.43,-27434000,-14537000,-1.32,2013-12-31,58200000,342153000.0,131000,-40929000,None,58200000,58200000,None,14247000,None,0,None,None,16338000,None,None,-40929000,None,None,None,-1.836,,27565000,-27434000,2269000,7180000,None,380000,None,,,,,0.0,40.12,84.87,,,,,,,,-2.648,,1812000,2025-10-29,quarterly,-1.75,USD,pre-market,21835000,-391621000,-0.281,-1.657,0.524,2.348,5730000,19685000,3347000,0,123.73,187.98,-32.5758,176498000,116163000,16456000,33174000,60335000,16718000,131000,143324000,0,212.75,60.4
2025-12-28,INSM,-6.19,447022000.0,None,1.017,4.448,,16000,128025000,128025000,,,,,,,,,391000,37389000,None,14668000,14668000,4661000,None,None,None,None,None,12897000,,,,,0.0,-0.43,-27434000,-14537000,-1.32,2013-09-30,58200000,342153000.0,131000,-40929000,None,58200000,58200000,None,14247000,None,0,None,None,12538000,None,None,-40929000,None,None,None,-1.836,,27565000,-27434000,1720000,8042000,None,449000,None,,,,,0.0,40.12,84.87,,,,,,,,-2.648,,1904000,2025-10-29,quarterly,-1.75,USD,pre-market,21835000,-375407000,-0.281,-1.657,0.524,2.348,5730000,19673000,7119000,0,123.73,187.98,-32.5758,189950000,129745000,19822000,32825000,60205000,13003000,131000,157125000,0,212.75,60.4
2025-12-28,INSM,-6.19,447022000.0,None,1.017,4.448,,32000,74588000,74588000,,,,,,,,,320000,31754000,None,14668000,14668000,7865000,None,None,None,None,None,12897000,,,,,0.0,-0.43,-27434000,-14537000,-1.32,2013-06-30,58200000,342153000.0,131000,-40929000,None,58200000,58200000,None,14247000,None,0,None,None,14894000,None,None,-40929000,None,None,None,-1.836,,27565000,-27434000,1783000,5517000,None,514000,None,,,,,0.0,40.12,84.87,,,,,,,,-2.648,,1855000,2025-10-29,quarterly,-1.75,USD,pre-market,21835000,-358080000,-0.281,-1.657,0.524,2.348,5730000,19645000,4719000,2195000,123.73,187.98,-32.5758,138725000,78566000,18101000,33541000,60159000,15440000,131000,105184000,0,212.75,60.4
2025-12-28,INSM,-6.19,447022000.0,None,1.017,4.448,,48000,79434000,79434000,,,,,,,,,316000,31554000,None,14668000,14668000,8184000,None,None,None,None,None,12897000,,,,,0.0,-0.43,-27434000,-14537000,-1.32,2013-03-31,58200000,342153000.0,131000,-40929000,None,58200000,58200000,None,14247000,None,0,None,None,14511000,None,None,-40929000,None,None,None,-1.836,,27565000,-27434000,1418000,7130000,None,580000,None,,,,,0.0,40.12,84.87,,,,,,,,-2.648,,1681000,2025-10-29,quarterly,-1.75,USD,pre-market,21835000,-349226000,-0.281,-1.657,0.524,2.348,5730000,19517000,4958000,2173000,123.73,187.98,-32.5758,143016000,83025000,20272000,35411000,59991000,15139000,131000,107605000,0,212.75,60.4
2025-12-28,INSM,-6.19,447022000.0,None,1.017,4.448,,None,90782000,90782000,,,,,,,,,315000,31554000,None,14668000,14668000,7060000,None,None,None,None,None,12897000,,,,,0.0,-0.43,-27434000,-14537000,-1.32,2012-12-31,58200000,342153000.0,131000,-40929000,None,58200000,58200000,None,14247000,None,0,None,None,16221000,None,None,-40929000,None,None,None,-1.836,,27565000,-27434000,643000,5584000,None,647000,None,,,,,0.0,40.12,84.87,,,,,,,,-2.648,,1666000,2025-10-29,quarterly,-1.75,USD,pre-market,21835000,-335548000,-0.281,-1.657,0.524,2.348,5730000,19388000,3103000,2153000,123.73,187.98,-32.5758,153561000,93578000,15747000,32679000,59983000,16932000,131000,120882000,0,212.75,60.4
2025-12-28,INSM,-6.19,447022000.0,None,1.017,4.448,,None,44989000,44989000,,,,,,,,,312000,25013000,None,14668000,14668000,2985000,None,None,None,None,None,12897000,,,,,0.0,-0.43,-27434000,-14537000,-1.32,2012-09-30,58200000,342153000.0,131000,-40929000,None,58200000,58200000,None,14247000,None,0,None,None,8583000,None,None,-40929000,None,None,None,-1.836,,27565000,-27434000,605000,2708000,None,717000,None,,,,,0.0,40.12,84.87,,,,,,,,-2.648,,1647000,2025-10-29,quarterly,-1.75,USD,pre-market,21835000,-320095000,-0.281,-1.657,0.524,2.348,5730000,9284000,701000,44759000,123.73,187.98,-32.5758,152457000,90353000,6545000,15845000,62104000,9300000,131000,136612000,0,212.75,60.4
2025-12-28,INSM,-6.19,447022000.0,None,1.017,4.448,,None,28575000,28575000,,,,,,,,,249000,24875000,None,14668000,14668000,3198000,None,None,None,None,None,12897000,,,,,0.0,-0.43,-27434000,-14537000,-1.32,2012-06-30,58200000,342153000.0,131000,-40929000,None,58200000,58200000,None,14247000,None,0,None,None,9066000,None,None,-40929000,None,None,None,-1.836,,27565000,-27434000,715000,3019000,None,784000,None,,,,,0.0,40.12,84.87,,,,,,,,-2.648,,1758000,2025-10-29,quarterly,-1.75,USD,pre-market,21835000,-310714000,-0.281,-1.657,0.524,2.348,5730000,9967000,117000,44560000,123.73,187.98,-32.5758,136052000,73850000,6486000,16336000,62202000,9850000,131000,119716000,0,212.75,60.4
2025-12-28,INSM,-6.19,447022000.0,None,1.017,4.448,,None,22043000,22043000,,,,,,,,,249000,24860000,None,14668000,14668000,2879000,None,None,757000,None,None,12897000,,,,,0.0,-0.43,-27434000,-14537000,-1.32,2012-03-31,58200000,342153000.0,131000,-40929000,None,58200000,58200000,None,14247000,None,0,None,None,131000,None,None,-40929000,None,None,None,-1.836,,27565000,-27434000,178000,988000,None,852000,None,,,,,0.0,40.12,84.87,,,,,,,,-2.648,,1867000,2025-10-29,quarterly,-1.75,USD,pre-market,21835000,-301018000,-0.281,-1.657,0.524,2.348,5730000,1098000,115000,48739000,123.73,187.98,-32.5758,133253000,70960000,4136000,5119000,62293000,983000,131000,128134000,0,212.75,60.4
2025-12-28,INSM,-6.19,447022000.0,None,1.017,4.448,,None,14848000,14848000,,,,,,,,,248000,24860000,None,14668000,14668000,2334000,None,None,757000,None,None,12897000,,,,,0.0,-0.43,-27434000,-14537000,-1.32,2011-12-31,58200000,342153000.0,131000,-40929000,None,58200000,58200000,None,14247000,None,0,None,None,166000,None,None,-40929000,None,None,None,-1.836,,27565000,-27434000,370000,2029000,None,923000,None,,,,,0.0,40.12,84.87,,,,,,,,-2.648,,1937000,2025-10-29,quarterly,-1.75,USD,pre-market,21835000,-294174000,-0.281,-1.657,0.524,2.348,5730000,280000,114000,61424000,123.73,187.98,-32.5758,139833000,77399000,4477000,5566000,62434000,1089000,131000,134267000,0,212.75,60.4
2025-12-28,INSM,-6.19,447022000.0,None,1.017,4.448,,None,10449000,10449000,,,,,,,,,248000,24833000,None,14668000,14668000,1504000,None,None,440000,None,None,12897000,,,,,0.0,-0.43,-27434000,-14537000,-1.32,2011-09-30,58200000,342153000.0,131000,-40929000,None,58200000,58200000,None,14247000,None,0,None,None,45000,None,None,-40929000,None,None,None,-1.836,,27565000,-27434000,343000,1548000,None,None,None,,,,,0.0,40.12,84.87,,,,,,,,-2.648,,1424000,2025-10-29,quarterly,-1.75,USD,pre-market,21835000,-286011000,-0.281,-1.657,0.524,2.348,5730000,100000,55000,72751000,123.73,187.98,-32.5758,146069000,83983000,3682000,3727000,62086000,45000,131000,142342000,0,212.75,60.4
2025-12-28,INSM,-6.19,447022000.0,None,1.017,4.448,,None,9839000,9839000,,,,,,,,,248000,24830000,None,14668000,14668000,1921000,None,None,303000,None,None,12897000,,,,,0.0,-0.43,-27434000,-14537000,-1.32,2011-06-30,6290000,342153000.0,131000,-40929000,None,77900000,77900000,None,14247000,None,None,None,None,58000,None,None,-40929000,None,None,None,-1.836,,27565000,-27434000,354000,1162000,None,None,None,,,,,0.0,40.12,84.87,,,,,,,,-2.648,,1016000,2025-10-29,quarterly,-1.75,USD,pre-market,21835000,-251422000,-0.281,-1.657,0.524,2.348,5730000,122000,64000,82123000,123.73,187.98,-32.5758,180288000,92619000,3492000,3550000,87669000,58000,131000,176738000,None,212.75,60.4
2025-12-28,INSM,-6.19,447022000.0,None,1.017,4.448,,None,22100000,22100000,,,,,,,,,248000,18814000,None,14668000,14668000,3082000,None,None,169000,None,None,12897000,,,,,0.0,-0.43,-27434000,-14537000,-1.32,2011-03-31,6290000,342153000.0,131000,-40929000,None,77900000,77900000,None,14247000,None,None,None,None,71000,None,None,-40929000,None,None,None,-1.836,,27565000,-27434000,169000,915000,None,None,None,,,,,0.0,40.12,84.87,,,,,,,,-2.648,,1042000,2025-10-29,quarterly,-1.75,USD,pre-market,21835000,-241404000,-0.281,-1.657,0.524,2.348,5730000,143000,72000,80624000,123.73,187.98,-32.5758,190470000,103062000,4463000,4666000,87408000,203000,131000,185804000,None,212.75,60.4
2025-12-28,INSM,-6.19,447022000.0,None,1.017,4.448,,None,10743000,10743000,,,,,,,,,1565000,18814000,None,14668000,14668000,1450000,None,None,471000,None,None,12897000,,,,,0.0,-0.43,-27434000,-14537000,-1.32,2010-12-31,6290000,342153000.0,131000,-40929000,None,84190000,84190000,None,14247000,None,None,None,None,83000,None,None,-40929000,None,None,None,-1.836,,27565000,-27434000,277000,1256000,None,None,None,,,,,0.0,40.12,84.87,,,,,,,,-2.648,,1102000,2025-10-29,quarterly,-1.75,USD,pre-market,21835000,-234510000,-0.281,-1.657,0.524,2.348,5730000,164000,81000,97306000,123.73,187.98,-32.5758,196265000,108797000,3339000,3422000,87468000,83000,131000,192843000,None,212.75,60.4
2025-12-28,INSM,-6.19,447022000.0,None,1.017,4.448,,None,9700000,9700000,,,,,,,,,1300000,13030000,None,14668000,14668000,400000,None,None,200000,None,None,12897000,,,,,0.0,-0.43,-27434000,-14537000,-1.32,2010-09-30,None,342153000.0,131000,-40929000,None,None,None,None,14247000,None,None,None,None,None,None,None,-40929000,None,None,None,-1.836,,27565000,-27434000,400000,31000,None,None,None,,,,,0.0,40.12,84.87,,,,,,,,-2.648,,None,2025-10-29,quarterly,-1.75,USD,pre-market,21835000,-228700000,-0.281,-1.657,0.524,2.348,5730000,None,None,114600000,123.73,187.98,-32.5758,127000000,124900000,2300000,2300000,2100000,1763000,131000,124700000,None,212.75,60.4
2025-12-28,INSM,-6.19,447022000.0,None,1.017,4.448,,None,11316000,11316000,,,,,,,,,1303000,13025000,None,14668000,14668000,912000,None,None,190000,None,None,12897000,,,,,0.0,-0.43,-27434000,-14537000,-1.32,2010-06-30,None,342153000.0,131000,-40929000,None,None,None,None,14247000,None,None,None,None,None,None,None,-40929000,None,None,None,-1.836,,27565000,-27434000,341000,1536000,None,None,None,,,,,0.0,40.12,84.87,,,,,,,,-2.648,,None,2025-10-29,quarterly,-1.75,USD,pre-market,21835000,-228336000,-0.281,-1.657,0.524,2.348,5730000,None,None,113472000,123.73,187.98,-32.5758,127404000,125319000,3018000,3018000,2085000,1668000,131000,124386000,None,212.75,60.4
2025-12-28,INSM,-6.19,447022000.0,None,1.017,4.448,,None,19364000,19364000,,,,,,,,,1302000,13055000,None,14668000,14668000,433000,None,None,2212000,None,None,12897000,,,,,0.0,-0.43,-27434000,-14537000,-1.32,2010-03-31,None,342153000.0,131000,-40929000,None,None,None,None,14247000,None,None,None,None,None,None,None,-40929000,None,None,None,-1.836,,27565000,-27434000,82000,1421000,None,None,None,,,,,0.0,40.12,84.87,,,,,,,,-2.648,,None,2025-10-29,quarterly,-1.75,USD,pre-market,21835000,-227958000,-0.281,-1.657,0.524,2.348,5730000,208000,208000,103147000,123.73,187.98,-32.5758,126890000,124805000,2463000,2463000,2085000,1553000,131000,124427000,None,212.75,60.4
2025-12-28,INSM,-6.19,447022000.0,None,1.017,4.448,,None,12740000,12740000,,,,,,,,,1302000,13020800,None,14668000,14668000,312000,None,None,2268000,None,None,12897000,,,,,0.0,-0.43,-27434000,-14537000,-1.32,2009-12-31,None,342153000.0,131000,-40929000,None,None,None,None,14247000,None,None,None,None,None,None,None,-40929000,None,None,None,-1.836,,27565000,-27434000,159000,1731000,None,None,None,,,,,0.0,40.12,84.87,,,,,,,,-2.648,,None,2025-10-29,quarterly,-1.75,USD,pre-market,21835000,-228076000,-0.281,-1.657,0.524,2.348,5730000,208000,208000,109441000,123.73,187.98,-32.5758,126695000,124608000,2781000,2781000,2087000,None,131000,123914000,None,212.75,60.4
2025-12-28,INSM,-6.19,447022000.0,None,1.017,4.448,,None,26838000,26838000,,,,,,,,,1302000,12944200,None,14668000,14668000,581000,None,None,319000,None,None,12897000,,,,,0.0,-0.43,-27434000,-14537000,-1.32,2009-09-30,None,342153000.0,131000,-40929000,None,None,None,None,14247000,None,-121746000,None,None,None,None,None,-40929000,None,None,None,-1.836,,27565000,-27434000,236000,1647000,None,None,None,,,,,0.0,40.12,84.87,,,,,,,,-2.648,,None,2025-10-29,quarterly,-1.75,USD,pre-market,21835000,-230382000,-0.281,-1.657,0.524,2.348,5730000,397000,397000,95144000,123.73,187.98,-32.5758,124629000,122537000,3584000,3584000,2092000,None,131000,121045000,None,212.75,60.4
2025-12-28,INSM,-6.19,447022000.0,None,1.017,4.448,,None,36400000,36400000,,,,,,,,,1294000,12617800,None,14668000,14668000,711000,None,None,211000,None,None,12897000,,,,,0.0,-0.43,-27434000,-14537000,-1.32,2009-06-30,None,342153000.0,131000,-40929000,None,None,None,None,14247000,None,-36255000,None,None,None,None,None,-40929000,None,None,None,-1.836,,27565000,-27434000,122991000,1708000,None,None,None,,,,,0.0,40.12,84.87,,,,,,,,-2.648,,None,2025-10-29,quarterly,-1.75,USD,pre-market,21835000,-230232000,-0.281,-1.657,0.524,2.348,5730000,574000,574000,86480000,123.73,187.98,-32.5758,125300000,123202000,4616000,4616000,2098000,None,131000,120684000,None,212.75,60.4
2025-12-28,INSM,-6.19,447022000.0,None,1.017,4.448,,None,127500000,127500000,,,,,,,,,1250000,12269800,None,14668000,14668000,2667000,None,None,114000,None,None,12897000,,,,,0.0,-0.43,-27434000,-14537000,-1.32,2009-03-31,None,342153000.0,131000,-40929000,None,None,None,None,14247000,None,-127470000,None,None,None,None,None,-40929000,None,None,None,-1.836,,27565000,-27434000,127570000,5853000,None,None,None,,,,,0.0,40.12,84.87,,,,,,,,-2.648,,None,2025-10-29,quarterly,-1.75,USD,pre-market,21835000,-228631000,-0.281,-1.657,0.524,2.348,5730000,1735000,1735000,252000,123.73,187.98,-32.5758,129820000,127684000,13384000,13384000,2136000,2704000,131000,116436000,None,212.75,60.4
2025-12-28,INSM,-6.19,447022000.0,None,1.017,4.448,,None,2145000,2145000,,,,,,,,,1225000,12252200,None,14668000,14668000,1277000,None,None,122000,None,None,12897000,,,,,0.0,-0.43,-27434000,-14537000,-1.32,2008-12-31,None,342153000.0,131000,-40929000,None,None,None,None,14247000,None,None,None,None,487000,None,None,-40929000,None,None,None,-1.836,,27565000,-27434000,74000,1515000,None,None,None,,,,,0.0,40.12,84.87,,,,,,,,-2.648,,None,2025-10-29,quarterly,-1.75,USD,pre-market,21835000,-346426000,-0.281,-1.657,0.524,2.348,5730000,2102000,1615000,252000,123.73,187.98,-32.5758,4758000,2593000,4877000,7581000,2165000,2704000,131000,-2823000,None,212.75,60.4
2025-12-28,INSM,-6.19,447022000.0,None,1.017,4.448,,None,5771000,5771000,,,,,,,,,1223000,12231400,None,14668000,14668000,1117000,None,None,72000,None,None,12897000,,,,,0.0,-0.43,-27434000,-14537000,-1.32,2008-09-30,None,342153000.0,131000,-40929000,None,None,None,None,14247000,None,None,None,None,820000,None,None,-40929000,None,None,None,-1.836,,27565000,-27434000,118000,1442000,None,None,None,,,,,0.0,40.12,84.87,,,,,,,,-2.648,,None,2025-10-29,quarterly,-1.75,USD,pre-market,21835000,-342462000,-0.281,-1.657,0.524,2.348,5730000,2447000,1627000,3497000,123.73,187.98,-32.5758,8148000,5961000,4377000,7414000,2187000,3037000,131000,734000,None,212.75,60.4
2025-12-28,INSM,-6.19,447022000.0,None,1.017,4.448,,None,9447000,9447000,,,,,,,,,1223000,12198900,None,14668000,14668000,1088000,None,None,50000,None,None,12897000,,,,,0.0,-0.43,-27434000,-14537000,-1.32,2008-06-30,None,342153000.0,131000,-40929000,None,None,None,None,14247000,None,None,None,None,1346000,None,None,-40929000,None,None,None,-1.836,,27565000,-27434000,193000,3183000,None,None,None,,,,,0.0,40.12,84.87,,,,,,,,-2.648,,None,2025-10-29,quarterly,-1.75,USD,pre-market,21835000,-340299000,-0.281,-1.657,0.524,2.348,5730000,2773000,1427000,8068000,123.73,187.98,-32.5758,11956000,9690000,5698000,9261000,2266000,3563000,131000,2695000,None,212.75,60.4
2025-12-28,INSM,-6.19,447022000.0,None,1.017,4.448,,None,12030000,12030000,,,,,,,,,1219000,12190400,None,14668000,14668000,804000,None,None,327000,None,None,12897000,,,,,0.0,-0.43,-27434000,-14537000,-1.32,2008-03-31,None,342153000.0,131000,-40929000,None,None,None,None,14247000,None,None,None,None,1735000,None,None,-40929000,None,None,None,-1.836,,27565000,-27434000,110000,1720000,None,None,None,,,,,0.0,40.12,84.87,,,,,,,,-2.648,,None,2025-10-29,quarterly,-1.75,USD,pre-market,21835000,-335632000,-0.281,-1.657,0.524,2.348,5730000,3081000,1346000,7324000,123.73,187.98,-32.5758,14812000,12467000,3870000,7822000,2345000,3952000,131000,6990000,None,212.75,60.4
2025-12-28,INSM,-6.19,447022000.0,None,1.017,4.448,,None,16479000,16479000,,,,,,,,,1219000,12190400,None,14668000,14668000,904000,None,None,250000,None,None,12897000,,,,,0.0,-0.43,-27434000,-14537000,-1.32,2007-12-31,None,342153000.0,131000,-40929000,None,None,None,None,14247000,None,None,None,None,2113000,None,None,-40929000,None,None,None,-1.836,,27565000,-27434000,244000,1517000,None,None,None,,,,,0.0,40.12,84.87,,,,,,,,-2.648,,4000,2025-10-29,quarterly,-1.75,USD,pre-market,21835000,-330759000,-0.281,-1.657,0.524,2.348,5730000,3374000,1261000,12925000,123.73,187.98,-32.5758,19500000,16973000,3682000,8012000,2527000,4330000,131000,11488000,None,212.75,60.4
2025-12-28,INSM,-6.19,447022000.0,None,1.017,4.448,,None,18913000,18913000,,,,,,,,,1217000,12170800,None,14668000,14668000,736000,None,None,25000,None,None,12897000,,,,,0.0,-0.43,-27434000,-14537000,-1.32,2007-09-30,None,342153000.0,131000,-40929000,None,None,None,None,14247000,None,492000,None,None,2261000,None,None,-40929000,None,None,None,-1.836,,27565000,-27434000,731000,1962000,None,None,None,,,,,0.0,40.12,84.87,,,,,,,,-2.648,,4000,2025-10-29,quarterly,-1.75,USD,pre-market,21835000,-327465000,-0.281,-1.657,0.524,2.348,5730000,3391000,1130000,492000,123.73,187.98,-32.5758,22582000,19669000,3828000,8158000,2913000,4330000,131000,14424000,None,212.75,60.4
2025-12-28,INSM,-6.19,447022000.0,None,1.017,4.448,,None,22259000,22259000,,,,,,,,,1217000,11357700,None,14668000,14668000,681000,None,None,None,None,None,12897000,,,,,0.0,-0.43,-27434000,-14537000,-1.32,2007-06-30,None,342153000.0,131000,-40929000,None,None,None,None,14247000,None,None,None,None,2574000,None,None,-40929000,None,None,None,-1.836,,27565000,-27434000,704000,1733000,None,None,None,,,,,0.0,40.12,84.87,,,,,,,,-2.648,,5000,2025-10-29,quarterly,-1.75,USD,pre-market,21835000,-323551000,-0.281,-1.657,0.524,2.348,5730000,3310000,736000,493000,123.73,187.98,-32.5758,25923000,22963000,3150000,7645000,2960000,4495000,131000,18278000,None,212.75,60.4
2025-12-28,INSM,-6.19,447022000.0,None,1.017,4.448,,None,12036000,12036000,,,,,,,,,1013000,10132800,None,14668000,14668000,4251000,None,None,111000,None,None,12897000,,,,,0.0,-0.43,-27434000,-14537000,-1.32,2007-03-31,None,342153000.0,131000,-40929000,None,None,None,None,14247000,None,493000,None,None,3234000,None,None,-40929000,None,None,None,-1.836,,27565000,-27434000,528000,2759000,None,None,None,,,,,0.0,40.12,84.87,,,,,,,,-2.648,,7000,2025-10-29,quarterly,-1.75,USD,pre-market,21835000,-321050000,-0.281,-1.657,0.524,2.348,5730000,3234000,None,493000,123.73,187.98,-32.5758,15708000,12675000,7010000,12017000,3033000,5007000,131000,3691000,None,212.75,60.4
2025-12-28,INSM,-6.19,447022000.0,None,1.017,4.448,,None,24112000,24112000,,,,,,,,,1013000,10132800,None,14668000,14668000,7187000,None,None,241000,None,None,12897000,,,,,0.0,-0.43,-27434000,-14537000,-1.32,2006-12-31,None,342153000.0,131000,-40929000,None,None,None,None,14247000,None,576000,None,None,3161000,None,None,-40929000,None,None,None,-1.836,,27565000,-27434000,494000,2494000,None,None,None,,,,,0.0,40.12,84.87,,,,,,,,-2.648,,8000,2025-10-29,quarterly,-1.75,USD,pre-market,21835000,-310797000,-0.281,-1.657,0.524,2.348,5730000,3161000,None,407000,123.73,187.98,-32.5758,28348000,25423000,9681000,14468000,2925000,4787000,131000,13880000,None,212.75,60.4
2025-12-28,INSM,-6.19,447022000.0,None,1.017,4.448,,None,34989000,34989000,,,,,,,,,1002000,10023100,None,14668000,14668000,3784000,None,None,250000,None,None,12897000,,,,,0.0,-0.43,-27434000,-14537000,-1.32,2006-09-30,None,342153000.0,131000,-40929000,None,None,None,None,14247000,None,1821000,None,None,3624000,None,None,-40929000,None,None,None,-1.836,,27565000,-27434000,424000,2442000,None,None,None,,,,,0.0,40.12,84.87,,,,,,,,-2.648,,4513000,2025-10-29,quarterly,-1.75,USD,pre-market,21835000,-289369000,-0.281,-1.657,0.524,2.348,5730000,3624000,None,None,123.73,187.98,-32.5758,45081000,37484000,6226000,11328000,7597000,5102000,131000,33753000,None,212.75,60.4
2025-12-28,INSM,-6.19,447022000.0,None,1.017,4.448,,None,48356000,48356000,,,,,,,,,1002000,10015200,None,14668000,14668000,2884000,None,None,105000,None,None,12897000,,,,,0.0,-0.43,-27434000,-14537000,-1.32,2006-06-30,None,342153000.0,131000,-40929000,None,None,None,None,14247000,None,1797000,None,None,3547000,None,None,-40929000,None,None,None,-1.836,,27565000,-27434000,475000,3192000,None,None,None,,,,,0.0,40.12,84.87,,,,,,,,-2.648,,3029000,2025-10-29,quarterly,-1.75,USD,pre-market,21835000,-276996000,-0.281,-1.657,0.524,2.348,5730000,3547000,None,None,123.73,187.98,-32.5758,56854000,50733000,6076000,10953000,6121000,4877000,131000,45901000,None,212.75,60.4
2025-12-28,INSM,-6.19,447022000.0,None,1.017,4.448,,None,59207000,59207000,,,,,,,,,1001000,7998700,None,14668000,14668000,2243000,None,None,None,None,None,12897000,,,,,0.0,-0.43,-27434000,-14537000,-1.32,2006-03-31,None,342153000.0,131000,-40929000,None,None,None,None,14247000,None,None,None,None,3474000,None,None,-40929000,None,None,None,-1.836,,27565000,-27434000,318000,1162000,None,None,None,,,,,0.0,40.12,84.87,,,,,,,,-2.648,,15000,2025-10-29,quarterly,-1.75,USD,pre-market,21835000,-268085000,-0.281,-1.657,0.524,2.348,5730000,3474000,None,None,123.73,187.98,-32.5758,62640000,59525000,3405000,8061000,3115000,4656000,131000,54579000,None,212.75,60.4
2025-12-28,INSM,-6.19,447022000.0,None,1.017,4.448,,None,18835000,18835000,,,,,,,,,665000,7998700,None,14668000,14668000,968000,None,None,None,None,None,12897000,,,,,0.0,-0.43,-27434000,-14537000,-1.32,2005-12-31,None,342153000.0,131000,-40929000,None,None,None,None,14247000,None,None,None,None,6437000,None,None,-40929000,None,None,None,-1.836,,27565000,-27434000,368000,3902000,None,None,None,,,,,0.0,40.12,84.87,,,,,,,,-2.648,,17000,2025-10-29,quarterly,-1.75,USD,pre-market,21835000,-254658000,-0.281,-1.657,0.524,2.348,5730000,6437000,None,285000,123.73,187.98,-32.5758,22870000,19203000,4870000,12341000,3667000,7471000,131000,10529000,None,212.75,60.4
2025-12-28,INSM,-6.19,447022000.0,None,1.017,4.448,,None,20676000,20676000,,,,,,,,,535000,4779900,None,14668000,14668000,1994000,None,None,None,None,None,12897000,,,,,0.0,-0.43,-27434000,-14537000,-1.32,2005-09-30,None,342153000.0,131000,-40929000,None,None,None,None,14247000,None,None,None,None,14500000,None,None,-40929000,None,None,None,-1.836,,27565000,-27434000,417000,2025000,None,None,None,,,,,0.0,40.12,84.87,,,,,,,,-2.648,,20000,2025-10-29,quarterly,-1.75,USD,pre-market,21835000,-241773000,-0.281,-1.657,0.524,2.348,5730000,24176000,None,None,123.73,187.98,-32.5758,25741000,21093000,4019000,19453000,4648000,15434000,131000,6288000,None,212.75,60.4
2025-12-28,INSM,-6.19,447022000.0,None,1.017,4.448,,45495000,555030000,555030000,,,,,,,,,1794000,164043000,None,14668000,14668000,73033000,None,None,52012000,None,None,12897000,,,,,0.0,-0.43,-27434000,-14537000,-1.32,2024-12-31,136110000,342153000.0,131000,-40929000,None,58652000,58652000,None,14247000,None,98578000,None,None,1103382000,None,None,-40929000,None,None,None,-1.836,,27565000,-27434000,37245000,207999000,None,305766000,None,,,,,0.0,40.12,84.87,,,,,,,,-2.648,,None,2025-10-29,annual,-1.75,USD,pre-market,21835000,-4359917000,-0.281,-1.657,0.524,2.348,5730000,1314121000,16495999,878796000,123.73,187.98,-32.5758,2025231000,1621661000,297528000,1739852000,403570000,1442324000,131000,285379000,None,212.75,60.4
2025-12-28,INSM,-6.19,447022000.0,None,1.017,4.448,,48681000,482374000,482374000,,,,,,,,,1480000,140433000,None,14668000,14668000,65393000,None,None,41189000,None,None,12897000,,,,,0.0,-0.43,-27434000,-14537000,-1.32,2023-12-31,136110000,342153000.0,131000,-40929000,None,63704000,63704000,None,14247000,None,83248000,None,None,1155313000,None,None,-40929000,None,None,None,-1.836,,27565000,-27434000,24179000,149594000,None,242779000,None,,,,,0.0,40.12,84.87,,,,,,,,-2.648,,None,2025-10-29,annual,-1.75,USD,pre-market,21835000,-3446145000,-0.281,-1.657,0.524,2.348,5730000,1203994000,10642000,298073000,123.73,187.98,-32.5758,1329837000,929063000,225629000,1661760000,400774000,1436131000,131000,-331923000,None,212.75,60.4
2025-12-28,INSM,-6.19,447022000.0,None,1.017,4.448,,52615000,1074036000,1074036000,,,,,,,,,1357000,123035000,None,14668000,14668000,50461000,None,None,29713000,None,None,12897000,,,,,0.0,-0.43,-27434000,-14537000,-1.32,2022-12-31,136110000,342153000.0,131000,-40929000,None,68756000,68756000,None,14247000,None,69922000,None,None,1125250000,None,0,-40929000,None,None,None,-1.836,,27565000,-27434000,25468000,131656000,None,208502000,None,,,,,0.0,40.12,84.87,,,,,,,,-2.648,,56491000,2025-10-29,annual,-1.75,USD,pre-market,21835000,-2696578000,-0.281,-1.657,0.524,2.348,5730000,1177865000,8126000,74244000,123.73,187.98,-32.5758,1656435000,1273383000,190243000,1568484000,383052000,1378241000,131000,87951000,None,212.75,60.4
2025-12-28,INSM,-6.19,447022000.0,None,1.017,4.448,,45680000,716782000,716782000,,,,,,,,,1187000,112111000,None,14668000,14668000,35784000,None,None,24351000,None,None,12897000,,,,,0.0,-0.43,-27434000,-14537000,-1.32,2021-12-31,136110000,342153000.0,131000,-40929000,None,73809000,73809000,None,14247000,None,67009000,None,None,566588000,None,50043000,-40929000,None,None,None,-1.836,,27565000,-27434000,28898000,89246000,None,131286000,None,,,,,0.0,40.12,84.87,,,,,,,,-2.648,,52955000,2025-10-29,annual,-1.75,USD,pre-market,21835000,-2265243000,-0.281,-1.657,0.524,2.348,5730000,612268000,10136000,0,123.73,187.98,-32.5758,1243508000,837040000,135166000,833040000,406468000,697874000,131000,410468000,None,212.75,60.4
2025-12-28,INSM,-6.19,447022000.0,None,1.017,4.448,,48524000,532756000,532756000,,,,,,,,,1028000,97605000,None,14668000,14668000,42853000,None,None,16562000,None,None,12897000,,,,,0.0,-0.43,-27434000,-14537000,-1.32,2020-12-31,49261000,342153000.0,131000,-40929000,None,49261000,49261000,None,14247000,None,49592000,None,None,356318000,None,0,-40929000,None,None,None,-1.836,,27565000,-27434000,23982000,63398000,None,45146000,None,,,,,0.0,40.12,84.87,,,,,,,,-2.648,,53953000,2025-10-29,annual,-1.75,USD,pre-market,21835000,-1830589000,-0.281,-1.657,0.524,2.348,5730000,404842000,12556000,None,123.73,187.98,-32.5758,796155000,622892000,118807000,520271000,173263000,401464000,131000,275884000,None,212.75,60.4
2025-12-28,INSM,-6.19,447022000.0,None,1.017,4.448,,61098000,487429000,487429000,,,,,,,,,897000,84560000,None,14668000,14668000,13184000,None,None,19232000,None,None,12897000,,,,,0.0,-0.43,-27434000,-14537000,-1.32,2019-12-31,53682000,342153000.0,131000,-40929000,None,53682000,53682000,None,14247000,None,28313000,None,None,335940000,None,None,-40929000,None,None,None,-1.836,,27565000,-27434000,20220000,59795000,None,59445000,None,,,,,0.0,40.12,84.87,,,,,,,,-2.648,,60180000,2025-10-29,annual,-1.75,USD,pre-market,21835000,-1536499000,-0.281,-1.657,0.524,2.348,5730000,397038000,12261000,None,123.73,187.98,-32.5758,742299000,555194000,85240000,480625000,187105000,395385000,131000,261674000,None,212.75,60.4
2025-12-28,INSM,-6.19,447022000.0,None,1.017,4.448,,None,495072000,495072000,,,,,,,,,773000,76889000,None,14668000,14668000,17741000,None,None,5515000,None,None,12897000,,,,,0.0,-0.43,-27434000,-14537000,-1.32,2018-12-31,58675000,342153000.0,131000,-40929000,None,58675000,58675000,None,14247000,None,7032000,None,None,316558000,None,None,-40929000,None,None,None,-1.836,,27565000,-27434000,11327000,61991000,None,None,None,,,,,0.0,40.12,84.87,,,,,,,,-2.648,,22636000,2025-10-29,annual,-1.75,USD,pre-market,21835000,-1282162000,-0.281,-1.657,0.524,2.348,5730000,316558000,None,None,123.73,187.98,-32.5758,604556000,518946000,79732000,396290000,85610000,316558000,131000,208266000,None,212.75,60.4
2025-12-28,INSM,-6.19,447022000.0,None,1.017,4.448,,None,381165000,381165000,,,,,,,,,766000,66576000,None,14668000,14668000,14671000,None,55567000,None,None,None,12897000,,,,,0.0,-0.43,-27434000,-14537000,-1.32,2017-12-31,58200000,342153000.0,131000,-40929000,None,58200000,58200000,None,14247000,None,0,None,None,55567000,None,None,-40929000,None,None,None,-1.836,,27565000,-27434000,8279000,29985000,None,765000,None,,,,,0.0,40.12,84.87,,,,,,,,-2.648,,12432000,2025-10-29,annual,-1.75,USD,pre-market,21835000,-957885000,-0.281,-1.657,0.524,2.348,5730000,55567000,55567000,0,123.73,187.98,-32.5758,462047000,389444000,44656000,100988000,72603000,56332000,131000,361059000,0,212.75,60.4
2025-12-28,INSM,-6.19,447022000.0,None,1.017,4.448,,None,162591000,162591000,,,,,,,,,620000,61892000,None,14668000,14668000,10439000,None,54791000,None,None,None,12897000,,,,,0.0,-0.43,-27434000,-14537000,-1.32,2016-12-31,58200000,342153000.0,131000,-40929000,None,58200000,58200000,None,14247000,None,0,None,None,54791000,None,None,-40929000,None,None,None,-1.836,,27565000,-27434000,5816000,17550000,None,693000,None,,,,,0.0,40.12,84.87,,,,,,,,-2.648,,10020000,2025-10-29,annual,-1.75,USD,pre-market,21835000,-765236000,-0.281,-1.657,0.524,2.348,5730000,54791000,54791000,0,123.73,187.98,-32.5758,237956000,168407000,27989000,83473000,69549000,55484000,131000,154483000,0,212.75,60.4
2025-12-28,INSM,-6.19,447022000.0,None,1.017,4.448,,None,282876000,282876000,,,,,,,,,618000,58633000,None,14668000,14668000,7468000,None,3113000,None,None,None,12897000,,,,,0.0,-0.43,-27434000,-14537000,-1.32,2015-12-31,58200000,342153000.0,131000,-40929000,None,58200000,58200000,None,14247000,None,0,None,None,22027000,None,None,-40929000,None,None,None,-1.836,,27565000,-27434000,5242000,11678000,None,572000,None,,,,,0.0,40.12,84.87,,,,,,,,-2.648,,8092000,2025-10-29,annual,-1.75,USD,pre-market,21835000,-588963000,-0.281,-1.657,0.524,2.348,5730000,25140000,3113000,0,123.73,187.98,-32.5758,356556000,288118000,22259000,44858000,68438000,22599000,131000,311698000,0,212.75,60.4
2025-12-28,INSM,-6.19,447022000.0,None,1.017,4.448,,None,159226000,159226000,,,,,,,,,498000,43095000,None,14668000,14668000,9249000,None,24856000,None,None,None,12897000,,,,,0.0,-0.43,-27434000,-14537000,-1.32,2014-12-31,58200000,342153000.0,131000,-40929000,None,58200000,58200000,None,14247000,None,0,None,None,24856000,None,None,-40929000,None,None,None,-1.836,,27565000,-27434000,5488000,10381000,None,141000,None,,,,,0.0,40.12,84.87,,,,,,,,-2.648,,7534000,2025-10-29,annual,-1.75,USD,pre-market,21835000,-470780000,-0.281,-1.657,0.524,2.348,5730000,24856000,24856000,0,123.73,187.98,-32.5758,230864000,164714000,19630000,44627000,66150000,24997000,131000,186237000,0,212.75,60.4
2025-12-28,INSM,-6.19,447022000.0,None,1.017,4.448,,None,113894000,113894000,,,,,,,,,391000,34980000,None,14668000,14668000,5929000,None,None,None,None,None,12897000,,,,,0.0,-0.43,-27434000,-14537000,-1.32,2013-12-31,58200000,342153000.0,131000,-40929000,None,58200000,58200000,None,14247000,None,0,None,None,16338000,None,None,-40929000,None,None,None,-1.836,,27565000,-27434000,2269000,7180000,None,380000,None,,,,,0.0,40.12,84.87,,,,,,,,-2.648,,1812000,2025-10-29,annual,-1.75,USD,pre-market,21835000,-391621000,-0.281,-1.657,0.524,2.348,5730000,19685000,3347000,0,123.73,187.98,-32.5758,176498000,116163000,16456000,33174000,60335000,16718000,131000,143324000,0,212.75,60.4
2025-12-28,INSM,-6.19,447022000.0,None,1.017,4.448,,None,90782000,90782000,,,,,,,,,315000,26545000,None,14668000,14668000,7060000,None,None,None,None,None,12897000,,,,,0.0,-0.43,-27434000,-14537000,-1.32,2012-12-31,58200000,342153000.0,131000,-40929000,None,58200000,58200000,None,14247000,None,0,None,None,16221000,None,None,-40929000,None,None,None,-1.836,,27565000,-27434000,643000,5584000,None,647000,None,,,,,0.0,40.12,84.87,,,,,,,,-2.648,,1666000,2025-10-29,annual,-1.75,USD,pre-market,21835000,-335548000,-0.281,-1.657,0.524,2.348,5730000,19388000,3103000,2153000,123.73,187.98,-32.5758,153561000,93578000,15747000,32679000,59983000,16932000,131000,120882000,0,212.75,60.4
2025-12-28,INSM,-6.19,447022000.0,None,1.017,4.448,,None,14848000,14848000,,,,,,,,,248000,23348000,None,14668000,14668000,2334000,None,None,757000,None,None,12897000,,,,,0.0,-0.43,-27434000,-14537000,-1.32,2011-12-31,58200000,342153000.0,131000,-40929000,None,58200000,58200000,None,14247000,None,0,None,None,166000,None,None,-40929000,None,None,None,-1.836,,27565000,-27434000,370000,2029000,None,923000,None,,,,,0.0,40.12,84.87,,,,,,,,-2.648,,1937000,2025-10-29,annual,-1.75,USD,pre-market,21835000,-294174000,-0.281,-1.657,0.524,2.348,5730000,280000,114000,61424000,123.73,187.98,-32.5758,139833000,77399000,4477000,5566000,62434000,1089000,131000,134267000,0,212.75,60.4
2025-12-28,INSM,-6.19,447022000.0,None,1.017,4.448,,None,10743000,10743000,,,,,,,,,1565000,13250000,None,14668000,14668000,1450000,None,None,471000,None,None,12897000,,,,,0.0,-0.43,-27434000,-14537000,-1.32,2010-12-31,6290000,342153000.0,131000,-40929000,None,84190000,84190000,None,14247000,None,None,None,None,83000,None,None,-40929000,None,None,None,-1.836,,27565000,-27434000,277000,1256000,None,None,None,,,,,0.0,40.12,84.87,,,,,,,,-2.648,,1102000,2025-10-29,annual,-1.75,USD,pre-market,21835000,-234510000,-0.281,-1.657,0.524,2.348,5730000,164000,81000,97306000,123.73,187.98,-32.5758,196265000,108797000,3339000,3422000,87468000,83000,131000,192843000,None,212.75,60.4
2025-12-28,INSM,-6.19,447022000.0,None,1.017,4.448,,None,12740000,12740000,,,,,,,,,1302000,12727000,None,14668000,14668000,312000,None,None,2268000,None,None,12897000,,,,,0.0,-0.43,-27434000,-14537000,-1.32,2009-12-31,None,342153000.0,131000,-40929000,None,None,None,None,14247000,None,None,None,None,None,None,None,-40929000,None,None,None,-1.836,,27565000,-27434000,159000,1731000,None,None,None,,,,,0.0,40.12,84.87,,,,,,,,-2.648,,None,2025-10-29,annual,-1.75,USD,pre-market,21835000,-228076000,-0.281,-1.657,0.524,2.348,5730000,208000,208000,109441000,123.73,187.98,-32.5758,126695000,124608000,2781000,2781000,2087000,None,131000,123914000,None,212.75,60.4
2025-12-28,INSM,-6.19,447022000.0,None,1.017,4.448,,None,2145000,2145000,,,,,,,,,1225000,12213000,None,14668000,14668000,1277000,None,None,122000,None,None,12897000,,,,,0.0,-0.43,-27434000,-14537000,-1.32,2008-12-31,None,342153000.0,131000,-40929000,None,None,None,None,14247000,None,None,None,None,487000,None,None,-40929000,None,None,None,-1.836,,27565000,-27434000,74000,1515000,None,None,None,,,,,0.0,40.12,84.87,,,,,,,,-2.648,,None,2025-10-29,annual,-1.75,USD,pre-market,21835000,-346426000,-0.281,-1.657,0.524,2.348,5730000,2102000,1615000,252000,123.73,187.98,-32.5758,4758000,2593000,4877000,7581000,2165000,2704000,131000,-2823000,None,212.75,60.4
2025-12-28,INSM,-6.19,447022000.0,None,1.017,4.448,,None,16479000,16479000,,,,,,,,,1219000,11468200,None,14668000,14668000,904000,None,None,250000,None,None,12897000,,,,,0.0,-0.43,-27434000,-14537000,-1.32,2007-12-31,None,342153000.0,131000,-40929000,None,None,None,None,14247000,None,None,None,None,2113000,None,None,-40929000,None,None,None,-1.836,,27565000,-27434000,244000,1517000,None,None,None,,,,,0.0,40.12,84.87,,,,,,,,-2.648,,4000,2025-10-29,annual,-1.75,USD,pre-market,21835000,-330759000,-0.281,-1.657,0.524,2.348,5730000,3374000,1261000,12925000,123.73,187.98,-32.5758,19500000,16973000,3682000,8012000,2527000,4330000,131000,11488000,None,212.75,60.4
2025-12-28,INSM,-6.19,447022000.0,None,1.017,4.448,,None,24112000,24112000,,,,,,,,,1013000,9532100,None,14668000,14668000,7187000,None,None,241000,None,None,12897000,,,,,0.0,-0.43,-27434000,-14537000,-1.32,2006-12-31,None,342153000.0,131000,-40929000,None,None,None,None,14247000,None,576000,None,None,3161000,None,None,-40929000,None,None,None,-1.836,,27565000,-27434000,494000,2494000,None,None,None,,,,,0.0,40.12,84.87,,,,,,,,-2.648,,8000,2025-10-29,annual,-1.75,USD,pre-market,21835000,-310797000,-0.281,-1.657,0.524,2.348,5730000,3161000,None,407000,123.73,187.98,-32.5758,28348000,25423000,9681000,14468000,2925000,4787000,131000,13880000,None,212.75,60.4
2025-12-28,INSM,-6.19,447022000.0,None,1.017,4.448,,None,18835000,18835000,,,,,,,,,665000,4874200,None,14668000,14668000,968000,None,None,None,None,None,12897000,,,,,0.0,-0.43,-27434000,-14537000,-1.32,2005-12-31,None,342153000.0,131000,-40929000,None,None,None,None,14247000,None,None,None,None,6437000,None,None,-40929000,None,None,None,-1.836,,27565000,-27434000,368000,3902000,None,None,None,,,,,0.0,40.12,84.87,,,,,,,,-2.648,,17000,2025-10-29,annual,-1.75,USD,pre-market,21835000,-254658000,-0.281,-1.657,0.524,2.348,5730000,6437000,None,285000,123.73,187.98,-32.5758,22870000,19203000,4870000,12341000,3667000,7471000,131000,10529000,None,212.75,60.4
2025-12-28,INSM,-6.19,447022000.0,None,1.017,4.448,2418000,None,18835000,18835000,33410000,-762233000,None,None,-13758000,None,None,None,665000,4874200,None,14668000,14668000,968000,None,None,None,None,None,12897000,3996000,None,None,None,0.0,-0.43,-27434000,-14537000,-1.32,2025-09-30,None,342153000.0,131000,-40929000,None,None,None,None,14247000,None,None,None,None,6437000,None,None,-370021000,None,None,None,-1.836,-219761000,27565000,-27434000,368000,3902000,None,None,None,None,None,None,None,0.0,40.12,84.87,None,None,None,None,None,None,None,-2.648,None,17000,2025-10-29,quarterly,-1.75,USD,pre-market,21835000,-254658000,-0.281,-1.657,0.524,2.348,5730000,6437000,None,285000,123.73,187.98,-32.5758,22870000,19203000,4870000,12341000,3667000,7471000,131000,10529000,None,212.75,60.4
2025-12-28,INSM,-6.19,447022000.0,None,1.017,4.448,3484000,None,18835000,18835000,857806000,227835000,None,None,-4976000,None,None,None,665000,4874200,None,14668000,14668000,968000,None,None,None,None,None,12897000,3747000,None,None,None,0.0,-0.43,-27434000,-14537000,-1.32,2025-06-30,None,342153000.0,131000,-40929000,None,None,None,None,14247000,None,None,None,None,6437000,None,None,-321686000,None,None,None,-1.836,-205569000,27565000,-27434000,368000,3902000,None,None,None,None,None,None,None,0.0,40.12,84.87,None,None,None,None,None,None,None,-2.648,None,17000,2025-10-29,quarterly,-1.75,USD,pre-market,21835000,-254658000,-0.281,-1.657,0.524,2.348,5730000,6437000,None,285000,123.73,187.98,-32.5758,22870000,19203000,4870000,12341000,3667000,7471000,131000,10529000,None,212.75,60.4
2025-12-28,INSM,-6.19,447022000.0,None,1.017,4.448,10070000,None,18835000,18835000,28998000,80412000,None,None,-1021000,None,None,None,665000,4874200,None,14668000,14668000,968000,None,None,None,None,None,12897000,3146000,None,None,None,0.0,-0.43,-27434000,-14537000,-1.32,2025-03-31,None,342153000.0,131000,-40929000,None,None,None,None,14247000,None,None,None,None,6437000,None,None,-256583000,None,None,None,-1.836,-262088000,27565000,-27434000,368000,3902000,None,None,None,None,None,None,None,0.0,40.12,84.87,None,None,None,None,None,None,None,-2.648,None,17000,2025-10-29,quarterly,-1.75,USD,pre-market,21835000,-254658000,-0.281,-1.657,0.524,2.348,5730000,6437000,None,285000,123.73,187.98,-32.5758,22870000,19203000,4870000,12341000,3667000,7471000,131000,10529000,None,212.75,60.4
2025-12-28,INSM,-6.19,447022000.0,None,1.017,4.448,6772000,None,18835000,18835000,159305000,131758000,None,None,-2122000,None,None,None,665000,4874200,None,14668000,14668000,968000,None,None,None,None,None,12897000,2741000,None,None,None,0.0,-0.43,-27434000,-14537000,-1.32,2024-12-31,None,342153000.0,131000,-40929000,None,None,None,None,14247000,None,None,None,None,6437000,None,None,-235548000,None,None,None,-1.836,-195979000,27565000,-27434000,368000,3902000,None,None,None,None,None,None,None,0.0,40.12,84.87,None,None,None,None,None,None,None,-2.648,None,17000,2025-10-29,quarterly,-1.75,USD,pre-market,21835000,-254658000,-0.281,-1.657,0.524,2.348,5730000,6437000,None,285000,123.73,187.98,-32.5758,22870000,19203000,4870000,12341000,3667000,7471000,131000,10529000,None,212.75,60.4
2025-12-28,INSM,-6.19,447022000.0,None,1.017,4.448,3689000,None,18835000,18835000,397200000,-1003471000,None,None,-6569000,None,None,None,665000,4874200,None,14668000,14668000,968000,None,None,None,None,None,12897000,2722000,None,None,None,0.0,-0.43,-27434000,-14537000,-1.32,2024-09-30,None,342153000.0,131000,-40929000,None,None,None,None,14247000,None,None,None,None,6437000,None,None,-220524000,None,None,None,-1.836,-180916000,27565000,-27434000,368000,3902000,None,None,None,None,None,None,None,0.0,40.12,84.87,None,None,None,None,None,None,None,-2.648,None,17000,2025-10-29,quarterly,-1.75,USD,pre-market,21835000,-254658000,-0.281,-1.657,0.524,2.348,5730000,6437000,None,285000,123.73,187.98,-32.5758,22870000,19203000,4870000,12341000,3667000,7471000,131000,10529000,None,212.75,60.4
2025-12-28,INSM,-6.19,447022000.0,None,1.017,4.448,6783000,None,18835000,18835000,781493000,-6783000,None,None,-7755000,None,None,None,665000,4874200,None,14668000,14668000,968000,None,None,None,None,None,12897000,2699000,None,None,None,0.0,-0.43,-27434000,-14537000,-1.32,2024-06-30,None,342153000.0,131000,-40929000,None,None,None,None,14247000,None,None,None,None,6437000,None,None,-300609000,None,None,None,-1.836,-122952000,27565000,-27434000,368000,3902000,None,None,None,None,None,None,None,0.0,40.12,84.87,None,None,None,None,None,None,None,-2.648,None,17000,2025-10-29,quarterly,-1.75,USD,pre-market,21835000,-254658000,-0.281,-1.657,0.524,2.348,5730000,6437000,None,285000,123.73,187.98,-32.5758,22870000,19203000,4870000,12341000,3667000,7471000,131000,10529000,None,212.75,60.4
2025-12-28,INSM,-6.19,447022000.0,None,1.017,4.448,4679000,None,18835000,18835000,3022000,295321000,None,None,-598000,None,None,None,665000,4874200,None,14668000,14668000,968000,None,None,None,None,None,12897000,2851000,None,None,None,0.0,-0.43,-27434000,-14537000,-1.32,2024-03-31,None,342153000.0,131000,-40929000,None,None,None,None,14247000,None,None,None,None,6437000,None,None,-157091000,None,None,None,-1.836,-184035000,27565000,-27434000,368000,3902000,None,None,None,None,None,None,None,0.0,40.12,84.87,None,None,None,None,None,None,None,-2.648,None,17000,2025-10-29,quarterly,-1.75,USD,pre-market,21835000,-254658000,-0.281,-1.657,0.524,2.348,5730000,6437000,None,285000,123.73,187.98,-32.5758,22870000,19203000,4870000,12341000,3667000,7471000,131000,10529000,None,212.75,60.4
2025-12-28,INSM,-6.19,447022000.0,None,1.017,4.448,2153000,None,18835000,18835000,123263000,1803000,None,None,-4434000,None,None,None,665000,4874200,None,14668000,14668000,968000,None,None,None,None,None,12897000,2738000,None,None,None,0.0,-0.43,-27434000,-14537000,-1.32,2023-12-31,None,342153000.0,131000,-40929000,None,None,None,None,14247000,None,None,None,None,6437000,None,None,-186061000,None,None,None,-1.836,-130819000,27565000,-27434000,368000,3902000,None,None,None,None,None,None,None,0.0,40.12,84.87,None,None,None,None,None,None,None,-2.648,None,17000,2025-10-29,quarterly,-1.75,USD,pre-market,21835000,-254658000,-0.281,-1.657,0.524,2.348,5730000,6437000,None,285000,123.73,187.98,-32.5758,22870000,19203000,4870000,12341000,3667000,7471000,131000,10529000,None,212.75,60.4
2025-12-28,INSM,-6.19,447022000.0,None,1.017,4.448,2854000,None,18835000,18835000,1249000,7147000,None,None,-1098000,None,None,None,665000,4874200,None,14668000,14668000,968000,None,None,None,None,None,12897000,2756000,None,None,None,0.0,-0.43,-27434000,-14537000,-1.32,2023-09-30,None,342153000.0,131000,-40929000,None,None,None,None,14247000,None,None,None,None,6437000,None,None,-158933000,None,None,None,-1.836,-136333000,27565000,-27434000,368000,3902000,None,None,None,None,None,None,None,0.0,40.12,84.87,None,None,None,None,None,None,None,-2.648,None,17000,2025-10-29,quarterly,-1.75,USD,pre-market,21835000,-254658000,-0.281,-1.657,0.524,2.348,5730000,6437000,None,285000,123.73,187.98,-32.5758,22870000,19203000,4870000,12341000,3667000,7471000,131000,10529000,None,212.75,60.4
2025-12-28,INSM,-6.19,447022000.0,None,1.017,4.448,4883000,None,18835000,18835000,44326000,-274156000,-352622000,None,-6894000,None,None,-1431000,665000,4874200,None,14668000,14668000,968000,None,None,None,None,None,12897000,2574000,None,None,None,0.0,-0.43,-27434000,-14537000,-1.32,2023-06-30,None,342153000.0,131000,-40929000,None,None,None,None,14247000,None,None,None,None,6437000,None,None,-244809000,None,None,None,-1.836,-122792000,27565000,-27434000,368000,3902000,None,None,None,None,None,None,None,0.0,40.12,84.87,None,None,None,None,None,45297000,None,-2.648,None,17000,2025-10-29,quarterly,-1.75,USD,pre-market,21835000,-254658000,-0.281,-1.657,0.524,2.348,5730000,6437000,None,285000,123.73,187.98,-32.5758,22870000,19203000,4870000,12341000,3667000,7471000,131000,10529000,None,212.75,60.4
2025-12-28,INSM,-6.19,447022000.0,None,1.017,4.448,3398000,None,18835000,18835000,-399000,41602000,-105100000,None,-1187000,None,None,-860000,665000,4874200,None,14668000,14668000,968000,None,None,None,None,None,12897000,2511000,None,None,None,0.0,-0.43,-27434000,-14537000,-1.32,2023-03-31,None,342153000.0,131000,-40929000,None,None,None,None,14247000,None,None,None,None,6437000,None,None,-159764000,None,None,None,-1.836,-146303000,27565000,-27434000,368000,3902000,None,None,None,None,None,None,None,0.0,40.12,84.87,None,None,None,None,None,1139000,None,-2.648,None,17000,2025-10-29,quarterly,-1.75,USD,pre-market,21835000,-254658000,-0.281,-1.657,0.524,2.348,5730000,6437000,None,285000,123.73,187.98,-32.5758,22870000,19203000,4870000,12341000,3667000,7471000,131000,10529000,None,212.75,60.4
2025-12-28,INSM,-6.19,447022000.0,None,1.017,4.448,4691000,None,18835000,18835000,743387000,20309000,660547000,None,-2338000,None,None,-983000,665000,4874200,None,14668000,14668000,968000,None,None,None,None,None,12897000,3447000,None,None,None,0.0,-0.43,-27434000,-14537000,-1.32,2022-12-31,None,342153000.0,131000,-40929000,None,None,None,None,14247000,None,None,None,None,6437000,None,None,-160123000,None,None,None,-1.836,-103149000,27565000,-27434000,368000,3902000,None,None,None,None,None,None,None,0.0,40.12,84.87,None,None,None,None,None,260941000,None,-2.648,None,17000,2025-10-29,quarterly,-1.75,USD,pre-market,21835000,-254658000,-0.281,-1.657,0.524,2.348,5730000,6437000,None,285000,123.73,187.98,-32.5758,22870000,19203000,4870000,12341000,3667000,7471000,131000,10529000,None,212.75,60.4
2025-12-28,INSM,-6.19,447022000.0,None,1.017,4.448,582000,None,18835000,18835000,37116000,49418000,-3294000,None,-100000,None,None,1344000,665000,4874200,None,14668000,14668000,968000,None,None,None,None,None,12897000,2114000,None,None,None,0.0,-0.43,-27434000,-14537000,-1.32,2022-09-30,None,342153000.0,131000,-40929000,None,None,None,None,14247000,None,None,None,None,6437000,None,None,-131145000,None,None,None,-1.836,-89828000,27565000,-27434000,368000,3902000,None,None,None,None,None,None,None,0.0,40.12,84.87,None,None,None,None,None,37452000,None,-2.648,None,17000,2025-10-29,quarterly,-1.75,USD,pre-market,21835000,-254658000,-0.281,-1.657,0.524,2.348,5730000,6437000,None,285000,123.73,187.98,-32.5758,22870000,19203000,4870000,12341000,3667000,7471000,131000,10529000,None,212.75,60.4
2025-12-28,INSM,-6.19,447022000.0,None,1.017,4.448,2904000,None,18835000,18835000,6311000,-2904000,-98894000,None,-1516000,None,None,-4986000,665000,4874200,None,14668000,14668000,968000,None,None,None,None,None,12897000,2221000,None,None,None,0.0,-0.43,-27434000,-14537000,-1.32,2022-06-30,None,342153000.0,131000,-40929000,None,None,None,None,14247000,None,None,None,None,6437000,None,None,-95645000,None,None,None,-1.836,-102301000,27565000,-27434000,368000,3902000,None,None,None,None,None,None,None,0.0,40.12,84.87,None,None,None,None,None,6446000,None,-2.648,None,17000,2025-10-29,quarterly,-1.75,USD,pre-market,21835000,-254658000,-0.281,-1.657,0.524,2.348,5730000,6437000,None,285000,123.73,187.98,-32.5758,22870000,19203000,4870000,12341000,3667000,7471000,131000,10529000,None,212.75,60.4
2025-12-28,INSM,-6.19,447022000.0,None,1.017,4.448,1701000,None,18835000,18835000,6459000,-101407000,-200109000,None,2240000,None,None,-1798000,665000,4874200,None,14668000,14668000,968000,None,None,None,None,None,12897000,2549000,None,None,None,0.0,-0.43,-27434000,-14537000,-1.32,2022-03-31,None,342153000.0,131000,-40929000,None,None,None,None,14247000,None,None,None,None,6437000,None,None,-94621000,None,None,None,-1.836,-105161000,27565000,-27434000,368000,3902000,None,None,None,None,None,None,None,0.0,40.12,84.87,None,None,None,None,None,6818000,None,-2.648,None,17000,2025-10-29,quarterly,-1.75,USD,pre-market,21835000,-254658000,-0.281,-1.657,0.524,2.348,5730000,6437000,None,285000,123.73,187.98,-32.5758,22870000,19203000,4870000,12341000,3667000,7471000,131000,10529000,None,212.75,60.4
2025-12-28,INSM,-6.19,447022000.0,None,1.017,4.448,1142000,None,18835000,18835000,5710000,-51218000,-129640000,None,1132000,None,None,-5243000,665000,4874200,None,14668000,14668000,968000,None,None,None,None,None,12897000,3381000,None,None,None,0.0,-0.43,-27434000,-14537000,-1.32,2021-12-31,None,342153000.0,131000,-40929000,None,None,None,None,14247000,None,None,None,None,6437000,None,None,-112978000,None,None,None,-1.836,-84132000,27565000,-27434000,368000,3902000,None,None,None,None,None,None,None,0.0,40.12,84.87,None,None,None,None,None,6016000,None,-2.648,None,17000,2025-10-29,quarterly,-1.75,USD,pre-market,21835000,-254658000,-0.281,-1.657,0.524,2.348,5730000,6437000,None,285000,123.73,187.98,-32.5758,22870000,19203000,4870000,12341000,3667000,7471000,131000,10529000,None,212.75,60.4
2025-12-28,INSM,-6.19,447022000.0,None,1.017,4.448,1481000,None,18835000,18835000,2536000,-8401000,-81310000,None,-7031000,None,None,-1020000,665000,4874200,None,14668000,14668000,968000,None,None,None,None,None,12897000,3502000,None,None,None,0.0,-0.43,-27434000,-14537000,-1.32,2021-09-30,None,342153000.0,131000,-40929000,None,None,None,None,14247000,None,None,None,None,6437000,None,None,-112714000,None,None,None,-1.836,-75445000,27565000,-27434000,368000,3902000,None,None,None,None,None,None,None,0.0,40.12,84.87,None,None,None,None,None,2494000,None,-2.648,None,17000,2025-10-29,quarterly,-1.75,USD,pre-market,21835000,-254658000,-0.281,-1.657,0.524,2.348,5730000,6437000,None,285000,123.73,187.98,-32.5758,22870000,19203000,4870000,12341000,3667000,7471000,131000,10529000,None,212.75,60.4
2025-12-28,INSM,-6.19,447022000.0,None,1.017,4.448,3485000,None,18835000,18835000,597597000,-3485000,518668000,None,-8803000,None,None,-789000,665000,4874200,None,14668000,14668000,968000,None,None,None,None,None,12897000,3648000,None,None,None,0.0,-0.43,-27434000,-14537000,-1.32,2021-06-30,None,342153000.0,131000,-40929000,None,None,None,None,14247000,None,None,None,None,6437000,None,None,-117321000,None,None,None,-1.836,-75444000,27565000,-27434000,368000,3902000,None,None,None,None,None,None,None,0.0,40.12,84.87,None,None,None,None,None,276452000,None,-2.648,None,17000,2025-10-29,quarterly,-1.75,USD,pre-market,21835000,-254658000,-0.281,-1.657,0.524,2.348,5730000,6437000,None,285000,123.73,187.98,-32.5758,22870000,19203000,4870000,12341000,3667000,7471000,131000,10529000,None,212.75,60.4
2025-12-28,INSM,-6.19,447022000.0,None,1.017,4.448,1181000,None,18835000,18835000,6703000,-1181000,-122759000,None,-2754000,None,None,-1066000,665000,4874200,None,14668000,14668000,968000,None,None,None,None,None,12897000,3651000,None,None,None,0.0,-0.43,-27434000,-14537000,-1.32,2021-03-31,None,342153000.0,131000,-40929000,None,None,None,None,14247000,None,None,None,None,6437000,None,None,-91641000,None,None,None,-1.836,-128281000,27565000,-27434000,368000,3902000,None,None,None,None,None,None,None,0.0,40.12,84.87,None,None,None,None,None,6961000,None,-2.648,None,17000,2025-10-29,quarterly,-1.75,USD,pre-market,21835000,-254658000,-0.281,-1.657,0.524,2.348,5730000,6437000,None,285000,123.73,187.98,-32.5758,22870000,19203000,4870000,12341000,3667000,7471000,131000,10529000,None,212.75,60.4
2025-12-28,INSM,-6.19,447022000.0,None,1.017,4.448,1515000,None,18835000,18835000,12011000,-1515000,-55802000,494000,-6064000,None,None,-1366000,665000,4874200,None,14668000,14668000,968000,None,None,None,None,None,12897000,3576000,None,None,None,0.0,-0.43,-27434000,-14537000,-1.32,2020-12-31,None,342153000.0,131000,-40929000,None,None,None,None,14247000,None,None,None,None,6437000,None,None,-102213000,None,None,None,-1.836,-66792000,27565000,-27434000,368000,3902000,None,None,None,None,None,None,None,0.0,40.12,84.87,None,None,None,None,None,12178000,None,-2.648,None,17000,2025-10-29,quarterly,-1.75,USD,pre-market,21835000,-254658000,-0.281,-1.657,0.524,2.348,5730000,6437000,None,285000,123.73,187.98,-32.5758,22870000,19203000,4870000,12341000,3667000,7471000,131000,10529000,None,212.75,60.4
2025-12-28,INSM,-6.19,447022000.0,None,1.017,4.448,747000,None,18835000,18835000,6102000,-747000,-53313000,None,-7956000,None,None,-23000,665000,4874200,None,14668000,14668000,968000,None,None,None,None,None,12897000,3543000,None,None,None,0.0,-0.43,-27434000,-14537000,-1.32,2020-09-30,None,342153000.0,131000,-40929000,None,None,None,None,14247000,None,None,None,None,6437000,None,None,-63659000,None,None,None,-1.836,-58668000,27565000,-27434000,368000,3902000,None,None,None,None,None,None,None,0.0,40.12,84.87,None,None,None,None,None,6281000,None,-2.648,None,17000,2025-10-29,quarterly,-1.75,USD,pre-market,21835000,-254658000,-0.281,-1.657,0.524,2.348,5730000,6437000,None,285000,123.73,187.98,-32.5758,22870000,19203000,4870000,12341000,3667000,7471000,131000,10529000,None,212.75,60.4
2025-12-28,INSM,-6.19,447022000.0,None,1.017,4.448,1881000,None,18835000,18835000,250756000,-1881000,212922000,None,-4828000,None,None,1981000,665000,4874200,None,14668000,14668000,968000,None,None,None,None,None,12897000,3516000,None,None,None,0.0,-0.43,-27434000,-14537000,-1.32,2020-06-30,None,342153000.0,131000,-40929000,None,None,None,None,14247000,None,None,None,None,6437000,None,None,-61854000,None,None,None,-1.836,-35953000,27565000,-27434000,368000,3902000,None,None,None,None,None,None,None,0.0,40.12,84.87,None,None,None,None,None,251054000,None,-2.648,None,17000,2025-10-29,quarterly,-1.75,USD,pre-market,21835000,-254658000,-0.281,-1.657,0.524,2.348,5730000,6437000,None,285000,123.73,187.98,-32.5758,22870000,19203000,4870000,12341000,3667000,7471000,131000,10529000,None,212.75,60.4
2025-12-28,INSM,-6.19,447022000.0,None,1.017,4.448,2679000,None,18835000,18835000,2134000,-2679000,-58480000,None,-2332000,None,None,2078000,665000,4874200,None,14668000,14668000,968000,None,None,None,None,None,12897000,3515000,None,None,None,0.0,-0.43,-27434000,-14537000,-1.32,2020-03-31,None,342153000.0,131000,-40929000,None,None,None,None,14247000,None,None,None,None,6437000,None,None,-66364000,None,None,None,-1.836,-57935000,27565000,-27434000,368000,3902000,None,None,None,None,None,None,None,0.0,40.12,84.87,None,None,None,None,None,2426000,None,-2.648,None,17000,2025-10-29,quarterly,-1.75,USD,pre-market,21835000,-254658000,-0.281,-1.657,0.524,2.348,5730000,6437000,None,285000,123.73,187.98,-32.5758,22870000,19203000,4870000,12341000,3667000,7471000,131000,10529000,None,212.75,60.4
2025-12-28,INSM,-6.19,447022000.0,None,1.017,4.448,13038000,None,18835000,18835000,9238000,-13038000,-48203000,1000,-5000000,None,None,-3886000,665000,4874200,None,14668000,14668000,968000,None,None,None,None,None,12897000,3187000,None,None,None,0.0,-0.43,-27434000,-14537000,-1.32,2019-12-31,None,342153000.0,131000,-40929000,None,None,None,None,14247000,None,None,None,None,6437000,None,None,-52988000,None,None,None,-1.836,-44404000,27565000,-27434000,368000,3902000,None,None,None,None,None,None,None,0.0,40.12,84.87,None,None,None,None,None,4735000,None,-2.648,None,17000,2025-10-29,quarterly,-1.75,USD,pre-market,21835000,-254658000,-0.281,-1.657,0.524,2.348,5730000,6437000,None,285000,123.73,187.98,-32.5758,22870000,19203000,4870000,12341000,3667000,7471000,131000,10529000,None,212.75,60.4
2025-12-28,INSM,-6.19,447022000.0,None,1.017,4.448,14592000,None,18835000,18835000,1358000,-14592000,-65628000,-26000,-3153000,None,None,-3708000,665000,4874200,None,14668000,14668000,968000,None,None,None,None,None,12897000,2253000,None,None,None,0.0,-0.43,-27434000,-14537000,-1.32,2019-09-30,None,342153000.0,131000,-40929000,None,None,None,None,14247000,None,None,None,None,6437000,None,None,-60682000,None,None,None,-1.836,-52368000,27565000,-27434000,368000,3902000,None,None,None,None,None,None,None,0.0,40.12,84.87,None,None,None,None,None,1358000,None,-2.648,None,17000,2025-10-29,quarterly,-1.75,USD,pre-market,21835000,-254658000,-0.281,-1.657,0.524,2.348,5730000,6437000,None,285000,123.73,187.98,-32.5758,22870000,19203000,4870000,12341000,3667000,7471000,131000,10529000,None,212.75,60.4
2025-12-28,INSM,-6.19,447022000.0,None,1.017,4.448,10610000,None,18835000,18835000,271633000,-10610000,181029000,36000,-7478000,None,None,-2291000,665000,4874200,None,14668000,14668000,968000,None,None,None,None,None,12897000,2424000,None,None,None,0.0,-0.43,-27434000,-14537000,-1.32,2019-06-30,None,342153000.0,131000,-40929000,None,None,None,None,14247000,None,None,None,None,6437000,None,None,-66514000,None,None,None,-1.836,-80030000,27565000,-27434000,368000,3902000,None,None,None,None,None,None,None,0.0,40.12,84.87,None,None,None,None,None,271633000,None,-2.648,None,17000,2025-10-29,quarterly,-1.75,USD,pre-market,21835000,-254658000,-0.281,-1.657,0.524,2.348,5730000,6437000,None,285000,123.73,187.98,-32.5758,22870000,19203000,4870000,12341000,3667000,7471000,131000,10529000,None,212.75,60.4
2025-12-28,INSM,-6.19,447022000.0,None,1.017,4.448,4028000,None,18835000,18835000,3049000,-4028000,-74841000,-15000,-5650000,None,None,-3832000,665000,4874200,None,14668000,14668000,968000,None,None,None,None,None,12897000,2317000,None,None,None,0.0,-0.43,-27434000,-14537000,-1.32,2019-03-31,None,342153000.0,131000,-40929000,None,None,None,None,14247000,None,None,None,None,6437000,None,None,-74153000,None,None,None,-1.836,-73847000,27565000,-27434000,368000,3902000,None,None,None,None,None,None,None,0.0,40.12,84.87,None,None,None,None,None,3049000,None,-2.648,None,17000,2025-10-29,quarterly,-1.75,USD,pre-market,21835000,-254658000,-0.281,-1.657,0.524,2.348,5730000,6437000,None,285000,123.73,187.98,-32.5758,22870000,19203000,4870000,12341000,3667000,7471000,131000,10529000,None,212.75,60.4
2025-12-28,INSM,-6.19,447022000.0,None,1.017,4.448,4751000,None,18835000,18835000,1797000,-4751000,-72502000,-10000,-7032000,None,None,-5515000,665000,4874200,None,14668000,14668000,968000,None,None,None,None,None,12897000,2174000,None,None,None,0.0,-0.43,-27434000,-14537000,-1.32,2018-12-31,None,342153000.0,131000,-40929000,None,None,None,None,14247000,None,None,None,None,6437000,None,None,-91573000,None,None,None,-1.836,-69538000,27565000,-27434000,368000,3902000,None,None,None,None,None,None,None,0.0,40.12,84.87,None,None,None,None,None,2425000,None,-2.648,None,17000,2025-10-29,quarterly,-1.75,USD,pre-market,21835000,-254658000,-0.281,-1.657,0.524,2.348,5730000,6437000,None,285000,123.73,187.98,-32.5758,22870000,19203000,4870000,12341000,3667000,7471000,131000,10529000,None,212.75,60.4
2025-12-28,INSM,-6.19,447022000.0,None,1.017,4.448,1851000,None,18835000,18835000,605000,-1851000,-66755000,-21000,-7032000,None,None,None,665000,4874200,None,14668000,14668000,968000,None,None,None,None,None,12897000,954000,None,None,None,0.0,-0.43,-27434000,-14537000,-1.32,2018-09-30,None,342153000.0,131000,-40929000,None,None,None,None,14247000,None,None,None,None,6437000,None,None,-87743000,None,None,None,-1.836,-65488000,27565000,-27434000,368000,3902000,None,None,None,None,None,None,None,0.0,40.12,84.87,None,None,None,None,None,605000,None,-2.648,None,17000,2025-10-29,quarterly,-1.75,USD,pre-market,21835000,-254658000,-0.281,-1.657,0.524,2.348,5730000,6437000,None,285000,123.73,187.98,-32.5758,22870000,19203000,4870000,12341000,3667000,7471000,131000,10529000,None,212.75,60.4
2025-12-28,INSM,-6.19,447022000.0,None,1.017,4.448,2847000,None,18835000,18835000,5549000,-2847000,-52252000,-42000,-7032000,None,None,None,665000,4874200,None,14668000,14668000,968000,None,None,None,None,None,12897000,929000,0,0,None,0.0,-0.43,-27434000,-14537000,-1.32,2018-06-30,None,342153000.0,131000,-40929000,None,None,None,None,14247000,None,None,None,None,6437000,None,None,-76437000,None,None,None,-1.836,-54912000,27565000,-27434000,368000,3902000,None,None,None,None,None,None,None,0.0,40.12,84.87,None,None,None,None,None,5643000,None,-2.648,None,17000,2025-10-29,quarterly,-1.75,USD,pre-market,21835000,-254658000,-0.281,-1.657,0.524,2.348,5730000,6437000,None,285000,123.73,187.98,-32.5758,22870000,19203000,4870000,12341000,3667000,7471000,131000,10529000,None,212.75,60.4
2025-12-28,INSM,-6.19,447022000.0,None,1.017,4.448,5365000,None,18835000,18835000,378792000,-5365000,305416000,28000,-7032000,None,None,None,665000,4874200,None,14668000,14668000,968000,None,None,None,None,None,12897000,769000,0,0,None,0.0,-0.43,-27434000,-14537000,-1.32,2018-03-31,None,342153000.0,131000,-40929000,None,None,None,None,14247000,None,None,None,None,6437000,None,None,-68524000,None,None,None,-1.836,-68039000,27565000,-27434000,368000,3902000,None,None,None,None,None,None,None,0.0,40.12,84.87,None,None,None,None,None,142000,None,-2.648,None,17000,2025-10-29,quarterly,-1.75,USD,pre-market,21835000,-254658000,-0.281,-1.657,0.524,2.348,5730000,6437000,None,285000,123.73,187.98,-32.5758,22870000,19203000,4870000,12341000,3667000,7471000,131000,10529000,None,212.75,60.4
2025-12-28,INSM,-6.19,447022000.0,None,1.017,4.448,1700000,None,18835000,18835000,433000,-1700000,-49513000,-25000,0,None,None,None,665000,4874200,None,14668000,14668000,968000,None,None,None,None,None,12897000,733000,0,0,None,0.0,-0.43,-27434000,-14537000,-1.32,2017-12-31,None,342153000.0,131000,-40929000,None,None,None,None,14247000,None,None,None,None,6437000,None,None,-65384000,None,None,None,-1.836,-48221000,27565000,-27434000,368000,3902000,None,None,None,None,None,None,None,0.0,40.12,84.87,None,None,None,None,None,433000,None,-2.648,None,17000,2025-10-29,quarterly,-1.75,USD,pre-market,21835000,-254658000,-0.281,-1.657,0.524,2.348,5730000,6437000,None,285000,123.73,187.98,-32.5758,22870000,19203000,4870000,12341000,3667000,7471000,131000,10529000,None,212.75,60.4
2025-12-28,INSM,-6.19,447022000.0,None,1.017,4.448,447000,None,18835000,18835000,378222000,-447000,339614000,77000,0,None,None,None,665000,4874200,None,14668000,14668000,968000,None,None,None,None,None,12897000,714000,0,0,None,0.0,-0.43,-27434000,-14537000,-1.32,2017-09-30,None,342153000.0,131000,-40929000,None,None,None,None,14247000,None,None,None,None,6437000,None,None,-45179000,None,None,None,-1.836,-38238000,27565000,-27434000,368000,3902000,None,None,None,None,None,None,None,0.0,40.12,84.87,None,None,None,None,None,378222000,None,-2.648,None,17000,2025-10-29,quarterly,-1.75,USD,pre-market,21835000,-254658000,-0.281,-1.657,0.524,2.348,5730000,6437000,None,285000,123.73,187.98,-32.5758,22870000,19203000,4870000,12341000,3667000,7471000,131000,10529000,None,212.75,60.4
2025-12-28,INSM,-6.19,447022000.0,None,1.017,4.448,437000,None,18835000,18835000,1869000,-437000,-34775000,39000,0,None,None,None,665000,4874200,None,14668000,14668000,968000,None,None,None,None,None,12897000,738000,0,0,None,0.0,-0.43,-27434000,-14537000,-1.32,2017-06-30,None,342153000.0,131000,-40929000,None,None,None,None,14247000,None,None,None,None,6437000,None,None,-44672000,None,None,None,-1.836,-36246000,27565000,-27434000,368000,3902000,None,None,None,None,None,None,None,0.0,40.12,84.87,None,None,None,None,None,1869000,None,-2.648,None,17000,2025-10-29,quarterly,-1.75,USD,pre-market,21835000,-254658000,-0.281,-1.657,0.524,2.348,5730000,6437000,None,285000,123.73,187.98,-32.5758,22870000,19203000,4870000,12341000,3667000,7471000,131000,10529000,None,212.75,60.4
2025-12-28,INSM,-6.19,447022000.0,None,1.017,4.448,417000,None,18835000,18835000,565000,-417000,-36752000,12000,0,None,None,None,665000,4874200,None,14668000,14668000,968000,None,None,None,None,None,12897000,716000,0,0,None,0.0,-0.43,-27434000,-14537000,-1.32,2017-03-31,None,342153000.0,131000,-40929000,None,None,None,None,14247000,None,None,None,None,6437000,None,None,-37414000,None,None,None,-1.836,-36912000,27565000,-27434000,368000,3902000,None,None,None,None,None,None,None,0.0,40.12,84.87,None,None,None,None,None,565000,None,-2.648,None,17000,2025-10-29,quarterly,-1.75,USD,pre-market,21835000,-254658000,-0.281,-1.657,0.524,2.348,5730000,6437000,None,285000,123.73,187.98,-32.5758,22870000,19203000,4870000,12341000,3667000,7471000,131000,10529000,None,212.75,60.4
2025-12-28,INSM,-6.19,447022000.0,None,1.017,4.448,772000,None,18835000,18835000,20853000,-772000,-37927000,-46000,0,None,None,None,665000,4874200,None,14668000,14668000,968000,None,None,None,None,None,12897000,682000,0,0,None,0.0,-0.43,-27434000,-14537000,-1.32,2016-12-31,None,342153000.0,131000,-40929000,None,None,None,None,14247000,None,None,None,None,6437000,None,None,-68402000,None,None,None,-1.836,-57962000,27565000,-27434000,368000,3902000,None,None,None,None,None,None,None,0.0,40.12,84.87,None,None,None,None,None,956000,None,-2.648,None,17000,2025-10-29,quarterly,-1.75,USD,pre-market,21835000,-254658000,-0.281,-1.657,0.524,2.348,5730000,6437000,None,285000,123.73,187.98,-32.5758,22870000,19203000,4870000,12341000,3667000,7471000,131000,10529000,None,212.75,60.4
2025-12-28,INSM,-6.19,447022000.0,None,1.017,4.448,1300000,None,18835000,18835000,9692000,-1300000,-22591000,-2000,0,None,None,None,665000,4874200,None,14668000,14668000,968000,None,None,None,None,None,12897000,674000,0,0,None,0.0,-0.43,-27434000,-14537000,-1.32,2016-09-30,None,342153000.0,131000,-40929000,None,None,None,None,14247000,None,None,None,None,6437000,None,None,-37760000,None,None,None,-1.836,-30981000,27565000,-27434000,368000,3902000,None,None,None,None,None,None,None,0.0,40.12,84.87,None,None,None,None,None,0,None,-2.648,None,17000,2025-10-29,quarterly,-1.75,USD,pre-market,21835000,-254658000,-0.281,-1.657,0.524,2.348,5730000,6437000,None,285000,123.73,187.98,-32.5758,22870000,19203000,4870000,12341000,3667000,7471000,131000,10529000,None,212.75,60.4
2025-12-28,INSM,-6.19,447022000.0,None,1.017,4.448,1540000,None,18835000,18835000,47000,-1540000,-29763000,-33000,0,None,None,None,665000,4874200,None,14668000,14668000,968000,None,None,None,None,None,12897000,568000,0,0,None,0.0,-0.43,-27434000,-14537000,-1.32,2016-06-30,None,342153000.0,131000,-40929000,None,None,None,None,14247000,None,None,None,None,6437000,None,None,-36579000,None,None,None,-1.836,-28237000,27565000,-27434000,368000,3902000,None,None,None,None,None,None,None,0.0,40.12,84.87,None,None,None,None,None,47000,None,-2.648,None,17000,2025-10-29,quarterly,-1.75,USD,pre-market,21835000,-254658000,-0.281,-1.657,0.524,2.348,5730000,6437000,None,285000,123.73,187.98,-32.5758,22870000,19203000,4870000,12341000,3667000,7471000,131000,10529000,None,212.75,60.4
2025-12-28,INSM,-6.19,447022000.0,None,1.017,4.448,588000,None,18835000,18835000,81000,-588000,-30004000,31000,0,None,None,None,665000,4874200,None,14668000,14668000,968000,None,None,None,None,None,12897000,514000,0,0,None,0.0,-0.43,-27434000,-14537000,-1.32,2016-03-31,None,342153000.0,131000,-40929000,None,None,None,None,14247000,None,None,None,None,6437000,None,None,-33532000,None,None,None,-1.836,-29528000,27565000,-27434000,368000,3902000,None,None,None,None,None,None,None,0.0,40.12,84.87,None,None,None,None,None,81000,None,-2.648,None,17000,2025-10-29,quarterly,-1.75,USD,pre-market,21835000,-254658000,-0.281,-1.657,0.524,2.348,5730000,6437000,None,285000,123.73,187.98,-32.5758,22870000,19203000,4870000,12341000,3667000,7471000,131000,10529000,None,212.75,60.4
2025-12-28,INSM,-6.19,447022000.0,None,1.017,4.448,407000,None,18835000,18835000,-139000,-407000,-28093000,None,0,None,None,None,665000,4874200,None,14668000,14668000,968000,None,None,None,None,None,12897000,640000,0,0,None,0.0,-0.43,-27434000,-14537000,-1.32,2015-12-31,None,342153000.0,131000,-40929000,None,None,None,None,14247000,None,None,None,None,6437000,None,None,-31245000,None,None,None,-1.836,-27547000,27565000,-27434000,368000,3902000,None,None,None,None,None,None,None,0.0,40.12,84.87,None,None,None,None,None,111000,None,-2.648,None,17000,2025-10-29,quarterly,-1.75,USD,pre-market,21835000,-254658000,-0.281,-1.657,0.524,2.348,5730000,6437000,None,285000,123.73,187.98,-32.5758,22870000,19203000,4870000,12341000,3667000,7471000,131000,10529000,None,212.75,60.4
2025-12-28,INSM,-6.19,447022000.0,None,1.017,4.448,853000,None,18835000,18835000,825000,-853000,-24058000,None,0,None,None,None,665000,4874200,None,14668000,14668000,968000,None,None,None,None,None,12897000,463000,0,0,None,0.0,-0.43,-27434000,-14537000,-1.32,2015-09-30,None,342153000.0,131000,-40929000,None,None,None,None,14247000,None,None,None,None,6437000,None,None,-30962000,None,None,None,-1.836,-24030000,27565000,-27434000,368000,3902000,None,None,None,None,None,None,None,0.0,40.12,84.87,None,None,None,None,None,825000,None,-2.648,None,17000,2025-10-29,quarterly,-1.75,USD,pre-market,21835000,-254658000,-0.281,-1.657,0.524,2.348,5730000,6437000,None,285000,123.73,187.98,-32.5758,22870000,19203000,4870000,12341000,3667000,7471000,131000,10529000,None,212.75,60.4
2025-12-28,INSM,-6.19,447022000.0,None,1.017,4.448,930000,None,18835000,18835000,225643000,-930000,200473000,None,0,None,None,None,665000,4874200,None,14668000,14668000,968000,None,None,None,None,None,12897000,447000,0,0,None,0.0,-0.43,-27434000,-14537000,-1.32,2015-06-30,None,342153000.0,131000,-40929000,None,None,None,None,14247000,None,None,None,None,6437000,None,None,-28607000,None,None,None,-1.836,-24240000,27565000,-27434000,368000,3902000,None,None,None,None,None,None,None,0.0,40.12,84.87,None,None,None,None,None,225643000,None,-2.648,None,17000,2025-10-29,quarterly,-1.75,USD,pre-market,21835000,-254658000,-0.281,-1.657,0.524,2.348,5730000,6437000,None,285000,123.73,187.98,-32.5758,22870000,19203000,4870000,12341000,3667000,7471000,131000,10529000,None,212.75,60.4
2025-12-28,INSM,-6.19,447022000.0,None,1.017,4.448,1264000,None,18835000,18835000,1475000,-1264000,-24672000,None,0,None,None,None,665000,4874200,None,14668000,14668000,968000,None,None,None,None,None,12897000,432000,0,0,None,0.0,-0.43,-27434000,-14537000,-1.32,2015-03-31,None,342153000.0,131000,-40929000,None,None,None,None,14247000,None,None,None,None,6437000,None,None,-27369000,None,None,None,-1.836,-24883000,27565000,-27434000,368000,3902000,None,None,None,None,None,None,None,0.0,40.12,84.87,None,None,None,None,None,1475000,None,-2.648,None,17000,2025-10-29,quarterly,-1.75,USD,pre-market,21835000,-254658000,-0.281,-1.657,0.524,2.348,5730000,6437000,None,285000,123.73,187.98,-32.5758,22870000,19203000,4870000,12341000,3667000,7471000,131000,10529000,None,212.75,60.4
2025-12-28,INSM,-6.19,447022000.0,None,1.017,4.448,1537000,None,18835000,18835000,6374000,-1527000,-8085000,None,0,None,None,None,665000,4874200,None,14668000,14668000,968000,None,None,None,None,None,12897000,376000,0,0,None,0.0,-0.43,-27434000,-14537000,-1.32,2014-12-31,None,342153000.0,131000,-40929000,None,None,None,None,14247000,None,None,None,None,6437000,None,None,-17647000,None,None,None,-1.836,-12932000,27565000,-27434000,368000,3902000,None,None,None,None,None,None,None,0.0,40.12,84.87,None,None,None,None,None,1540000,None,-2.648,None,17000,2025-10-29,quarterly,-1.75,USD,pre-market,21835000,-254658000,-0.281,-1.657,0.524,2.348,5730000,6437000,None,285000,123.73,187.98,-32.5758,22870000,19203000,4870000,12341000,3667000,7471000,131000,10529000,None,212.75,60.4
2025-12-28,INSM,-6.19,447022000.0,None,1.017,4.448,2919000,None,18835000,18835000,108438000,-2919000,84614000,None,0,None,None,None,665000,4874200,None,14668000,14668000,968000,None,None,None,None,None,12897000,355000,0,0,None,0.0,-0.43,-27434000,-14537000,-1.32,2014-09-30,None,342153000.0,131000,-40929000,None,None,None,None,14247000,None,None,None,None,6437000,None,None,-23990000,None,None,None,-1.836,-20905000,27565000,-27434000,368000,3902000,None,None,None,None,None,None,None,0.0,40.12,84.87,None,None,None,None,None,108454000,None,-2.648,None,17000,2025-10-29,quarterly,-1.75,USD,pre-market,21835000,-254658000,-0.281,-1.657,0.524,2.348,5730000,6437000,None,285000,123.73,187.98,-32.5758,22870000,19203000,4870000,12341000,3667000,7471000,131000,10529000,None,212.75,60.4
2025-12-28,INSM,-6.19,447022000.0,None,1.017,4.448,564000,None,18835000,18835000,-60000,-564000,-18554000,None,0,None,None,None,665000,4874200,None,14668000,14668000,968000,None,None,None,None,None,12897000,175000,0,0,None,0.0,-0.43,-27434000,-14537000,-1.32,2014-06-30,None,342153000.0,131000,-40929000,None,None,None,None,14247000,None,None,None,None,6437000,None,None,-23224000,None,None,None,-1.836,-17930000,27565000,-27434000,368000,3902000,None,None,None,None,None,None,None,0.0,40.12,84.87,None,None,None,None,None,56000,None,-2.648,None,17000,2025-10-29,quarterly,-1.75,USD,pre-market,21835000,-254658000,-0.281,-1.657,0.524,2.348,5730000,6437000,None,285000,123.73,187.98,-32.5758,22870000,19203000,4870000,12341000,3667000,7471000,131000,10529000,None,212.75,60.4
2025-12-28,INSM,-6.19,447022000.0,None,1.017,4.448,331000,None,18835000,18835000,337000,-331000,-12643000,None,0,None,None,None,665000,4874200,None,14668000,14668000,968000,None,None,None,None,None,12897000,167000,0,0,None,0.0,-0.43,-27434000,-14537000,-1.32,2014-03-31,None,342153000.0,131000,-40929000,None,None,None,None,14247000,None,None,None,None,6437000,None,None,-14298000,None,None,None,-1.836,-12649000,27565000,-27434000,368000,3902000,None,None,None,None,None,None,None,0.0,40.12,84.87,None,None,None,None,None,353000,None,-2.648,None,17000,2025-10-29,quarterly,-1.75,USD,pre-market,21835000,-254658000,-0.281,-1.657,0.524,2.348,5730000,6437000,None,285000,123.73,187.98,-32.5758,22870000,19203000,4870000,12341000,3667000,7471000,131000,10529000,None,212.75,60.4
2025-12-28,INSM,-6.19,447022000.0,None,1.017,4.448,113000,None,18835000,18835000,39000,-113000,-14131000,None,0,None,None,None,665000,4874200,None,14668000,14668000,968000,None,None,None,None,None,12897000,205000,0,0,None,0.0,-0.43,-27434000,-14537000,-1.32,2013-12-31,None,342153000.0,131000,-40929000,None,None,None,None,14247000,None,None,None,None,6437000,None,None,-16214000,None,None,None,-1.836,-14057000,27565000,-27434000,368000,3902000,None,None,None,None,None,None,None,0.0,40.12,84.87,None,None,None,None,None,155000,None,-2.648,None,17000,2025-10-29,quarterly,-1.75,USD,pre-market,21835000,-254658000,-0.281,-1.657,0.524,2.348,5730000,6437000,None,285000,123.73,187.98,-32.5758,22870000,19203000,4870000,12341000,3667000,7471000,131000,10529000,None,212.75,60.4
2025-12-28,INSM,-6.19,447022000.0,None,1.017,4.448,220000,None,18835000,18835000,67790000,1933000,53437000,None,0,None,None,None,665000,4874200,None,14668000,14668000,968000,None,None,None,None,None,12897000,171000,0,0,None,0.0,-0.43,-27434000,-14537000,-1.32,2013-09-30,None,342153000.0,131000,-40929000,None,None,None,None,14247000,None,None,None,None,6437000,None,None,-17327000,None,None,None,-1.836,-16286000,27565000,-27434000,368000,3902000,None,None,None,None,None,None,None,0.0,40.12,84.87,None,None,None,None,None,67811000,None,-2.648,None,17000,2025-10-29,quarterly,-1.75,USD,pre-market,21835000,-254658000,-0.281,-1.657,0.524,2.348,5730000,6437000,None,285000,123.73,187.98,-32.5758,22870000,19203000,4870000,12341000,3667000,7471000,131000,10529000,None,212.75,60.4
2025-12-28,INSM,-6.19,447022000.0,None,1.017,4.448,330000,None,18835000,18835000,596000,-330000,-4846000,None,0,None,None,None,665000,4874200,None,14668000,14668000,968000,None,None,None,None,None,12897000,156000,0,0,None,0.0,-0.43,-27434000,-14537000,-1.32,2013-06-30,None,342153000.0,131000,-40929000,None,None,None,None,14247000,None,None,None,None,6437000,None,None,-8854000,None,None,None,-1.836,-5112000,27565000,-27434000,368000,3902000,None,None,None,None,None,None,None,0.0,40.12,84.87,None,None,None,None,None,626000,None,-2.648,None,17000,2025-10-29,quarterly,-1.75,USD,pre-market,21835000,-254658000,-0.281,-1.657,0.524,2.348,5730000,6437000,None,285000,123.73,187.98,-32.5758,22870000,19203000,4870000,12341000,3667000,7471000,131000,10529000,None,212.75,60.4
2025-12-28,INSM,-6.19,447022000.0,None,1.017,4.448,163000,None,18835000,18835000,22000,-161000,-11348000,None,0,None,None,None,665000,4874200,None,14668000,14668000,968000,None,None,None,None,None,12897000,148000,0,0,None,0.0,-0.43,-27434000,-14537000,-1.32,2013-03-31,None,342153000.0,131000,-40929000,None,None,None,None,14247000,None,None,None,None,6437000,None,None,-13678000,None,None,None,-1.836,-11209000,27565000,-27434000,368000,3902000,None,None,None,None,None,None,None,0.0,40.12,84.87,None,None,None,None,None,51000,None,-2.648,None,17000,2025-10-29,quarterly,-1.75,USD,pre-market,21835000,-254658000,-0.281,-1.657,0.524,2.348,5730000,6437000,None,285000,123.73,187.98,-32.5758,22870000,19203000,4870000,12341000,3667000,7471000,131000,10529000,None,212.75,60.4
2025-12-28,INSM,-6.19,447022000.0,None,1.017,4.448,168000,None,18835000,18835000,10130000,44589000,45793000,None,0,None,None,None,665000,4874200,None,14668000,14668000,968000,None,None,None,None,None,12897000,149000,0,0,None,0.0,-0.43,-27434000,-14537000,-1.32,2012-12-31,None,342153000.0,131000,-40929000,None,None,None,None,14247000,None,None,None,None,6437000,None,None,-15451000,None,None,None,-1.836,-8926000,27565000,-27434000,368000,3902000,None,None,None,None,None,None,None,0.0,40.12,84.87,None,None,None,None,None,213000,None,-2.648,None,17000,2025-10-29,quarterly,-1.75,USD,pre-market,21835000,-254658000,-0.281,-1.657,0.524,2.348,5730000,6437000,None,285000,123.73,187.98,-32.5758,22870000,19203000,4870000,12341000,3667000,7471000,131000,10529000,None,212.75,60.4
2025-12-28,INSM,-6.19,447022000.0,None,1.017,4.448,27000,None,18835000,18835000,25630000,-28000,16414000,None,0,None,None,None,665000,4874200,None,14668000,14668000,968000,None,None,None,None,None,12897000,138000,0,0,None,0.0,-0.43,-27434000,-14537000,-1.32,2012-09-30,None,342153000.0,131000,-40929000,None,None,None,None,14247000,None,None,None,None,6437000,None,None,-9382000,None,None,None,-1.836,-9188000,27565000,-27434000,368000,3902000,None,None,None,None,None,None,None,0.0,40.12,84.87,None,None,None,None,None,25659000,None,-2.648,None,17000,2025-10-29,quarterly,-1.75,USD,pre-market,21835000,-254658000,-0.281,-1.657,0.524,2.348,5730000,6437000,None,285000,123.73,187.98,-32.5758,22870000,19203000,4870000,12341000,3667000,7471000,131000,10529000,None,212.75,60.4
2025-12-28,INSM,-6.19,447022000.0,None,1.017,4.448,29000,None,18835000,18835000,9698000,4120000,6532000,None,0,None,None,None,665000,4874200,None,14668000,14668000,968000,None,None,None,None,None,12897000,138000,0,0,None,0.0,-0.43,-27434000,-14537000,-1.32,2012-06-30,None,342153000.0,131000,-40929000,None,None,None,None,14247000,None,None,None,None,6437000,None,None,-9696000,None,None,None,-1.836,-7286000,27565000,-27434000,368000,3902000,None,None,None,None,None,None,None,0.0,40.12,84.87,None,None,None,None,None,0,None,-2.648,None,17000,2025-10-29,quarterly,-1.75,USD,pre-market,21835000,-254658000,-0.281,-1.657,0.524,2.348,5730000,6437000,None,285000,123.73,187.98,-32.5758,22870000,19203000,4870000,12341000,3667000,7471000,131000,10529000,None,212.75,60.4
2025-12-28,INSM,-6.19,447022000.0,None,1.017,4.448,66000,None,18835000,18835000,-34000,12841000,7195000,None,-410000,None,None,757000,665000,4874200,None,14668000,14668000,968000,None,None,None,None,None,12897000,136000,0,0,None,0.0,-0.43,-27434000,-14537000,-1.32,2012-03-31,None,342153000.0,131000,-40929000,None,None,None,None,14247000,None,None,None,None,6437000,None,None,-6845000,None,None,None,-1.836,-5612000,27565000,-27434000,368000,3902000,None,None,None,None,None,None,None,0.0,40.12,84.87,None,None,None,None,None,0,None,-2.648,None,17000,2025-10-29,quarterly,-1.75,USD,pre-market,21835000,-254658000,-0.281,-1.657,0.524,2.348,5730000,6437000,None,285000,123.73,187.98,-32.5758,22870000,19203000,4870000,12341000,3667000,7471000,131000,10529000,None,212.75,60.4
2025-12-28,INSM,-6.19,447022000.0,None,1.017,4.448,424000,None,18835000,18835000,-18000,10482000,None,None,1710000,None,None,None,665000,4874200,None,14668000,14668000,968000,None,None,None,None,None,12897000,110000,0,0,None,0.0,-0.43,-27434000,-14537000,-1.32,2011-12-31,None,342153000.0,131000,-40929000,None,None,None,None,14247000,None,None,None,None,6437000,None,None,-8162000,None,None,None,-1.836,-6065000,27565000,-27434000,368000,3902000,None,None,None,None,None,None,None,0.0,40.12,84.87,None,None,None,None,None,0,None,-2.648,None,17000,2025-10-29,quarterly,-1.75,USD,pre-market,21835000,-254658000,-0.281,-1.657,0.524,2.348,5730000,6437000,None,285000,123.73,187.98,-32.5758,22870000,19203000,4870000,12341000,3667000,7471000,131000,10529000,None,212.75,60.4
2025-12-28,INSM,-6.19,447022000.0,None,1.017,4.448,487000,None,18835000,18835000,-22000,8640000,None,None,402000,None,None,None,665000,4874200,None,14668000,14668000,968000,None,None,None,None,None,12897000,79000,0,0,None,0.0,-0.43,-27434000,-14537000,-1.32,2011-09-30,None,342153000.0,131000,-40929000,None,None,None,None,14247000,None,None,None,None,6437000,None,None,-34591000,None,None,None,-1.836,-8008000,27565000,-27434000,368000,3902000,None,None,None,None,None,None,None,0.0,40.12,84.87,None,None,None,None,None,0,None,-2.648,None,17000,2025-10-29,quarterly,-1.75,USD,pre-market,21835000,-254658000,-0.281,-1.657,0.524,2.348,5730000,6437000,None,285000,123.73,187.98,-32.5758,22870000,19203000,4870000,12341000,3667000,7471000,131000,10529000,None,212.75,60.4
2025-12-28,INSM,-6.19,447022000.0,None,1.017,4.448,54000,None,18835000,18835000,11000,-1249000,None,None,-225000,None,None,None,665000,4874200,None,14668000,14668000,968000,None,None,None,None,None,12897000,79000,None,None,None,0.0,-0.43,-27434000,-14537000,-1.32,2011-06-30,None,342153000.0,131000,-40929000,None,None,None,None,14247000,None,None,None,None,6437000,None,None,-10017000,None,None,None,-1.836,-11023000,27565000,-27434000,368000,3902000,None,None,None,None,None,None,None,0.0,40.12,84.87,None,None,None,None,None,None,None,-2.648,None,17000,2025-10-29,quarterly,-1.75,USD,pre-market,21835000,-254658000,-0.281,-1.657,0.524,2.348,5730000,6437000,None,285000,123.73,187.98,-32.5758,22870000,19203000,4870000,12341000,3667000,7471000,131000,10529000,None,212.75,60.4
2025-12-28,INSM,-6.19,447022000.0,None,1.017,4.448,14000,None,18835000,18835000,-21000,16487000,None,None,-233000,None,None,None,665000,4874200,None,14668000,14668000,968000,None,None,None,None,None,12897000,75000,None,None,None,0.0,-0.43,-27434000,-14537000,-1.32,2011-03-31,None,342153000.0,131000,-40929000,None,None,None,None,14247000,None,None,None,None,6437000,None,None,-6894000,None,None,None,-1.836,-5109000,27565000,-27434000,368000,3902000,None,None,None,None,None,None,None,0.0,40.12,84.87,None,None,None,None,None,None,None,-2.648,None,17000,2025-10-29,quarterly,-1.75,USD,pre-market,21835000,-254658000,-0.281,-1.657,0.524,2.348,5730000,6437000,None,285000,123.73,187.98,-32.5758,22870000,19203000,4870000,12341000,3667000,7471000,131000,10529000,None,212.75,60.4
2025-12-28,INSM,-6.19,447022000.0,None,1.017,4.448,0,None,18835000,18835000,-3000,9976000,None,None,-105794000,None,None,None,665000,4874200,None,14668000,14668000,968000,None,None,None,None,None,12897000,29000,None,None,None,0.0,-0.43,-27434000,-14537000,-1.32,2010-12-31,None,342153000.0,131000,-40929000,None,None,None,None,14247000,None,None,None,None,6437000,None,None,-5844000,None,None,None,-1.836,-8917000,27565000,-27434000,368000,3902000,None,None,None,None,None,None,None,0.0,40.12,84.87,None,None,None,None,None,None,None,-2.648,None,17000,2025-10-29,quarterly,-1.75,USD,pre-market,21835000,-254658000,-0.281,-1.657,0.524,2.348,5730000,6437000,None,285000,123.73,187.98,-32.5758,22870000,19203000,4870000,12341000,3667000,7471000,131000,10529000,None,212.75,60.4
2025-12-28,INSM,-6.19,447022000.0,None,1.017,4.448,0,None,18835000,18835000,None,-589000,None,None,-122927000,None,None,None,665000,4874200,None,14668000,14668000,968000,None,None,None,None,None,12897000,None,None,None,None,0.0,-0.43,-27434000,-14537000,-1.32,2010-09-30,None,342153000.0,131000,-40929000,None,None,None,None,14247000,None,None,None,None,6437000,None,None,-330000,None,None,None,-1.836,-1040000,27565000,-27434000,368000,3902000,None,None,None,None,None,None,None,0.0,40.12,84.87,None,None,None,None,None,None,None,-2.648,None,17000,2025-10-29,quarterly,-1.75,USD,pre-market,21835000,-254658000,-0.281,-1.657,0.524,2.348,5730000,6437000,None,285000,123.73,187.98,-32.5758,22870000,19203000,4870000,12341000,3667000,7471000,131000,10529000,None,212.75,60.4
2025-12-28,INSM,-6.19,447022000.0,None,1.017,4.448,0,None,18835000,18835000,1000,-10053000,None,None,-120461000,None,None,None,665000,4874200,None,14668000,14668000,968000,None,None,None,None,None,12897000,None,None,None,None,0.0,-0.43,-27434000,-14537000,-1.32,2010-06-30,None,342153000.0,131000,-40929000,None,None,None,None,14247000,None,None,None,None,6437000,None,None,-378000,None,None,None,-1.836,2004000,27565000,-27434000,368000,3902000,None,None,None,None,None,None,None,0.0,40.12,84.87,None,None,None,None,None,None,None,-2.648,None,17000,2025-10-29,quarterly,-1.75,USD,pre-market,21835000,-254658000,-0.281,-1.657,0.524,2.348,5730000,6437000,None,285000,123.73,187.98,-32.5758,22870000,19203000,4870000,12341000,3667000,7471000,131000,10529000,None,212.75,60.4
2025-12-28,INSM,-6.19,447022000.0,None,1.017,4.448,0,None,18835000,18835000,-231000,6624000,None,None,-122496000,None,None,None,665000,4874200,None,14668000,14668000,968000,None,None,None,None,None,12897000,25000,None,None,None,0.0,-0.43,-27434000,-14537000,-1.32,2010-03-31,None,342153000.0,131000,-40929000,None,None,None,None,14247000,None,None,None,None,6437000,None,None,118000,None,None,None,-1.836,231000,27565000,-27434000,368000,3902000,None,None,None,None,None,None,None,0.0,40.12,84.87,None,None,None,None,None,None,None,-2.648,None,17000,2025-10-29,quarterly,-1.75,USD,pre-market,21835000,-254658000,-0.281,-1.657,0.524,2.348,5730000,6437000,None,285000,123.73,187.98,-32.5758,22870000,19203000,4870000,12341000,3667000,7471000,131000,10529000,None,212.75,60.4
2025-12-28,INSM,-6.19,447022000.0,None,1.017,4.448,0,None,18835000,18835000,-229000,-14392000,None,None,-4883000,None,None,None,665000,4874200,None,14668000,14668000,968000,None,None,None,None,None,12897000,46000,None,None,None,0.0,-0.43,-27434000,-14537000,-1.32,2009-12-31,None,342153000.0,131000,-40929000,None,None,None,None,14247000,None,None,None,None,6437000,None,None,2306000,None,None,None,-1.836,775000,27565000,-27434000,368000,3902000,None,None,None,None,None,None,None,0.0,40.12,84.87,None,None,None,None,None,None,None,-2.648,None,17000,2025-10-29,quarterly,-1.75,USD,pre-market,21835000,-254658000,-0.281,-1.657,0.524,2.348,5730000,6437000,None,285000,123.73,187.98,-32.5758,22870000,19203000,4870000,12341000,3667000,7471000,131000,10529000,None,212.75,60.4
2025-12-28,INSM,-6.19,447022000.0,None,1.017,4.448,0,None,18835000,18835000,-233000,-6873000,None,None,-686000,None,None,None,665000,4874200,None,14668000,14668000,968000,None,None,None,None,None,12897000,60000,None,None,None,0.0,-0.43,-27434000,-14537000,-1.32,2009-09-30,None,342153000.0,131000,-40929000,None,None,None,None,14247000,None,None,None,None,6437000,None,None,-150000,None,None,None,-1.836,-1139000,27565000,-27434000,368000,3902000,None,None,None,None,None,None,None,0.0,40.12,84.87,None,None,None,None,None,None,None,-2.648,None,17000,2025-10-29,quarterly,-1.75,USD,pre-market,21835000,-254658000,-0.281,-1.657,0.524,2.348,5730000,6437000,None,285000,123.73,187.98,-32.5758,22870000,19203000,4870000,12341000,3667000,7471000,131000,10529000,None,212.75,60.4
2025-12-28,INSM,-6.19,447022000.0,None,1.017,4.448,0,None,18835000,18835000,3847000,-87750000,None,None,-5689000,None,None,None,665000,4874200,None,14668000,14668000,968000,None,None,None,None,None,12897000,396000,None,None,None,0.0,-0.43,-27434000,-14537000,-1.32,2009-06-30,None,342153000.0,131000,-40929000,None,None,None,None,14247000,None,None,None,None,6437000,None,None,-1601000,None,None,None,-1.836,-8554000,27565000,-27434000,368000,3902000,None,None,None,None,None,None,None,0.0,40.12,84.87,None,None,None,None,None,None,None,-2.648,None,17000,2025-10-29,quarterly,-1.75,USD,pre-market,21835000,-254658000,-0.281,-1.657,0.524,2.348,5730000,6437000,None,285000,123.73,187.98,-32.5758,22870000,19203000,4870000,12341000,3667000,7471000,131000,10529000,None,212.75,60.4
2025-12-28,INSM,-6.19,447022000.0,None,1.017,4.448,0,None,18835000,18835000,-518000,127755000,None,None,7245000,None,None,None,665000,4874200,None,14668000,14668000,968000,None,None,None,None,None,12897000,205000,None,None,None,0.0,-0.43,-27434000,-14537000,-1.32,2009-03-31,None,342153000.0,131000,-40929000,None,None,None,None,14247000,None,None,None,None,6437000,None,None,117795000,None,None,None,-1.836,-2094000,27565000,-27434000,368000,3902000,None,None,None,None,None,None,None,0.0,40.12,84.87,None,None,None,None,None,None,None,-2.648,None,17000,2025-10-29,quarterly,-1.75,USD,pre-market,21835000,-254658000,-0.281,-1.657,0.524,2.348,5730000,6437000,None,285000,123.73,187.98,-32.5758,22870000,19203000,4870000,12341000,3667000,7471000,131000,10529000,None,212.75,60.4
2025-12-28,INSM,-6.19,447022000.0,None,1.017,4.448,0,None,18835000,18835000,-494000,3245000,None,None,-324000,None,None,None,665000,4874200,None,14668000,14668000,968000,None,None,None,None,None,12897000,230000,None,None,None,0.0,-0.43,-27434000,-14537000,-1.32,2008-12-31,None,342153000.0,131000,-40929000,None,None,None,None,14247000,None,None,None,None,6437000,None,None,-3964000,None,None,None,-1.836,-2880000,27565000,-27434000,368000,3902000,None,None,None,None,None,None,None,0.0,40.12,84.87,None,None,None,None,None,None,None,-2.648,None,17000,2025-10-29,quarterly,-1.75,USD,pre-market,21835000,-254658000,-0.281,-1.657,0.524,2.348,5730000,6437000,None,285000,123.73,187.98,-32.5758,22870000,19203000,4870000,12341000,3667000,7471000,131000,10529000,None,212.75,60.4
2025-12-28,INSM,-6.19,447022000.0,None,1.017,4.448,0,None,18835000,18835000,-557000,4571000,None,None,None,None,None,None,665000,4874200,None,14668000,14668000,968000,None,None,None,None,None,12897000,251000,None,None,None,0.0,-0.43,-27434000,-14537000,-1.32,2008-09-30,None,342153000.0,131000,-40929000,None,None,None,None,14247000,None,None,None,None,6437000,None,None,-2163000,None,None,None,-1.836,-3119000,27565000,-27434000,368000,3902000,None,None,None,None,None,None,None,0.0,40.12,84.87,None,None,None,None,None,None,None,-2.648,None,17000,2025-10-29,quarterly,-1.75,USD,pre-market,21835000,-254658000,-0.281,-1.657,0.524,2.348,5730000,6437000,None,285000,123.73,187.98,-32.5758,22870000,19203000,4870000,12341000,3667000,7471000,131000,10529000,None,212.75,60.4
2025-12-28,INSM,-6.19,447022000.0,None,1.017,4.448,0,None,18835000,18835000,-486000,-744000,None,None,None,None,None,None,665000,4874200,None,14668000,14668000,968000,None,None,None,None,None,12897000,270000,None,None,None,0.0,-0.43,-27434000,-14537000,-1.32,2008-06-30,None,342153000.0,131000,-40929000,None,None,None,None,14247000,None,None,None,None,6437000,None,None,-4667000,None,None,None,-1.836,-2097000,27565000,-27434000,368000,3902000,None,None,None,None,None,None,None,0.0,40.12,84.87,None,None,None,None,None,None,None,-2.648,None,17000,2025-10-29,quarterly,-1.75,USD,pre-market,21835000,-254658000,-0.281,-1.657,0.524,2.348,5730000,6437000,None,285000,123.73,187.98,-32.5758,22870000,19203000,4870000,12341000,3667000,7471000,131000,10529000,None,212.75,60.4
2025-12-28,INSM,-6.19,447022000.0,None,1.017,4.448,0,None,18835000,18835000,-553000,5601000,None,None,203000,None,None,None,665000,4874200,None,14668000,14668000,968000,None,None,None,None,None,12897000,292000,None,None,None,0.0,-0.43,-27434000,-14537000,-1.32,2008-03-31,None,342153000.0,131000,-40929000,None,None,None,None,14247000,None,None,None,None,6437000,None,None,-4873000,None,None,None,-1.836,-3896000,27565000,-27434000,368000,3902000,None,None,None,None,None,None,None,0.0,40.12,84.87,None,None,None,None,None,None,None,-2.648,None,17000,2025-10-29,quarterly,-1.75,USD,pre-market,21835000,-254658000,-0.281,-1.657,0.524,2.348,5730000,6437000,None,285000,123.73,187.98,-32.5758,22870000,19203000,4870000,12341000,3667000,7471000,131000,10529000,None,212.75,60.4
2025-12-28,INSM,-6.19,447022000.0,None,1.017,4.448,0,None,18835000,18835000,778000,9066000,None,None,5793000,None,None,None,665000,4874200,None,14668000,14668000,968000,None,None,None,None,None,12897000,147000,None,None,None,0.0,-0.43,-27434000,-14537000,-1.32,2007-12-31,None,342153000.0,131000,-40929000,None,None,None,None,14247000,None,None,None,None,6437000,None,None,-3297000,None,None,None,-1.836,-3212000,27565000,-27434000,368000,3902000,None,None,None,None,None,None,None,0.0,40.12,84.87,None,None,None,None,None,None,None,-2.648,None,17000,2025-10-29,quarterly,-1.75,USD,pre-market,21835000,-254658000,-0.281,-1.657,0.524,2.348,5730000,6437000,None,285000,123.73,187.98,-32.5758,22870000,19203000,4870000,12341000,3667000,7471000,131000,10529000,None,212.75,60.4
2025-12-28,INSM,-6.19,447022000.0,None,1.017,4.448,0,None,18835000,18835000,17344000,None,None,None,576000,None,None,None,665000,4874200,None,14668000,14668000,968000,None,None,None,None,None,12897000,91000,None,None,None,0.0,-0.43,-27434000,-14537000,-1.32,2007-09-30,None,342153000.0,131000,-40929000,None,None,None,None,14247000,None,None,None,None,6437000,None,None,-3912000,None,None,None,-1.836,-3346000,27565000,-27434000,368000,3902000,None,None,None,None,None,None,None,0.0,40.12,84.87,None,None,None,None,None,None,None,-2.648,None,17000,2025-10-29,quarterly,-1.75,USD,pre-market,21835000,-254658000,-0.281,-1.657,0.524,2.348,5730000,6437000,None,285000,123.73,187.98,-32.5758,22870000,19203000,4870000,12341000,3667000,7471000,131000,10529000,None,212.75,60.4
2025-12-28,INSM,-6.19,447022000.0,None,1.017,4.448,0,None,18835000,18835000,17047000,None,None,None,576000,None,None,None,665000,4874200,None,14668000,14668000,968000,None,None,None,None,None,12897000,86000,None,None,None,0.0,-0.43,-27434000,-14537000,-1.32,2007-06-30,None,342153000.0,131000,-40929000,None,None,None,None,14247000,None,None,None,None,6437000,None,None,-2500000,None,None,None,-1.836,-6824000,27565000,-27434000,368000,3902000,None,None,None,None,None,None,None,0.0,40.12,84.87,None,None,None,None,None,None,None,-2.648,None,17000,2025-10-29,quarterly,-1.75,USD,pre-market,21835000,-254658000,-0.281,-1.657,0.524,2.348,5730000,6437000,None,285000,123.73,187.98,-32.5758,22870000,19203000,4870000,12341000,3667000,7471000,131000,10529000,None,212.75,60.4
2025-12-28,INSM,-6.19,447022000.0,None,1.017,4.448,517000,None,18835000,18835000,297000,-500000,None,None,576000,None,None,None,665000,4874200,None,14668000,14668000,968000,None,None,None,None,None,12897000,82000,None,None,None,0.0,-0.43,-27434000,-14537000,-1.32,2007-03-31,None,342153000.0,131000,-40929000,None,None,None,None,14247000,None,None,None,None,6437000,None,None,-10253000,None,None,None,-1.836,-11873000,27565000,-27434000,368000,3902000,None,None,None,None,None,None,None,0.0,40.12,84.87,None,None,None,None,None,None,None,-2.648,None,17000,2025-10-29,quarterly,-1.75,USD,pre-market,21835000,-254658000,-0.281,-1.657,0.524,2.348,5730000,6437000,None,285000,123.73,187.98,-32.5758,22870000,19203000,4870000,12341000,3667000,7471000,131000,10529000,None,212.75,60.4
2025-12-28,INSM,-6.19,447022000.0,None,1.017,4.448,517000,None,18835000,18835000,443000,-517000,None,None,1245000,None,None,None,665000,4874200,None,14668000,14668000,968000,None,None,None,None,None,12897000,472000,None,None,None,0.0,-0.43,-27434000,-14537000,-1.32,2006-12-31,None,342153000.0,131000,-40929000,None,None,None,None,14247000,None,None,None,None,6437000,None,None,-21428000,None,None,None,-1.836,-10803000,27565000,-27434000,368000,3902000,None,None,None,None,None,None,None,0.0,40.12,84.87,None,None,None,None,None,None,None,-2.648,None,17000,2025-10-29,quarterly,-1.75,USD,pre-market,21835000,-254658000,-0.281,-1.657,0.524,2.348,5730000,6437000,None,285000,123.73,187.98,-32.5758,22870000,19203000,4870000,12341000,3667000,7471000,131000,10529000,None,212.75,60.4
2025-12-28,INSM,-6.19,447022000.0,None,1.017,4.448,1487000,None,18835000,18835000,6000,-1487000,None,None,-24000,None,None,None,665000,4874200,None,14668000,14668000,968000,None,None,None,None,None,12897000,88000,None,None,None,0.0,-0.43,-27434000,-14537000,-1.32,2006-09-30,None,342153000.0,131000,-40929000,None,None,None,None,14247000,None,None,None,None,6437000,None,None,-12372000,None,None,None,-1.836,-11886000,27565000,-27434000,368000,3902000,None,None,None,None,None,None,None,0.0,40.12,84.87,None,None,None,None,None,None,None,-2.648,None,17000,2025-10-29,quarterly,-1.75,USD,pre-market,21835000,-254658000,-0.281,-1.657,0.524,2.348,5730000,6437000,None,285000,123.73,187.98,-32.5758,22870000,19203000,4870000,12341000,3667000,7471000,131000,10529000,None,212.75,60.4
2025-12-28,INSM,-6.19,447022000.0,None,1.017,4.448,3016000,None,18835000,18835000,2000,-3016000,None,None,None,None,None,None,665000,4874200,None,14668000,14668000,968000,None,None,None,None,None,12897000,83000,None,None,None,0.0,-0.43,-27434000,-14537000,-1.32,2006-06-30,None,342153000.0,131000,-40929000,None,None,None,None,14247000,None,None,None,None,6437000,None,None,-8912000,None,None,None,-1.836,-7837000,27565000,-27434000,368000,3902000,None,None,None,None,None,None,None,0.0,40.12,84.87,None,None,None,None,None,None,None,-2.648,None,17000,2025-10-29,quarterly,-1.75,USD,pre-market,21835000,-254658000,-0.281,-1.657,0.524,2.348,5730000,6437000,None,285000,123.73,187.98,-32.5758,22870000,19203000,4870000,12341000,3667000,7471000,131000,10529000,None,212.75,60.4
2025-12-28,INSM,-6.19,447022000.0,None,1.017,4.448,0,None,18835000,18835000,52050000,None,None,None,None,None,None,None,665000,4874200,None,14668000,14668000,968000,None,None,None,None,None,12897000,2726000,None,None,None,0.0,-0.43,-27434000,-14537000,-1.32,2006-03-31,None,342153000.0,131000,-40929000,None,None,None,None,14247000,None,None,None,None,6437000,None,None,-13427000,None,None,None,-1.836,-11678000,27565000,-27434000,368000,3902000,None,None,None,None,None,None,None,0.0,40.12,84.87,None,None,None,None,None,None,None,-2.648,None,17000,2025-10-29,quarterly,-1.75,USD,pre-market,21835000,-254658000,-0.281,-1.657,0.524,2.348,5730000,6437000,None,285000,123.73,187.98,-32.5758,22870000,19203000,4870000,12341000,3667000,7471000,131000,10529000,None,212.75,60.4
2025-12-28,INSM,-6.19,447022000.0,None,1.017,4.448,0,None,18835000,18835000,4368000,None,None,None,None,None,None,None,665000,4874200,None,14668000,14668000,968000,None,None,None,None,None,12897000,5656000,None,None,None,0.0,-0.43,-27434000,-14537000,-1.32,2005-12-31,None,342153000.0,131000,-40929000,None,None,None,None,14247000,None,None,None,None,6437000,None,None,-12885000,None,None,None,-1.836,-6209000,27565000,-27434000,368000,3902000,None,None,None,None,None,None,None,0.0,40.12,84.87,None,None,None,None,None,None,None,-2.648,None,17000,2025-10-29,quarterly,-1.75,USD,pre-market,21835000,-254658000,-0.281,-1.657,0.524,2.348,5730000,6437000,None,285000,123.73,187.98,-32.5758,22870000,19203000,4870000,12341000,3667000,7471000,131000,10529000,None,212.75,60.4
2025-12-28,INSM,-6.19,447022000.0,None,1.017,4.448,0,None,18835000,18835000,88000,None,None,None,None,None,None,None,665000,4874200,None,14668000,14668000,968000,None,None,None,None,None,12897000,5668000,None,None,None,0.0,-0.43,-27434000,-14537000,-1.32,2005-09-30,None,342153000.0,131000,-40929000,None,None,None,None,14247000,None,None,None,None,6437000,None,None,-13756000,None,None,None,-1.836,-7867000,27565000,-27434000,368000,3902000,None,None,None,None,None,None,None,0.0,40.12,84.87,None,None,None,None,None,None,None,-2.648,None,17000,2025-10-29,quarterly,-1.75,USD,pre-market,21835000,-254658000,-0.281,-1.657,0.524,2.348,5730000,6437000,None,285000,123.73,187.98,-32.5758,22870000,19203000,4870000,12341000,3667000,7471000,131000,10529000,None,212.75,60.4
2025-12-28,INSM,-6.19,447022000.0,None,1.017,4.448,21923000,None,18835000,18835000,1341020000,-583175000,None,None,-17044000,None,None,None,665000,4874200,None,14668000,14668000,968000,None,None,None,None,None,12897000,11013000,None,None,None,0.0,-0.43,-27434000,-14537000,-1.32,2024-12-31,None,342153000.0,131000,-40929000,None,None,None,None,14247000,None,None,None,None,6437000,None,None,-913772000,None,None,None,-1.836,-683882000,27565000,-27434000,368000,3902000,None,None,None,None,None,None,None,0.0,40.12,84.87,None,None,None,None,None,None,None,-2.648,None,17000,2025-10-29,annual,-1.75,USD,pre-market,21835000,-254658000,-0.281,-1.657,0.524,2.348,5730000,6437000,None,285000,123.73,187.98,-32.5758,22870000,19203000,4870000,12341000,3667000,7471000,131000,10529000,None,212.75,60.4
2025-12-28,INSM,-6.19,447022000.0,None,1.017,4.448,13288000,None,18835000,18835000,168439000,-223604000,None,None,-13613000,None,None,None,665000,4874200,None,14668000,14668000,968000,None,None,None,None,None,12897000,10579000,None,None,None,0.0,-0.43,-27434000,-14537000,-1.32,2023-12-31,None,342153000.0,131000,-40929000,None,None,None,None,14247000,None,None,None,None,6437000,None,None,-749567000,None,None,None,-1.836,-536247000,27565000,-27434000,368000,3902000,None,None,None,None,None,None,None,0.0,40.12,84.87,None,None,None,None,None,None,None,-2.648,None,17000,2025-10-29,annual,-1.75,USD,pre-market,21835000,-254658000,-0.281,-1.657,0.524,2.348,5730000,6437000,None,285000,123.73,187.98,-32.5758,22870000,19203000,4870000,12341000,3667000,7471000,131000,10529000,None,212.75,60.4
2025-12-28,INSM,-6.19,447022000.0,None,1.017,4.448,9878000,None,18835000,18835000,793273000,-34584000,358250000,None,-1714000,None,None,-6423000,665000,4874200,None,14668000,14668000,968000,None,None,None,None,None,12897000,10331000,None,None,None,0.0,-0.43,-27434000,-14537000,-1.32,2022-12-31,None,342153000.0,131000,-40929000,None,None,None,None,14247000,None,None,None,None,6437000,None,None,-481534000,None,None,None,-1.836,-400439000,27565000,-27434000,368000,3902000,None,None,None,None,None,None,None,0.0,40.12,84.87,None,None,None,None,None,311657000,None,-2.648,None,17000,2025-10-29,annual,-1.75,USD,pre-market,21835000,-254658000,-0.281,-1.657,0.524,2.348,5730000,6437000,None,285000,123.73,187.98,-32.5758,22870000,19203000,4870000,12341000,3667000,7471000,131000,10529000,None,212.75,60.4
2025-12-28,INSM,-6.19,447022000.0,None,1.017,4.448,7289000,None,18835000,18835000,612546000,-64285000,184959000,None,-17456000,None,None,-8118000,665000,4874200,None,14668000,14668000,968000,None,None,None,None,None,12897000,14182000,None,None,None,0.0,-0.43,-27434000,-14537000,-1.32,2021-12-31,None,342153000.0,131000,-40929000,None,None,None,None,14247000,None,None,None,None,6437000,None,None,-434654000,None,None,None,-1.836,-363302000,27565000,-27434000,368000,3902000,None,None,None,None,None,None,None,0.0,40.12,84.87,None,None,None,None,None,291923000,None,-2.648,None,17000,2025-10-29,annual,-1.75,USD,pre-market,21835000,-254658000,-0.281,-1.657,0.524,2.348,5730000,6437000,None,285000,123.73,187.98,-32.5758,22870000,19203000,4870000,12341000,3667000,7471000,131000,10529000,None,212.75,60.4
2025-12-28,INSM,-6.19,447022000.0,None,1.017,4.448,6822000,None,18835000,18835000,271003000,-6822000,45327000,494000,-21180000,None,None,2670000,665000,4874200,None,14668000,14668000,968000,None,None,None,None,None,12897000,14150000,None,None,None,0.0,-0.43,-27434000,-14537000,-1.32,2020-12-31,None,342153000.0,131000,-40929000,None,None,None,None,14247000,None,None,None,None,6437000,None,None,-294090000,None,None,None,-1.836,-219348000,27565000,-27434000,368000,3902000,None,None,None,None,None,None,None,0.0,40.12,84.87,None,None,None,None,None,271939000,None,-2.648,None,17000,2025-10-29,annual,-1.75,USD,pre-market,21835000,-254658000,-0.281,-1.657,0.524,2.348,5730000,6437000,None,285000,123.73,187.98,-32.5758,22870000,19203000,4870000,12341000,3667000,7471000,131000,10529000,None,212.75,60.4
2025-12-28,INSM,-6.19,447022000.0,None,1.017,4.448,42268000,None,18835000,18835000,285278000,-42268000,-7643000,-4000,-21281000,None,None,-13717000,665000,4874200,None,14668000,14668000,968000,None,None,None,None,None,12897000,10181000,None,None,None,0.0,-0.43,-27434000,-14537000,-1.32,2019-12-31,None,342153000.0,131000,-40929000,None,None,None,None,14247000,None,None,None,None,6437000,None,None,-254337000,None,None,None,-1.836,-250649000,27565000,-27434000,368000,3902000,None,None,None,None,None,None,None,0.0,40.12,84.87,None,None,None,None,None,280775000,None,-2.648,None,17000,2025-10-29,annual,-1.75,USD,pre-market,21835000,-254658000,-0.281,-1.657,0.524,2.348,5730000,6437000,None,285000,123.73,187.98,-32.5758,22870000,19203000,4870000,12341000,3667000,7471000,131000,10529000,None,212.75,60.4
2025-12-28,INSM,-6.19,447022000.0,None,1.017,4.448,14814000,None,18835000,18835000,386743000,-14814000,113907000,-45000,-7032000,None,None,-5515000,665000,4874200,None,14668000,14668000,968000,None,None,None,None,None,12897000,4826000,None,None,None,0.0,-0.43,-27434000,-14537000,-1.32,2018-12-31,None,342153000.0,131000,-40929000,None,None,None,None,14247000,None,None,None,None,6437000,None,None,-324277000,None,None,None,-1.836,-257977000,27565000,-27434000,368000,3902000,None,None,None,None,None,None,None,0.0,40.12,84.87,None,None,None,None,None,8815000,None,-2.648,None,17000,2025-10-29,annual,-1.75,USD,pre-market,21835000,-254658000,-0.281,-1.657,0.524,2.348,5730000,6437000,None,285000,123.73,187.98,-32.5758,22870000,19203000,4870000,12341000,3667000,7471000,131000,10529000,None,212.75,60.4
2025-12-28,INSM,-6.19,447022000.0,None,1.017,4.448,3001000,None,18835000,18835000,381089000,-3001000,218574000,103000,-7032000,None,None,None,665000,4874200,None,14668000,14668000,968000,None,None,None,None,None,12897000,2901000,0,0,None,0.0,-0.43,-27434000,-14537000,-1.32,2017-12-31,None,342153000.0,131000,-40929000,None,None,None,None,14247000,None,None,None,None,6437000,None,None,-192649000,None,None,None,-1.836,-159617000,27565000,-27434000,368000,3902000,None,None,None,None,None,None,None,0.0,40.12,84.87,None,None,None,None,None,381089000,None,-2.648,None,17000,2025-10-29,annual,-1.75,USD,pre-market,21835000,-254658000,-0.281,-1.657,0.524,2.348,5730000,6437000,None,285000,123.73,187.98,-32.5758,22870000,19203000,4870000,12341000,3667000,7471000,131000,10529000,None,212.75,60.4
2025-12-28,INSM,-6.19,447022000.0,None,1.017,4.448,4200000,None,18835000,18835000,30673000,-4200000,-120285000,-50000,-7032000,None,None,None,665000,4874200,None,14668000,14668000,968000,None,None,None,None,None,12897000,2438000,0,0,None,0.0,-0.43,-27434000,-14537000,-1.32,2016-12-31,None,342153000.0,131000,-40929000,None,None,None,None,14247000,None,None,None,None,6437000,None,None,-176273000,None,None,None,-1.836,-146708000,27565000,-27434000,368000,3902000,None,None,None,None,None,None,None,0.0,40.12,84.87,None,None,None,None,None,1084000,None,-2.648,None,17000,2025-10-29,annual,-1.75,USD,pre-market,21835000,-254658000,-0.281,-1.657,0.524,2.348,5730000,6437000,None,285000,123.73,187.98,-32.5758,22870000,19203000,4870000,12341000,3667000,7471000,131000,10529000,None,212.75,60.4
2025-12-28,INSM,-6.19,447022000.0,None,1.017,4.448,3454000,None,18835000,18835000,227804000,-3454000,123650000,None,-7032000,None,None,None,665000,4874200,None,14668000,14668000,968000,None,None,None,None,None,12897000,1982000,0,0,None,0.0,-0.43,-27434000,-14537000,-1.32,2015-12-31,None,342153000.0,131000,-40929000,None,None,None,None,14247000,None,None,None,None,6437000,None,None,-118183000,None,None,None,-1.836,-100700000,27565000,-27434000,368000,3902000,None,None,None,None,None,None,None,0.0,40.12,84.87,None,None,None,None,None,228054000,None,-2.648,None,17000,2025-10-29,annual,-1.75,USD,pre-market,21835000,-254658000,-0.281,-1.657,0.524,2.348,5730000,6437000,None,285000,123.73,187.98,-32.5758,22870000,19203000,4870000,12341000,3667000,7471000,131000,10529000,None,212.75,60.4
2025-12-28,INSM,-6.19,447022000.0,None,1.017,4.448,5351000,None,18835000,18835000,115089000,-5341000,45332000,None,0,None,None,None,665000,4874200,None,14668000,14668000,968000,None,None,None,None,None,12897000,1073000,0,0,None,0.0,-0.43,-27434000,-14537000,-1.32,2014-12-31,None,342153000.0,131000,-40929000,None,None,None,None,14247000,None,None,None,None,6437000,None,None,-79159000,None,None,None,-1.836,-64416000,27565000,-27434000,368000,3902000,None,None,None,None,None,None,None,0.0,40.12,84.87,None,None,None,None,None,110403000,None,-2.648,None,17000,2025-10-29,annual,-1.75,USD,pre-market,21835000,-254658000,-0.281,-1.657,0.524,2.348,5730000,6437000,None,285000,123.73,187.98,-32.5758,22870000,19203000,4870000,12341000,3667000,7471000,131000,10529000,None,212.75,60.4
2025-12-28,INSM,-6.19,447022000.0,None,1.017,4.448,826000,None,18835000,18835000,68447000,1329000,23112000,None,0,None,None,None,665000,4874200,None,14668000,14668000,968000,None,None,None,None,None,12897000,680000,0,0,None,0.0,-0.43,-27434000,-14537000,-1.32,2013-12-31,None,342153000.0,131000,-40929000,None,None,None,None,14247000,None,None,None,None,6437000,None,None,-56073000,None,None,None,-1.836,-46664000,27565000,-27434000,368000,3902000,None,None,None,None,None,None,None,0.0,40.12,84.87,None,None,None,None,None,68643000,None,-2.648,None,17000,2025-10-29,annual,-1.75,USD,pre-market,21835000,-254658000,-0.281,-1.657,0.524,2.348,5730000,6437000,None,285000,123.73,187.98,-32.5758,22870000,19203000,4870000,12341000,3667000,7471000,131000,10529000,None,212.75,60.4
2025-12-28,INSM,-6.19,447022000.0,None,1.017,4.448,290000,None,18835000,18835000,45424000,61522000,75934000,None,483000,None,None,757000,665000,4874200,None,14668000,14668000,968000,None,None,None,None,None,12897000,561000,0,0,None,0.0,-0.43,-27434000,-14537000,-1.32,2012-12-31,None,342153000.0,131000,-40929000,None,None,None,None,14247000,None,None,None,None,6437000,None,None,-41374000,None,None,None,-1.836,-31012000,27565000,-27434000,368000,3902000,None,None,None,None,None,None,None,0.0,40.12,84.87,None,None,None,None,None,25872000,None,-2.648,None,17000,2025-10-29,annual,-1.75,USD,pre-market,21835000,-254658000,-0.281,-1.657,0.524,2.348,5730000,6437000,None,285000,123.73,187.98,-32.5758,22870000,19203000,4870000,12341000,3667000,7471000,131000,10529000,None,212.75,60.4
2025-12-28,INSM,-6.19,447022000.0,None,1.017,4.448,979000,None,18835000,18835000,-50000,34360000,4105000,None,1654000,None,None,-286000,665000,4874200,None,14668000,14668000,968000,None,None,None,None,None,12897000,343000,0,0,None,0.0,-0.43,-27434000,-14537000,-1.32,2011-12-31,None,342153000.0,131000,-40929000,None,None,None,None,14247000,None,None,None,None,6437000,None,None,-59664000,None,None,None,-1.836,-30205000,27565000,-27434000,368000,3902000,None,None,None,None,None,None,None,0.0,40.12,84.87,None,None,None,None,None,32000,None,-2.648,None,17000,2025-10-29,annual,-1.75,USD,pre-market,21835000,-254658000,-0.281,-1.657,0.524,2.348,5730000,6437000,None,285000,123.73,187.98,-32.5758,22870000,19203000,4870000,12341000,3667000,7471000,131000,10529000,None,212.75,60.4
2025-12-28,INSM,-6.19,447022000.0,None,1.017,4.448,6733000,None,18835000,18835000,-233000,5958000,None,None,-104435000,None,None,None,665000,4874200,None,14668000,14668000,968000,None,None,None,None,None,12897000,54000,None,None,None,0.0,-0.43,-27434000,-14537000,-1.32,2010-12-31,None,342153000.0,131000,-40929000,None,None,None,None,14247000,None,None,None,None,6437000,None,None,-6434000,None,None,None,-1.836,-7722000,27565000,-27434000,368000,3902000,None,None,None,None,None,None,None,0.0,40.12,84.87,None,None,None,None,None,None,None,-2.648,None,17000,2025-10-29,annual,-1.75,USD,pre-market,21835000,-254658000,-0.281,-1.657,0.524,2.348,5730000,6437000,None,285000,123.73,187.98,-32.5758,22870000,19203000,4870000,12341000,3667000,7471000,131000,10529000,None,212.75,60.4
2025-12-28,INSM,-6.19,447022000.0,None,1.017,4.448,0,None,18835000,18835000,2867000,18740000,None,None,-1779000,None,None,None,665000,4874200,None,14668000,14668000,968000,None,None,None,None,None,12897000,707000,None,None,None,0.0,-0.43,-27434000,-14537000,-1.32,2009-12-31,None,342153000.0,131000,-40929000,None,None,None,None,14247000,None,None,None,None,6437000,None,None,118350000,None,None,None,-1.836,-11012000,27565000,-27434000,368000,3902000,None,None,None,None,None,None,None,0.0,40.12,84.87,None,None,None,None,None,None,None,-2.648,None,17000,2025-10-29,annual,-1.75,USD,pre-market,21835000,-254658000,-0.281,-1.657,0.524,2.348,5730000,6437000,None,285000,123.73,187.98,-32.5758,22870000,19203000,4870000,12341000,3667000,7471000,131000,10529000,None,212.75,60.4
2025-12-28,INSM,-6.19,447022000.0,None,1.017,4.448,0,None,18835000,18835000,-2090000,12673000,None,None,245000,None,None,None,665000,4874200,None,14668000,14668000,968000,None,None,None,None,None,12897000,1043000,None,None,None,0.0,-0.43,-27434000,-14537000,-1.32,2008-12-31,None,342153000.0,131000,-40929000,None,None,None,None,14247000,None,None,None,None,6437000,None,None,-15667000,None,None,None,-1.836,-11992000,27565000,-27434000,368000,3902000,None,None,None,None,None,None,None,0.0,40.12,84.87,None,None,None,None,None,None,None,-2.648,None,17000,2025-10-29,annual,-1.75,USD,pre-market,21835000,-254658000,-0.281,-1.657,0.524,2.348,5730000,6437000,None,285000,123.73,187.98,-32.5758,22870000,19203000,4870000,12341000,3667000,7471000,131000,10529000,None,212.75,60.4
2025-12-28,INSM,-6.19,447022000.0,None,1.017,4.448,0,None,18835000,18835000,18122000,8566000,None,None,576000,None,None,None,665000,4874200,None,14668000,14668000,968000,None,None,None,None,None,12897000,406000,None,None,None,0.0,-0.43,-27434000,-14537000,-1.32,2007-12-31,None,342153000.0,131000,-40929000,None,None,None,None,14247000,None,None,None,None,6437000,None,None,-19962000,None,None,None,-1.836,-25255000,27565000,-27434000,368000,3902000,None,None,None,None,None,None,None,0.0,40.12,84.87,None,None,None,None,None,None,None,-2.648,None,17000,2025-10-29,annual,-1.75,USD,pre-market,21835000,-254658000,-0.281,-1.657,0.524,2.348,5730000,6437000,None,285000,123.73,187.98,-32.5758,22870000,19203000,4870000,12341000,3667000,7471000,131000,10529000,None,212.75,60.4
2025-12-28,INSM,-6.19,447022000.0,None,1.017,4.448,5020000,None,18835000,18835000,52501000,-5020000,None,None,-576000,None,None,None,665000,4874200,None,14668000,14668000,968000,None,None,None,None,None,12897000,3369000,None,None,None,0.0,-0.43,-27434000,-14537000,-1.32,2006-12-31,None,342153000.0,131000,-40929000,None,None,None,None,14247000,None,None,None,None,6437000,None,None,-56139000,None,None,None,-1.836,-42204000,27565000,-27434000,368000,3902000,None,None,None,None,None,None,None,0.0,40.12,84.87,None,None,None,None,None,None,None,-2.648,None,17000,2025-10-29,annual,-1.75,USD,pre-market,21835000,-254658000,-0.281,-1.657,0.524,2.348,5730000,6437000,None,285000,123.73,187.98,-32.5758,22870000,19203000,4870000,12341000,3667000,7471000,131000,10529000,None,212.75,60.4
2025-12-28,INSM,-6.19,447022000.0,None,1.017,4.448,0,None,18835000,18835000,37378000,None,None,None,None,None,None,None,665000,4874200,None,14668000,14668000,968000,None,None,None,None,None,12897000,12897000,None,None,None,0.0,-0.43,-27434000,-14537000,-1.32,2005-12-31,None,342153000.0,131000,-40929000,None,None,None,None,14247000,None,None,None,None,6437000,None,None,-40929000,None,None,None,-1.836,-27765000,27565000,-27434000,368000,3902000,None,None,None,None,None,None,None,0.0,40.12,84.87,None,None,None,None,None,None,None,-2.648,None,17000,2025-10-29,annual,-1.75,USD,pre-market,21835000,-254658000,-0.281,-1.657,0.524,2.348,5730000,6437000,None,285000,123.73,187.98,-32.5758,22870000,19203000,4870000,12341000,3667000,7471000,131000,10529000,None,212.75,60.4
