date,symbol,eps,revenue_ttm,pe_ratio,accumulateddepreciationamortizationppe,beta,book_value,capitalexpenditures,capitalleaseobligations,cashandcashequivalentsatcarryingvalue,cashandshortterminvestments,cashflowfromfinancing,cashflowfrominvestment,changeincashandcashequivalents,changeinexchangerate,changeininventory,changeinoperatingassets,changeinoperatingliabilities,changeinreceivables,commonstock,commonstocksharesoutstanding,comprehensiveincomenetoftax,costofgoodsandservicessold,costofrevenue,currentaccountspayable,currentdebt,currentlongtermdebt,currentnetreceivables,deferredrevenue,depreciation,depreciationandamortization,depreciationdepletionandamortization,dividendpayout,dividendpayoutcommonstock,dividendpayoutpreferredstock,earnings_growth_yoy,earnings_surprise,ebit,ebitda,estimated_eps,fiscaldateending,forward_pe,goodwill,gross_profit_ttm,grossprofit,incomebeforetax,incometaxexpense,intangibleassets,intangibleassetsexcludinggoodwill,interestanddebtexpense,interestexpense,interestincome,inventory,investmentincomenet,investments,longtermdebt,longtermdebtnoncurrent,longterminvestments,netincome,netincomefromcontinuingoperations,netinterestincome,noninterestincome,operating_margin_ttm,operatingcashflow,operatingexpenses,operatingincome,othercurrentassets,othercurrentliabilities,othernoncurrentassets,othernoncurrentliabilities,othernonoperatingincome,paymentsforoperatingactivities,paymentsforrepurchaseofcommonstock,paymentsforrepurchaseofequity,paymentsforrepurchaseofpreferredstock,peg_ratio,price_to_book,price_to_sales_ttm,proceedsfromissuanceofcommonstock,proceedsfromissuanceoflongtermdebtandcapitalsecuritiesnet,proceedsfromissuanceofpreferredstock,proceedsfromoperatingactivities,proceedsfromrepaymentsofshorttermdebt,proceedsfromrepurchaseofequity,proceedsfromsaleoftreasurystock,profit_margin,profitloss,propertyplantequipment,report_date,report_type,reported_eps,reportedcurrency,reporttime,researchanddevelopment,retainedearnings,return_on_assets_ttm,return_on_equity_ttm,revenue_growth_yoy,revenue_per_share_ttm,sellinggeneralandadministrative,shortlongtermdebttotal,shorttermdebt,shortterminvestments,sma_200,sma_50,surprise_pct,totalassets,totalcurrentassets,totalcurrentliabilities,totalliabilities,totalnoncurrentassets,totalnoncurrentliabilities,totalrevenue,totalshareholderequity,trailing_pe,treasurystock,week_52_high,week_52_low
2013-03-31,IQV,,,,,,,,,,,,,,,,,,,,,,,,,,,,,,,,,,,,0.0,,,,,,,,,,,,,,,,,,,,,,,,,,,,,,,,,,,,,,,,,,,,,,,,,,,,2013-05-10,,0.3647,,pre-market,,,,,,,,,,,,,,,,,,,,,,,,,
2013-06-30,IQV,,,,,,,,,,,,,,,,,,,,,,,,,,,,,,,,,,,,0.03,,,0.47,,,,,,,,,,,,,,,,,,,,,,,,,,,,,,,,,,,,,,,,,,,,,,,,,2013-08-01,,0.5,,pre-market,,,,,,,,,,,,,6.383,,,,,,,,,,,,
2013-09-30,IQV,,,,,,,,,,,,,,,,,,,,,,,,,,,,,,,,,,,,0.03,,,0.51,,,,,,,,,,,,,,,,,,,,,,,,,,,,,,,,,,,,,,,,,,,,,,,,,2013-10-31,,0.54,,pre-market,,,,,,,,,,,,,5.8824,,,,,,,,,,,,
2013-12-31,IQV,,,,,,,,,,,,,,,,,,,,,,,,,,,,,,,,,,,,0.03,,,0.55,,,,,,,,,,,,,,,,,,,,,,,,,,,,,,,,,,,,,,,,,,,,,,,,,2014-02-13,,0.58,,pre-market,,,,,,,,,,,,,5.4545,,,,,,,,,,,,
2014-03-31,IQV,,,,,,,,,,,,,,,,,,,,,,,,,,,,,,,,,,,,0.08,,,0.6,,,,,,,,,,,,,,,,,,,,,,,,,,,,,,,,,,,,,,,,,,,,,,,,,2014-05-02,,0.68,,pre-market,,,,,,,,,,,,,13.3333,,,,,,,,,,,,
2014-06-30,IQV,,,,,,,,,,,,,,,,,,,,,,,,,,,,,,,,,,,,0.03,,,0.61,,,,,,,,,,,,,,,,,,,,,,,,,,,,,,,,,,,,,,,,,,,,,,,,,2014-07-31,,0.64,,pre-market,,,,,,,,,,,,,4.918,,,,,,,,,,,,
2014-09-30,IQV,,,,,,,,,,,,,,,,,,,,,,,,,,,,,,,,,,,,0.01,,,0.64,,,,,,,,,,,,,,,,,,,,,,,,,,,,,,,,,,,,,,,,,,,,,,,,,2014-10-30,,0.65,,pre-market,,,,,,,,,,,,,1.5625,,,,,,,,,,,,
2014-12-31,IQV,,,,,,,,,,,,,,,,,,,,,,,,,,,,,,,,,,,,0.04,,,0.67,,,,,,,,,,,,,,,,,,,,,,,,,,,,,,,,,,,,,,,,,,,,,,,,,2015-02-12,,0.71,,pre-market,,,,,,,,,,,,,5.9701,,,,,,,,,,,,
2015-03-31,IQV,,,,,,,,,,,,,,,,,,,,,,,,,,,,,,,,,,,,0.01,,,0.71,,,,,,,,,,,,,,,,,,,,,,,,,,,,,,,,,,,,,,,,,,,,,,,,,2015-04-29,,0.72,,pre-market,,,,,,,,,,,,,1.4085,,,,,,,,,,,,
2015-06-30,IQV,,,,,,,,,,,,,,,,,,,,,,,,,,,,,,,,,,,,0.08,,,0.7,,,,,,,,,,,,,,,,,,,,,,,,,,,,,,,,,,,,,,,,,,,,,,,,,2015-07-29,,0.78,,pre-market,,,,,,,,,,,,,11.4286,,,,,,,,,,,,
2015-09-30,IQV,,,,,,,,,,,,,,,,,,,,,,,,,,,,,,,,,,,,0.13,,,0.81,,,,,,,,,,,,,,,,,,,,,,,,,,,,,,,,,,,,,,,,,,,,,,,,,2015-10-28,,0.94,,pre-market,,,,,,,,,,,,,16.0494,,,,,,,,,,,,
2015-12-31,IQV,,,,,,,,,,,,,,,,,,,,,,,,,,,,,,,,,,,,0.03,,,0.87,,,,,,,,,,,,,,,,,,,,,,,,,,,,,,,,,,,,,,,,,,,,,,,,,2016-02-11,,0.9,,pre-market,,,,,,,,,,,,,3.4483,,,,,,,,,,,,
2016-03-31,IQV,,,,,,,,,,,,,,,,,,,,,,,,,,,,,,,,,,,,0.03,,,0.86,,,,,,,,,,,,,,,,,,,,,,,,,,,,,,,,,,,,,,,,,,,,,,,,,2016-05-03,,0.89,,pre-market,,,,,,,,,,,,,3.4884,,,,,,,,,,,,
2016-06-30,IQV,,,,,,,,,,,,,,,,,,,,,,,,,,,,,,,,,,,,0.03,,,0.9,,,,,,,,,,,,,,,,,,,,,,,,,,,,,,,,,,,,,,,,,,,,,,,,,2016-07-27,,0.93,,pre-market,,,,,,,,,,,,,3.3333,,,,,,,,,,,,
2016-09-30,IQV,,,,,,,,,,,,,,,,,,,,,,,,,,,,,,,,,,,,0.01,,,0.99,,,,,,,,,,,,,,,,,,,,,,,,,,,,,,,,,,,,,,,,,,,,,,,,,2016-11-02,,1.0,,pre-market,,,,,,,,,,,,,1.0101,,,,,,,,,,,,
2016-12-31,IQV,,,,,,,,,,,,,,,,,,,,,,,,,,,,,,,,,,,,0.04,,,1.05,,,,,,,,,,,,,,,,,,,,,,,,,,,,,,,,,,,,,,,,,,,,,,,,,2017-02-14,,1.09,,pre-market,,,,,,,,,,,,,3.8095,,,,,,,,,,,,
2017-03-31,IQV,,,,,,,,,,,,,,,,,,,,,,,,,,,,,,,,,,,,0.05,,,0.96,,,,,,,,,,,,,,,,,,,,,,,,,,,,,,,,,,,,,,,,,,,,,,,,,2017-05-03,,1.01,,pre-market,,,,,,,,,,,,,5.2083,,,,,,,,,,,,
2017-06-30,IQV,,,,,,,,,,,,,,,,,,,,,,,,,,,,,,,,,,,,0.04,,,1.05,,,,,,,,,,,,,,,,,,,,,,,,,,,,,,,,,,,,,,,,,,,,,,,,,2017-08-03,,1.09,,pre-market,,,,,,,,,,,,,3.8095,,,,,,,,,,,,
2017-09-30,IQV,,,,,,,,,,,,,,,,,,,,,,,,,,,,,,,,,,,,0.05,,,1.14,,,,,,,,,,,,,,,,,,,,,,,,,,,,,,,,,,,,,,,,,,,,,,,,,2017-10-26,,1.19,,pre-market,,,,,,,,,,,,,4.386,,,,,,,,,,,,
2017-12-31,IQV,,,,,,,,,,,,,,,,,,,,,,,,,,,,,,,,,,,,0.06,,,1.34,,,,,,,,,,,,,,,,,,,,,,,,,,,,,,,,,,,,,,,,,,,,,,,,,2018-02-14,,1.4,,pre-market,,,,,,,,,,,,,4.4776,,,,,,,,,,,,
2018-03-31,IQV,,,,,,,,,,,,,,,,,,,,,,,,,,,,,,,,,,,,0.07,,,1.27,,,,,,,,,,,,,,,,,,,,,,,,,,,,,,,,,,,,,,,,,,,,,,,,,2018-05-02,,1.34,,pre-market,,,,,,,,,,,,,5.5118,,,,,,,,,,,,
2018-06-30,IQV,,,,,,,,,,,,,,,,,,,,,,,,,,,,,,,,,,,,0.06,,,1.23,,,,,,,,,,,,,,,,,,,,,,,,,,,,,,,,,,,,,,,,,,,,,,,,,2018-07-24,,1.29,,pre-market,,,,,,,,,,,,,4.878,,,,,,,,,,,,
2018-09-30,IQV,,,,,,,,,,,,,,,,,,,,,,,,,,,,,,,,,,,,0.03,,,1.39,,,,,,,,,,,,,,,,,,,,,,,,,,,,,,,,,,,,,,,,,,,,,,,,,2018-10-22,,1.42,,pre-market,,,,,,,,,,,,,2.1583,,,,,,,,,,,,
2018-12-31,IQV,,,,,,,,,,,,,,,,,,,,,,,,,,,,,,,,,,,,0.03,,,1.47,,,,,,,,,,,,,,,,,,,,,,,,,,,,,,,,,,,,,,,,,,,,,,,,,2019-02-14,,1.5,,pre-market,,,,,,,,,,,,,2.0408,,,,,,,,,,,,
2019-03-31,IQV,,,,,,,,,,,,,,,,,,,,,,,,,,,,,,,,,,,,0.02,,,1.51,,,,,,,,,,,,,,,,,,,,,,,,,,,,,,,,,,,,,,,,,,,,,,,,,2019-05-01,,1.53,,pre-market,,,,,,,,,,,,,1.3245,,,,,,,,,,,,
2019-06-30,IQV,,,,,,,,,,,,,,,,,,,,,,,,,,,,,,,,,,,,0.04,,,1.49,,,,,,,,,,,,,,,,,,,,,,,,,,,,,,,,,,,,,,,,,,,,,,,,,2019-07-24,,1.53,,pre-market,,,,,,,,,,,,,2.6846,,,,,,,,,,,,
2019-09-30,IQV,,,,,,,,,,,,,,,,,,,,,,,,,,,,,,,,,,,,0.03,,,1.57,,,,,,,,,,,,,,,,,,,,,,,,,,,,,,,,,,,,,,,,,,,,,,,,,2019-10-30,,1.6,,pre-market,,,,,,,,,,,,,1.9108,,,,,,,,,,,,
2019-12-31,IQV,,,,,,,,,,,,,,,,,,,,,,,,,,,,,,,,,,,,0.02,,,1.72,,,,,,,,,,,,,,,,,,,,,,,,,,,,,,,,,,,,,,,,,,,,,,,,,2020-02-12,,1.74,,pre-market,,,,,,,,,,,,,1.1628,,,,,,,,,,,,
2020-03-31,IQV,,,,,,,,,,,,,,,,,,,,,,,,,,,,,,,,,,,,0.02,,,1.48,,,,,,,,,,,,,,,,,,,,,,,,,,,,,,,,,,,,,,,,,,,,,,,,,2020-04-28,,1.5,,pre-market,,,,,,,,,,,,,1.3514,,,,,,,,,,,,
2020-06-30,IQV,,,,,,,,,,,,,,,,,,,,,,,,,,,,,,,,,,,,0.12,,,1.06,,,,,,,,,,,,,,,,,,,,,,,,,,,,,,,,,,,,,,,,,,,,,,,,,2020-07-22,,1.18,,pre-market,,,,,,,,,,,,,11.3208,,,,,,,,,,,,
2020-09-30,IQV,,,,,,,,,,,,,,,,,,,,,,,,,,,,,,,,,,,,0.09,,,1.54,,,,,,,,,,,,,,,,,,,,,,,,,,,,,,,,,,,,,,,,,,,,,,,,,2020-10-20,,1.63,,pre-market,,,,,,,,,,,,,5.8442,,,,,,,,,,,,
2020-12-31,IQV,,,,,,,,,,,,,,,,,,,,,,,,,,,,,,,,,,,,0.11,,,2.0,,,,,,,,,,,,,,,,,,,,,,,,,,,,,,,,,,,,,,,,,,,,,,,,,2021-02-10,,2.11,,pre-market,,,,,,,,,,,,,5.5,,,,,,,,,,,,
2021-03-31,IQV,,,,,,,,,,,,,,,,,,,,,,,,,,,,,,,,,,,,0.33,,,1.85,,,,,,,,,,,,,,,,,,,,,,,,,,,,,,,,,,,,,,,,,,,,,,,,,2021-04-22,,2.18,,pre-market,,,,,,,,,,,,,17.8378,,,,,,,,,,,,
2021-06-30,IQV,,,,,,,,,,,,,,,,,,,,,,,,,,,,,,,,,,,,0.05,,,2.08,,,,,,,,,,,,,,,,,,,,,,,,,,,,,,,,,,,,,,,,,,,,,,,,,2021-07-27,,2.13,,pre-market,,,,,,,,,,,,,2.4038,,,,,,,,,,,,
2021-09-30,IQV,,,,,,,,,,,,,,,,,,,,,,,,,,,,,,,,,,,,0.05,,,2.12,,,,,,,,,,,,,,,,,,,,,,,,,,,,,,,,,,,,,,,,,,,,,,,,,2021-10-21,,2.17,,pre-market,,,,,,,,,,,,,2.3585,,,,,,,,,,,,
2021-12-31,IQV,,,,,,,,,,,,,,,,,,,,,,,,,,,,,,,,,,,,0.12,,,2.43,,,,,,,,,,,,,,,,,,,,,,,,,,,,,,,,,,,,,,,,,,,,,,,,,2022-02-15,,2.55,,pre-market,,,,,,,,,,,,,4.9383,,,,,,,,,,,,
2022-03-31,IQV,,,,,,,,,,,,,,,,,,,,,,,,,,,,,,,,,,,,0.05,,,2.42,,,,,,,,,,,,,,,,,,,,,,,,,,,,,,,,,,,,,,,,,,,,,,,,,2022-04-27,,2.47,,pre-market,,,,,,,,,,,,,2.0661,,,,,,,,,,,,
2022-06-30,IQV,,,,,,,,,,,,,,,,,,,,,,,,,,,,,,,,,,,,0.06,,,2.38,,,,,,,,,,,,,,,,,,,,,,,,,,,,,,,,,,,,,,,,,,,,,,,,,2022-07-21,,2.44,,pre-market,,,,,,,,,,,,,2.521,,,,,,,,,,,,
2022-09-30,IQV,,,,,,,,,,,,,,,,,,,,,,,,,,,,,,,,,,,,0.1,,,2.38,,,,,,,,,,,,,,,,,,,,,,,,,,,,,,,,,,,,,,,,,,,,,,,,,2022-10-26,,2.48,,pre-market,,,,,,,,,,,,,4.2017,,,,,,,,,,,,
2022-12-31,IQV,,,,,,,,,,,,,,,,,,,,,,,,,,,,,,,,,,,,0.02,,,2.76,,,,,,,,,,,,,,,,,,,,,,,,,,,,,,,,,,,,,,,,,,,,,,,,,2023-02-10,,2.78,,pre-market,,,,,,,,,,,,,0.7246,,,,,,,,,,,,
2023-03-31,IQV,,,,,,,,,,,,,,,,,,,,,,,,,,,,,,,,,,,,0.04,,,2.41,,,,,,,,,,,,,,,,,,,,,,,,,,,,,,,,,,,,,,,,,,,,,,,,,2023-04-27,,2.45,,pre-market,,,,,,,,,,,,,1.6598,,,,,,,,,,,,
2023-06-30,IQV,,,,,,,,,,,,,,,,,,,,,,,,,,,,,,,,,,,,0.06,,,2.37,,,,,,,,,,,,,,,,,,,,,,,,,,,,,,,,,,,,,,,,,,,,,,,,,2023-08-01,,2.43,,pre-market,,,,,,,,,,,,,2.5316,,,,,,,,,,,,
2023-09-30,IQV,,,,,,,,,,,,,,,,,,,,,,,,,,,,,,,,,,,,0.05,,,2.44,,,,,,,,,,,,,,,,,,,,,,,,,,,,,,,,,,,,,,,,,,,,,,,,,2023-11-01,,2.49,,pre-market,,,,,,,,,,,,,2.0492,,,,,,,,,,,,
2023-12-31,IQV,,,,,,,,,,,,,,,,,,,,,,,,,,,,,,,,,,,,0.02,,,2.82,,,,,,,,,,,,,,,,,,,,,,,,,,,,,,,,,,,,,,,,,,,,,,,,,2024-02-14,,2.84,,pre-market,,,,,,,,,,,,,0.7092,,,,,,,,,,,,
2024-03-31,IQV,,,,,,,,,,,,,,,,,,,,,,,,,,,,,,,,,,,,0.06,,,2.48,,,,,,,,,,,,,,,,,,,,,,,,,,,,,,,,,,,,,,,,,,,,,,,,,2024-05-02,,2.54,,pre-market,,,,,,,,,,,,,2.4194,,,,,,,,,,,,
2024-06-30,IQV,,,,,,,,,,,,,,,,,,,,,,,,,,,,,,,,,,,,0.07,,,2.57,,,,,,,,,,,,,,,,,,,,,,,,,,,,,,,,,,,,,,,,,,,,,,,,,2024-07-22,,2.64,,pre-market,,,,,,,,,,,,,2.7237,,,,,,,,,,,,
2024-09-30,IQV,,,,,,,,,,,,,,,,,,,,,,,,,,,,,,,,,,,,-0.37,,,1.92,,,,,,,,,,,,,,,,,,,,,,,,,,,,,,,,,,,,,,,,,,,,,,,,,2024-10-31,,1.55,,pre-market,,,,,,,,,,,,,-19.2708,,,,,,,,,,,,
2024-12-31,IQV,,,,,,,,,,,,,,,,,,,,,,,,,,,,,,,,,,,,0.33,,,2.09,,,,,,,,,,,,,,,,,,,,,,,,,,,,,,,,,,,,,,,,,,,,,,,,,2025-02-06,,2.42,,pre-market,,,,,,,,,,,,,15.7895,,,,,,,,,,,,
2025-03-31,IQV,,,,,,,,,,,,,,,,,,,,,,,,,,,,,,,,,,,,0.07,,,2.63,,,,,,,,,,,,,,,,,,,,,,,,,,,,,,,,,,,,,,,,,,,,,,,,,2025-05-06,,2.7,,pre-market,,,,,,,,,,,,,2.6616,,,,,,,,,,,,
2025-06-30,IQV,,,,,,,,,,,,,,,,,,,,,,,,,,,,,,,,,,,,-0.19,,,1.73,,,,,,,,,,,,,,,,,,,,,,,,,,,,,,,,,,,,,,,,,,,,,,,,,2025-07-22,,1.54,,pre-market,,,,,,,,,,,,,-10.9827,,,,,,,,,,,,
2025-09-30,IQV,,,,,,,,,,,,,,,,,,,,,,,,,,,,,,,,,,,,0.03,,,2.97,,,,,,,,,,,,,,,,,,,,,,,,,,,,,,,,,,,,,,,,,,,,,,,,,2025-10-30,,3.0,,pre-market,,,,,,,,,,,,,1.0101,,,,,,,,,,,,
2025-12-28,IQV,7.26,15904000000.0,31.26,,1.369,36.17,,,,,,,,,,,,,,,,,,,,,,,,,,,,,0.245,0.03,,,2.97,,17.33,,5372000000.0,,,,,,,,,,,,,,,,,,,0.14,,,,,,,,,,,,,0.962,6.27,2.43,,,,,,,,0.0807,,,2025-10-30,,3.0,,pre-market,,,0.0507,0.194,0.052,91.31,,,,,182.97,220.21,1.0101,,,,,,,,,31.26,,234.3,134.65
2025-12-28,IQV,7.26,15904000000.0,31.26,,1.369,36.17,,,,,,,,,,,,,,,None,2727000000,2727000000,,,,,,None,286000000,,,,,0.245,0.03,597000000,883000000,2.97,2025-09-30,17.33,,5372000000.0,1373000000,408000000,76000000,,,None,189000000,13000000,,None,,,,,331000000,332000000,-176000000,None,0.14,,820000000,553000000,,,,,None,,,,,0.962,6.27,2.43,,,,,,,,0.0807,,,2025-10-30,quarterly,3.0,USD,pre-market,None,,0.0507,0.194,0.052,91.31,514000000,,,,182.97,220.21,1.0101,,,,,,,4100000000,,31.26,,234.3,134.65
2025-12-28,IQV,7.26,15904000000.0,31.26,,1.369,36.17,,,,,,,,,,,,,,,None,2694000000,2694000000,,,,,,None,276000000,,,,,0.245,0.03,505000000,781000000,2.97,2025-06-30,17.33,,5372000000.0,1323000000,323000000,57000000,,,None,182000000,10000000,,None,,,,,266000000,266000000,-172000000,None,0.14,,817000000,506000000,,,,,None,,,,,0.962,6.27,2.43,,,,,,,,0.0807,,,2025-10-30,quarterly,3.0,USD,pre-market,None,,0.0507,0.194,0.052,91.31,509000000,,,,182.97,220.21,1.0101,,,,,,,4017000000,,31.26,,234.3,134.65
2025-12-28,IQV,7.26,15904000000.0,31.26,,1.369,36.17,,,,,,,,,,,,,,,None,2531000000,2531000000,,,,,,None,265000000,,,,,0.245,0.03,488000000,753000000,2.97,2025-03-31,17.33,,5372000000.0,1298000000,310000000,61000000,,,None,165000000,11000000,,None,,,,,249000000,249000000,-154000000,None,0.14,,802000000,496000000,,,,,None,,,,,0.962,6.27,2.43,,,,,,,,0.0807,,,2025-10-30,quarterly,3.0,USD,pre-market,None,,0.0507,0.194,0.052,91.31,508000000,,,,182.97,220.21,1.0101,,,,,,,3829000000,,31.26,,234.3,134.65
2025-12-28,IQV,7.26,15904000000.0,31.26,,1.369,36.17,,,,,,,,,,,,,,,None,2580000000,2580000000,,,,,,None,303000000,,,,,0.245,0.03,715000000,1018000000,2.97,2024-12-31,17.33,,5372000000.0,1378000000,549000000,112000000,,,None,171000000,11000000,,None,,,,,437000000,437000000,-160000000,None,0.14,,752000000,626000000,,,,,None,,,,,0.962,6.27,2.43,,,,,,,,0.0807,,,2025-10-30,quarterly,3.0,USD,pre-market,None,,0.0507,0.194,0.052,91.31,453000000,,,,182.97,220.21,1.0101,,,,,,,3958000000,,31.26,,234.3,134.65
2025-12-28,IQV,7.26,15904000000.0,31.26,,1.369,36.17,,,,,,,,,,,,,,,None,2518000000,2518000000,,,,,,None,278000000,,,,,0.245,0.03,519000000,797000000,2.97,2024-09-30,17.33,,5372000000.0,1378000000,350000000,65000000,,,None,170000000,13000000,,None,,,,,285000000,285000000,-157000000,None,0.14,,828000000,550000000,,,,,None,,,,,0.962,6.27,2.43,,,,,,,,0.0807,,,2025-10-30,quarterly,3.0,USD,pre-market,None,,0.0507,0.194,0.052,91.31,522000000,,,,182.97,220.21,1.0101,,,,,,,3896000000,,31.26,,234.3,134.65
2025-12-28,IQV,7.26,15904000000.0,31.26,,1.369,36.17,,,,,,,,,,,,,,,None,2757000000,2757000000,,,,,,None,269000000,,,,,0.245,0.03,614000000,883000000,2.97,2024-06-30,17.33,,5372000000.0,1057000000,438000000,75000000,,,None,163000000,12000000,,None,,,,,363000000,363000000,-151000000,None,0.14,,509000000,548000000,,,,,None,,,,,0.962,6.27,2.43,,,,,,,,0.0807,,,2025-10-30,quarterly,3.0,USD,pre-market,None,,0.0507,0.194,0.052,91.31,509000000,,,,182.97,220.21,1.0101,,,,,,,3814000000,,31.26,,234.3,134.65
2025-12-28,IQV,7.26,15904000000.0,31.26,,1.369,36.17,,,,,,,,,,,,,,,None,2444000000,2444000000,,,,,,None,264000000,,,,,0.245,0.03,506000000,770000000,2.97,2024-03-31,17.33,,5372000000.0,1293000000,337000000,49000000,,,None,166000000,11000000,,None,,,,,288000000,288000000,-155000000,None,0.14,,787000000,506000000,,,,,None,,,,,0.962,6.27,2.43,,,,,,,,0.0807,,,2025-10-30,quarterly,3.0,USD,pre-market,None,,0.0507,0.194,0.052,91.31,508000000,,,,182.97,220.21,1.0101,,,,,,,3737000000,,31.26,,234.3,134.65
2025-12-28,IQV,7.26,15904000000.0,31.26,,1.369,36.17,,,,,,,,,,,,,,,None,2478000000,2478000000,,,,,,None,316000000,,,,,0.245,0.03,554000000,870000000,2.97,2023-12-31,17.33,,5372000000.0,1390000000,367000000,-102000000,,,None,181000000,12000000,,None,,,,,469000000,469000000,-169000000,None,0.14,,889000000,501000000,,,,,None,,,,,0.962,6.27,2.43,,,,,,,,0.0807,,,2025-10-30,quarterly,3.0,USD,pre-market,None,,0.0507,0.194,0.052,91.31,556000000,,,,182.97,220.21,1.0101,,,,,,,3868000000,,31.26,,234.3,134.65
2025-12-28,IQV,7.26,15904000000.0,31.26,,1.369,36.17,,,,,,,,,,,,,,,None,2426000000,2426000000,,,,,,None,297000000,,,,,0.245,0.03,530000000,827000000,2.97,2023-09-30,17.33,,5372000000.0,1310000000,354000000,51000000,,,None,181000000,167000000,,None,,,,,303000000,303000000,-167000000,None,0.14,,829000000,481000000,,,,,None,,,,,0.962,6.27,2.43,,,,,,,,0.0807,,,2025-10-30,quarterly,3.0,USD,pre-market,None,,0.0507,0.194,0.052,91.31,502000000,,,,182.97,220.21,1.0101,,,,,,,3736000000,,31.26,,234.3,134.65
2025-12-28,IQV,7.26,15904000000.0,31.26,,1.369,36.17,,,,,,,,,,,,,,,None,2443000000,2443000000,,,,,,None,259000000,,,,,0.245,0.03,544000000,803000000,2.97,2023-06-30,17.33,,5372000000.0,1285000000,378000000,81000000,,,None,169000000,165000000,,None,,,,,297000000,294000000,-165000000,None,0.14,,761000000,524000000,,,,,23000000,,,,,0.962,6.27,2.43,,,,,,,,0.0807,,,2025-10-30,quarterly,3.0,USD,pre-market,None,,0.0507,0.194,0.052,91.31,482000000,,,,182.97,220.21,1.0101,,,,,,,3728000000,,31.26,,234.3,134.65
2025-12-28,IQV,7.26,15904000000.0,31.26,,1.369,36.17,,,,,,,,,,,,,,,None,2398000000,2398000000,,,,,,None,253000000,,,,,0.245,0.03,503000000,756000000,2.97,2023-03-31,17.33,,5372000000.0,1254000000,360000000,71000000,,,None,141000000,135000000,,None,,,,,289000000,291000000,-135000000,None,0.14,,783000000,471000000,,,,,30000000,,,,,0.962,6.27,2.43,,,,,,,,0.0807,,,2025-10-30,quarterly,3.0,USD,pre-market,None,,0.0507,0.194,0.052,91.31,513000000,,,,182.97,220.21,1.0101,,,,,,,3652000000,,31.26,,234.3,134.65
2025-12-28,IQV,7.26,15904000000.0,31.26,,1.369,36.17,,,,,,,,,,,,,,,None,2407000000,2407000000,,,,,,None,357000000,,,,,0.245,0.03,403000000,760000000,2.97,2022-12-31,17.33,,5372000000.0,1332000000,275000000,48000000,,,None,128000000,122000000,,None,,,,,227000000,227000000,-122000000,None,0.14,,953000000,379000000,,,,,24000000,,,,,0.962,6.27,2.43,,,,,,,,0.0807,,,2025-10-30,quarterly,3.0,USD,pre-market,None,,0.0507,0.194,0.052,91.31,583000000,,,,182.97,220.21,1.0101,,,,,,,3739000000,,31.26,,234.3,134.65
2025-12-28,IQV,7.26,15904000000.0,31.26,,1.369,36.17,,,,,,,,,,,,,,,None,2321000000,2321000000,,,,,,None,248000000,,,,,0.245,0.03,468000000,716000000,2.97,2022-09-30,17.33,,5372000000.0,1241000000,353000000,70000000,,,None,108000000,4000000,,None,,,,,283000000,283000000,-104000000,None,0.14,,769000000,472000000,,,,,-11000000,,,,,0.962,6.27,2.43,,,,,,,,0.0807,,,2025-10-30,quarterly,3.0,USD,pre-market,None,,0.0507,0.194,0.052,91.31,517000000,,,,182.97,220.21,1.0101,,,,,,,3562000000,,31.26,,234.3,134.65
2025-12-28,IQV,7.26,15904000000.0,31.26,,1.369,36.17,,,,,,,,,,,,,,,None,2601000000,2601000000,,,,,,None,270000000,,,,,0.245,0.03,415000000,685000000,2.97,2022-06-30,17.33,,5372000000.0,951000000,327000000,71000000,,,None,94000000,2000000,,None,,,,,256000000,256000000,-92000000,None,0.14,,483000000,468000000,,,,,-32000000,,,,,0.962,6.27,2.43,,,,,,,,0.0807,,,2025-10-30,quarterly,3.0,USD,pre-market,None,,0.0507,0.194,0.052,91.31,483000000,,,,182.97,220.21,1.0101,,,,,,,3552000000,,31.26,,234.3,134.65
2025-12-28,IQV,7.26,15904000000.0,31.26,,1.369,36.17,,,,,,,,,,,,,,,None,2323000000,2323000000,,,,,,None,255000000,,,,,0.245,0.03,486000000,741000000,2.97,2022-03-31,17.33,,5372000000.0,1245000000,396000000,71000000,,,None,86000000,1000000,,None,,,,,325000000,325000000,-85000000,None,0.14,,750000000,495000000,,,,,-13000000,,,,,0.962,6.27,2.43,,,,,,,,0.0807,,,2025-10-30,quarterly,3.0,USD,pre-market,None,,0.0507,0.194,0.052,91.31,488000000,,,,182.97,220.21,1.0101,,,,,,,3568000000,,31.26,,234.3,134.65
2025-12-28,IQV,7.26,15904000000.0,31.26,,1.369,36.17,,,,,,,,,,,,,,,None,2364000000,2364000000,,,,,,None,262000000,,,,,0.245,0.03,459000000,721000000,2.97,2021-12-31,17.33,,5372000000.0,1272000000,377000000,59000000,,,None,90000000,2000000,,None,,,,,318000000,318000000,-88000000,None,0.14,,809000000,468000000,,,,,4000000,,,,,0.962,6.27,2.43,,,,,,,,0.0807,,,2025-10-30,quarterly,3.0,USD,pre-market,None,,0.0507,0.194,0.052,91.31,542000000,,,,182.97,220.21,1.0101,,,,,,,3636000000,,31.26,,234.3,134.65
2025-12-28,IQV,7.26,15904000000.0,31.26,,1.369,36.17,,,,,,,,,,,,,,,None,2253000000,2253000000,,,,,,None,336000000,,,,,0.245,0.03,365000000,701000000,2.97,2021-09-30,17.33,,5372000000.0,1138000000,273000000,12000000,,,None,92000000,90000000,,None,,,,,261000000,261000000,-90000000,None,0.14,,836000000,302000000,,,,,63000000,,,,,0.962,6.27,2.43,,,,,,,,0.0807,,,2025-10-30,quarterly,3.0,USD,pre-market,None,,0.0507,0.194,0.052,91.31,498000000,,,,182.97,220.21,1.0101,,,,,,,3391000000,,31.26,,234.3,134.65
2025-12-28,IQV,7.26,15904000000.0,31.26,,1.369,36.17,,,,,,,,,,,,,,,None,2323000000,2323000000,,,,,,None,343000000,,,,,0.245,0.03,311000000,654000000,2.97,2021-06-30,17.33,,5372000000.0,1115000000,223000000,48000000,,,None,94000000,93000000,,None,,,,,175000000,175000000,-93000000,None,0.14,,829000000,288000000,,,,,31000000,,,,,0.962,6.27,2.43,,,,,,,,0.0807,,,2025-10-30,quarterly,3.0,USD,pre-market,None,,0.0507,0.194,0.052,91.31,482000000,,,,182.97,220.21,1.0101,,,,,,,3436000000,,31.26,,234.3,134.65
2025-12-28,IQV,7.26,15904000000.0,31.26,,1.369,36.17,,,,,,,,,,,,,,,None,2293000000,2293000000,,,,,,None,323000000,,,,,0.245,0.03,356000000,679000000,2.97,2021-03-31,17.33,,5372000000.0,1116000000,261000000,44000000,,,None,99000000,1000000,,None,,,,,212000000,213000000,-98000000,None,0.14,,774000000,342000000,,,,,18000000,,,,,0.962,6.27,2.43,,,,,,,,0.0807,,,2025-10-30,quarterly,3.0,USD,pre-market,None,,0.0507,0.194,0.052,91.31,442000000,,,,182.97,220.21,1.0101,,,,,,,3409000000,,31.26,,234.3,134.65
2025-12-28,IQV,7.26,15904000000.0,31.26,,1.369,36.17,,,,,,,,,,,,,,,None,2172000000,2172000000,,,,,,None,344000000,,,,,0.245,0.03,296000000,640000000,2.97,2020-12-31,17.33,,5372000000.0,1126000000,193000000,63000000,,,None,102000000,2000000,,None,,,,,119000000,131000000,-100000000,None,0.14,,837000000,289000000,,,,,6000000,,,,,0.962,6.27,2.43,,,,,,,,0.0807,,,2025-10-30,quarterly,3.0,USD,pre-market,None,,0.0507,0.194,0.052,91.31,407000000,,,,182.97,220.21,1.0101,,,,,,,3298000000,,31.26,,234.3,134.65
2025-12-28,IQV,7.26,15904000000.0,31.26,,1.369,36.17,,,,,,,,,,,,,,,None,1800000000,1800000000,,,,,,None,319000000,,,,,0.245,0.03,202000000,521000000,2.97,2020-09-30,17.33,,5372000000.0,986000000,105000000,-3000000,,,None,100000000,99000000,,None,,,,,101000000,105000000,-99000000,None,0.14,,799000000,187000000,,,,,18000000,,,,,0.962,6.27,2.43,,,,,,,,0.0807,,,2025-10-30,quarterly,3.0,USD,pre-market,None,,0.0507,0.194,0.052,91.31,460000000,,,,182.97,220.21,1.0101,,,,,,,2786000000,,31.26,,234.3,134.65
2025-12-28,IQV,7.26,15904000000.0,31.26,,1.369,36.17,,,,,,,,,,,,,,,None,2012000000,2012000000,,,,,,None,308000000,,,,,0.245,0.03,83000000,391000000,2.97,2020-06-30,17.33,,5372000000.0,512000000,-26000000,-5000000,,,None,108000000,1000000,,None,,,,,-23000000,-20000000,-107000000,None,0.14,,431000000,81000000,,,,,20000000,,,,,0.962,6.27,2.43,,,,,,,,0.0807,,,2025-10-30,quarterly,3.0,USD,pre-market,None,,0.0507,0.194,0.052,91.31,431000000,,,,182.97,220.21,1.0101,,,,,,,2524000000,,31.26,,234.3,134.65
2025-12-28,IQV,7.26,15904000000.0,31.26,,1.369,36.17,,,,,,,,,,,,,,,None,1824000000,1824000000,,,,,,None,316000000,,,,,0.245,0.03,208000000,524000000,2.97,2020-03-31,17.33,,5372000000.0,930000000,108000000,17000000,,,None,106000000,2000000,,None,,,,,82000000,85000000,-104000000,None,0.14,,737000000,193000000,,,,,21000000,,,,,0.962,6.27,2.43,,,,,,,,0.0807,,,2025-10-30,quarterly,3.0,USD,pre-market,None,,0.0507,0.194,0.052,91.31,407000000,,,,182.97,220.21,1.0101,,,,,,,2754000000,,31.26,,234.3,134.65
2025-12-28,IQV,7.26,15904000000.0,31.26,,1.369,36.17,,,,,,,,,,,,,,,None,1901000000,1901000000,,,,,,None,314000000,,,,,0.245,0.03,205000000,519000000,2.97,2019-12-31,17.33,,5372000000.0,994000000,88000000,68000000,,,None,109000000,2000000,,None,,,,,16000000,28000000,-107000000,None,0.14,,828000000,166000000,,,,,31000000,,,,,0.962,6.27,2.43,,,,,,,,0.0807,,,2025-10-30,quarterly,3.0,USD,pre-market,None,,0.0507,0.194,0.052,91.31,484000000,,,,182.97,220.21,1.0101,,,,,,,2895000000,,31.26,,234.3,134.65
2025-12-28,IQV,7.26,15904000000.0,31.26,,1.369,36.17,,,,,,,,,,,,,,,None,2151000000,2151000000,,,,,,None,299000000,,,,,0.245,0.03,183000000,482000000,2.97,2019-09-30,17.33,,5372000000.0,620000000,68000000,-1000000,,,None,114000000,3000000,,None,,,,,57000000,70000000,-111000000,None,0.14,,395000000,225000000,,,,,-22000000,,,,,0.962,6.27,2.43,,,,,,,,0.0807,,,2025-10-30,quarterly,3.0,USD,pre-market,None,,0.0507,0.194,0.052,91.31,395000000,,,,182.97,220.21,1.0101,,,,,,,2771000000,,31.26,,234.3,134.65
2025-12-28,IQV,7.26,15904000000.0,31.26,,1.369,36.17,,,,,,,,,,,,,,,None,1799000000,1799000000,,,,,,None,294000000,,,,,0.245,0.03,192000000,486000000,2.97,2019-06-30,17.33,,5372000000.0,941000000,79000000,8000000,,,None,114000000,2000000,,None,,,,,60000000,70000000,-112000000,None,0.14,,744000000,197000000,,,,,-4000000,,,,,0.962,6.27,2.43,,,,,,,,0.0807,,,2025-10-30,quarterly,3.0,USD,pre-market,None,,0.0507,0.194,0.052,91.31,436000000,,,,182.97,220.21,1.0101,,,,,,,2740000000,,31.26,,234.3,134.65
2025-12-28,IQV,7.26,15904000000.0,31.26,,1.369,36.17,,,,,,,,,,,,,,,None,1748000000,1748000000,,,,,,None,295000000,,,,,0.245,0.03,219000000,514000000,2.97,2019-03-31,17.33,,5372000000.0,936000000,108000000,41000000,,,None,110000000,2000000,,None,,,,,58000000,68000000,-108000000,None,0.14,,726000000,210000000,,,,,8000000,,,,,0.962,6.27,2.43,,,,,,,,0.0807,,,2025-10-30,quarterly,3.0,USD,pre-market,None,,0.0507,0.194,0.052,91.31,419000000,,,,182.97,220.21,1.0101,,,,,,,2684000000,,31.26,,234.3,134.65
2025-12-28,IQV,7.26,15904000000.0,31.26,,1.369,36.17,,,,,,,,,,,,,,,None,1742000000,1742000000,,,,,,None,294000000,,,,,0.245,0.03,210000000,504000000,2.97,2018-12-31,17.33,,5372000000.0,946000000,106000000,30000000,,,None,106000000,None,,None,,,,,69000000,74000000,None,None,0.14,,739000000,207000000,,,,,5000000,,,,,0.962,6.27,2.43,,,,,,,,0.0807,,,2025-10-30,quarterly,3.0,USD,pre-market,0,,0.0507,0.194,0.052,91.31,443000000,,,,182.97,220.21,1.0101,,,,,,,2688000000,,31.26,,234.3,134.65
2025-12-28,IQV,7.26,15904000000.0,31.26,,1.369,36.17,,,,,,,,,,,,,,,None,1678000000,1678000000,,,,,,None,283000000,,,,,0.245,0.03,156000000,439000000,2.97,2018-09-30,17.33,,5372000000.0,916000000,53000000,-14000000,,,None,105000000,None,,None,,,,,60000000,65000000,None,None,0.14,,735000000,181000000,,,,,-23000000,,,,,0.962,6.27,2.43,,,,,,,,0.0807,,,2025-10-30,quarterly,3.0,USD,pre-market,0,,0.0507,0.194,0.052,91.31,429000000,,,,182.97,220.21,1.0101,,,,,,,2594000000,,31.26,,234.3,134.65
2025-12-28,IQV,7.26,15904000000.0,31.26,,1.369,36.17,,,,,,,,,,,,,,,None,1674000000,1674000000,,,,,,None,282000000,,,,,0.245,0.03,195000000,477000000,2.97,2018-06-30,17.33,,5372000000.0,893000000,92000000,24000000,,,None,107000000,None,,None,,,,,61000000,64000000,None,None,0.14,,723000000,170000000,,,,,29000000,,,,,0.962,6.27,2.43,,,,,,,,0.0807,,,2025-10-30,quarterly,3.0,USD,pre-market,0,,0.0507,0.194,0.052,91.31,424000000,,,,182.97,220.21,1.0101,,,,,,,2567000000,,31.26,,234.3,134.65
2025-12-28,IQV,7.26,15904000000.0,31.26,,1.369,36.17,,,,,,,,,,,,,,,None,1652000000,1652000000,,,,,,None,282000000,,,,,0.245,0.03,181000000,463000000,2.97,2018-03-31,17.33,,5372000000.0,911000000,92000000,19000000,,,None,96000000,None,,None,,,,,69000000,66000000,None,None,0.14,,728000000,183000000,,,,,5000000,,,,,0.962,6.27,2.43,,,,,,,,0.0807,,,2025-10-30,quarterly,3.0,USD,pre-market,0,,0.0507,0.194,0.052,91.31,420000000,,,,182.97,220.21,1.0101,,,,,,,2563000000,,31.26,,234.3,134.65
2025-12-28,IQV,7.26,15904000000.0,31.26,,1.369,36.17,,,,,,,,,,,,,,,None,1607000000,1607000000,,,,,,None,278000000,,,,,0.245,0.03,186000000,464000000,2.97,2017-12-31,17.33,,5372000000.0,970000000,89000000,-992000000,,,None,97000000,None,,None,,,,,1076000000,1081000000,None,None,0.14,,767000000,203000000,,,,,-14000000,,,,,0.962,6.27,2.43,,,,,,,,0.0807,,,2025-10-30,quarterly,3.0,USD,pre-market,0,,0.0507,0.194,0.052,91.31,464000000,,,,182.97,220.21,1.0101,,,,,,,2577000000,,31.26,,234.3,134.65
2025-12-28,IQV,7.26,15904000000.0,31.26,,1.369,36.17,,,,,,,,,,,,,,,None,1611000000,1611000000,,,,,,None,256000000,,,,,0.245,0.03,179000000,435000000,2.97,2017-09-30,17.33,,5372000000.0,855000000,90000000,1000000,,,None,93000000,None,,None,,,,,88000000,85000000,None,None,0.14,,660000000,197000000,,,,,-15000000,,,,,0.962,6.27,2.43,,,,,,,,0.0807,,,2025-10-30,quarterly,3.0,USD,pre-market,0,,0.0507,0.194,0.052,91.31,391000000,,,,182.97,220.21,1.0101,,,,,,,2466000000,,31.26,,234.3,134.65
2025-12-28,IQV,7.26,15904000000.0,31.26,,1.369,36.17,,,,,,,,,,,,,,,None,1557000000,1557000000,,,,,,None,245000000,,,,,0.245,0.03,129000000,374000000,2.97,2017-06-30,17.33,,5372000000.0,798000000,52000000,-7000000,,,None,81000000,None,,None,,,,,62000000,75000000,None,None,0.14,,672000000,151000000,,,,,2000000,,,,,0.962,6.27,2.43,,,,,,,,0.0807,,,2025-10-30,quarterly,3.0,USD,pre-market,0,,0.0507,0.194,0.052,91.31,370000000,,,,182.97,220.21,1.0101,,,,,,,2355000000,,31.26,,234.3,134.65
2025-12-28,IQV,7.26,15904000000.0,31.26,,1.369,36.17,,,,,,,,,,,,,,,None,1526000000,1526000000,,,,,,None,232000000,,,,,0.245,0.03,202000000,434000000,2.97,2017-03-31,17.33,,5372000000.0,834000000,126000000,12000000,,,None,75000000,None,,None,,,,,74000000,77000000,None,None,0.14,,632000000,168000000,,,,,-5000000,,,,,0.962,6.27,2.43,,,,,,,,0.0807,,,2025-10-30,quarterly,3.0,USD,pre-market,0,,0.0507,0.194,0.052,91.31,380000000,,,,182.97,220.21,1.0101,,,,,,,2360000000,,31.26,,234.3,134.65
2025-12-28,IQV,7.26,15904000000.0,31.26,,1.369,36.17,,,,,,,,,,,,,,,None,1476582000,1476582000,,,,,,None,190632000,,,,,0.245,0.03,126891000,317523000,2.97,2016-12-31,17.33,,5372000000.0,861487000,55838000,227000000,,,None,71053000,None,,None,,,,,-178000000,-171250000,None,None,0.14,,716796000,144000000,,,,,-20848000,,,,,0.962,6.27,2.43,,,,,,,,0.0807,,,2025-10-30,quarterly,3.0,USD,pre-market,0,,0.0507,0.194,0.052,91.31,310213000,,,,182.97,220.21,1.0101,,,,,,,2338069000,,31.26,,234.3,134.65
2025-12-28,IQV,7.26,15904000000.0,31.26,,1.369,36.17,,,,,,,,,,,,,,,None,1056000000,1056000000,,,,,,None,34603000,,,,,0.245,0.03,167397000,202000000,2.97,2016-09-30,17.33,,5372000000.0,441000000,143000000,38525000,,,None,24505000,None,,None,,,,,100000000,103779000,None,None,0.14,,273000000,167770000,,,,,-766000,,,,,0.962,6.27,2.43,,,,,,,,0.0807,,,2025-10-30,quarterly,3.0,USD,pre-market,0,,0.0507,0.194,0.052,91.31,233645000,,,,182.97,220.21,1.0101,,,,,,,1497000000,,31.26,,234.3,134.65
2025-12-28,IQV,7.26,15904000000.0,31.26,,1.369,36.17,,,,,,,,,,,,,,,None,1121000000,1121000000,,,,,,None,32041000,,,,,0.245,0.03,152959000,185000000,2.97,2016-06-30,17.33,,5372000000.0,432000000,131897000,36810000,,,None,22483000,None,,None,,,,,86000000,95087000,None,None,0.14,,282000000,150743000,,,,,-152000,,,,,0.962,6.27,2.43,,,,,,,,0.0807,,,2025-10-30,quarterly,3.0,USD,pre-market,0,,0.0507,0.194,0.052,91.31,250568000,,,,182.97,220.21,1.0101,,,,,,,1553000000,,31.26,,234.3,134.65
2025-12-28,IQV,7.26,15904000000.0,31.26,,1.369,36.17,,,,,,,,,,,,,,,None,1076000000,1076000000,,,,,,None,31724000,,,,,0.245,0.03,175276000,207000000,2.97,2016-03-31,17.33,,5372000000.0,414000000,149000000,42577000,,,None,25959000,None,,None,,,,,107000000,106384000,None,None,0.14,,235000000,178796000,,,,,-1234000,,,,,0.962,6.27,2.43,,,,,,,,0.0807,,,2025-10-30,quarterly,3.0,USD,pre-market,0,,0.0507,0.194,0.052,91.31,225516000,,,,182.97,220.21,1.0101,,,,,,,1490000000,,31.26,,234.3,134.65
2025-12-28,IQV,7.26,15904000000.0,31.26,,1.369,36.17,,,,,,,,,,,,,,,None,1089987000,1089987000,,,,,,None,34518000,,,,,0.245,0.03,184332000,218850000,2.97,2015-12-31,17.33,,5372000000.0,431743000,158796000,51009000,,,None,25536000,None,,None,,,,,104570000,107787000,None,None,0.14,,253760000,177983000,,,,,6649000,,,,,0.962,6.27,2.43,,,,,,,,0.0807,,,2025-10-30,quarterly,3.0,USD,pre-market,3198000,,0.0507,0.194,0.052,91.31,244066000,,,,182.97,220.21,1.0101,,,,,,,1521730000,,31.26,,234.3,134.65
2025-12-28,IQV,7.26,15904000000.0,31.26,,1.369,36.17,,,,,,,,,,,,,,,None,1014347000,1014347000,,,,,,None,32884000,,,,,0.245,0.03,169098000,201982000,2.97,2015-09-30,17.33,,5372000000.0,410422000,143669000,40192000,,,None,25429000,None,,None,,,,,111286000,103477000,None,None,0.14,,243399000,167023000,,,,,7437000,,,,,0.962,6.27,2.43,,,,,,,,0.0807,,,2025-10-30,quarterly,3.0,USD,pre-market,0,,0.0507,0.194,0.052,91.31,231415000,,,,182.97,220.21,1.0101,,,,,,,1424769000,,31.26,,234.3,134.65
2025-12-28,IQV,7.26,15904000000.0,31.26,,1.369,36.17,,,,,,,,,,,,,,,None,1053006000,1053006000,,,,,,None,30011000,,,,,0.245,0.03,140409000,170420000,2.97,2015-06-30,17.33,,5372000000.0,390521000,114922000,31700000,,,None,25487000,None,,None,,,,,84951000,83222000,None,None,0.14,,232132000,158389000,,,,,-16255000,,,,,0.962,6.27,2.43,,,,,,,,0.0807,,,2025-10-30,quarterly,3.0,USD,pre-market,0,,0.0507,0.194,0.052,91.31,225898000,,,,182.97,220.21,1.0101,,,,,,,1443527000,,31.26,,234.3,134.65
2025-12-28,IQV,7.26,15904000000.0,31.26,,1.369,36.17,,,,,,,,,,,,,,,None,979446000,979446000,,,,,,None,30329000,,,,,0.245,0.03,146948000,177277000,2.97,2015-03-31,17.33,,5372000000.0,368147000,121608000,36088000,,,None,25340000,None,,None,,,,,86398000,85520000,None,None,0.14,,224930000,143217000,,,,,4642000,,,,,0.962,6.27,2.43,,,,,,,,0.0807,,,2025-10-30,quarterly,3.0,USD,pre-market,0,,0.0507,0.194,0.052,91.31,219606000,,,,182.97,220.21,1.0101,,,,,,,1347593000,,31.26,,234.3,134.65
2025-12-28,IQV,7.26,15904000000.0,31.26,,1.369,36.17,,,,,,,,,,,,,,,None,1021862000,1021862000,,,,,,None,31900000,,,,,0.245,0.03,158905000,190805000,2.97,2014-12-31,17.33,,5372000000.0,389226000,132868000,39007000,,,None,26037000,None,,None,,,,,88426000,93861000,None,None,0.14,,230294000,158932000,,,,,-5444000,,,,,0.962,6.27,2.43,,,,,,,,0.0807,,,2025-10-30,quarterly,3.0,USD,pre-market,5791000,,0.0507,0.194,0.052,91.31,225055000,,,,182.97,220.21,1.0101,,,,,,,1411088000,,31.26,,234.3,134.65
2025-12-28,IQV,7.26,15904000000.0,31.26,,1.369,36.17,,,,,,,,,,,,,,,None,1030072000,1030072000,,,,,,None,30180000,,,,,0.245,0.03,157520000,187700000,2.97,2014-09-30,17.33,,5372000000.0,369962000,132470000,41260000,,,None,25050000,None,,None,,,,,92654000,91210000,None,None,0.14,,220820000,149142000,,,,,9901000,,,,,0.962,6.27,2.43,,,,,,,,0.0807,,,2025-10-30,quarterly,3.0,USD,pre-market,0,,0.0507,0.194,0.052,91.31,219027000,,,,182.97,220.21,1.0101,,,,,,,1400034000,,31.26,,234.3,134.65
2025-12-28,IQV,7.26,15904000000.0,31.26,,1.369,36.17,,,,,,,,,,,,,,,None,980068000,980068000,,,,,,None,29845000,,,,,0.245,0.03,138938000,168783000,2.97,2014-06-30,17.33,,5372000000.0,360962000,114139000,32400000,,,None,24799000,None,,None,,,,,85120000,81739000,None,None,0.14,,219962000,141000000,,,,,1309000,,,,,0.962,6.27,2.43,,,,,,,,0.0807,,,2025-10-30,quarterly,3.0,USD,pre-market,0,,0.0507,0.194,0.052,91.31,219014000,,,,182.97,220.21,1.0101,,,,,,,1341030000,,31.26,,234.3,134.65
2025-12-28,IQV,7.26,15904000000.0,31.26,,1.369,36.17,,,,,,,,,,,,,,,None,946280000,946280000,,,,,,None,29088000,,,,,0.245,0.03,147415000,176503000,2.97,2014-03-31,17.33,,5372000000.0,361566000,122712000,37389000,,,None,24703000,None,,None,,,,,90183000,85323000,None,None,0.14,,220250000,141316000,,,,,10990000,,,,,0.962,6.27,2.43,,,,,,,,0.0807,,,2025-10-30,quarterly,3.0,USD,pre-market,0,,0.0507,0.194,0.052,91.31,219242000,,,,182.97,220.21,1.0101,,,,,,,1307846000,,31.26,,234.3,134.65
2025-12-28,IQV,7.26,15904000000.0,31.26,,1.369,36.17,,,,,,,,,,,,,,,None,1017202000,1017202000,,,,,,None,30554000,,,,,0.245,0.03,126868000,157422000,2.97,2013-12-31,17.33,,5372000000.0,361983000,100042000,27558000,,,None,26826000,None,,None,,,,,72996000,72484000,None,None,0.14,,234971000,127012000,,,,,306000,,,,,0.962,6.27,2.43,,,,,,,,0.0807,,,2025-10-30,quarterly,3.0,USD,pre-market,3955000,,0.0507,0.194,0.052,91.31,232797000,,,,182.97,220.21,1.0101,,,,,,,1379185000,,31.26,,234.3,134.65
2025-12-28,IQV,7.26,15904000000.0,31.26,,1.369,36.17,,,,,,,,,,,,,,,None,863806000,863806000,,,,,,None,27324000,,,,,0.245,0.03,123154000,150478000,2.97,2013-09-30,17.33,,5372000000.0,332033000,94398000,27459000,,,None,28756000,None,,None,,,,,66769000,66939000,None,None,0.14,,206774000,125259000,,,,,-2460000,,,,,0.962,6.27,2.43,,,,,,,,0.0807,,,2025-10-30,quarterly,3.0,USD,pre-market,0,,0.0507,0.194,0.052,91.31,199573000,,,,182.97,220.21,1.0101,,,,,,,1195839000,,31.26,,234.3,134.65
2025-12-28,IQV,7.26,15904000000.0,31.26,,1.369,36.17,,,,,,,,,,,,,,,None,969108000,969108000,,,,,,None,24986000,,,,,0.245,0.03,78603000,103589000,2.97,2013-06-30,17.33,,5372000000.0,326572000,47183000,8830000,,,None,31884000,None,,None,,,,,38517000,37889000,None,None,0.14,,231675000,94897000,,,,,-15830000,,,,,0.962,6.27,2.43,,,,,,,,0.0807,,,2025-10-30,quarterly,3.0,USD,pre-market,0,,0.0507,0.194,0.052,91.31,228838000,,,,182.97,220.21,1.0101,,,,,,,1295680000,,31.26,,234.3,134.65
2025-12-28,IQV,7.26,15904000000.0,31.26,,1.369,36.17,,,,,,,,,,,,,,,None,912515000,912515000,,,,,,None,24640000,,,,,0.245,0.03,117999000,142639000,2.97,2013-03-31,17.33,,5372000000.0,316326000,81957000,32118000,,,None,36042000,None,,None,,,,,48309000,49839000,None,None,0.14,,201161000,115165000,,,,,1151000,,,,,0.962,6.27,2.43,,,,,,,,0.0807,,,2025-10-30,quarterly,3.0,USD,pre-market,0,,0.0507,0.194,0.052,91.31,199302000,,,,182.97,220.21,1.0101,,,,,,,1228841000,,31.26,,234.3,134.65
2025-12-28,IQV,7.26,15904000000.0,31.26,,1.369,36.17,,,,,,,,,,,,,,,None,961303000,961303000,,,,,,None,25571000,,,,,0.245,0.03,93468000,119039000,2.97,2012-12-31,17.33,,5372000000.0,317285000,55085000,20013000,,,None,38383000,None,,None,,,,,34974000,0,None,None,0.14,,222858000,94427000,,,,,None,,,,,0.962,6.27,2.43,,,,,,,,0.0807,,,2025-10-30,quarterly,3.0,USD,pre-market,10426000,,0.0507,0.194,0.052,91.31,201136000,,,,182.97,220.21,1.0101,,,,,,,1278588000,,31.26,,234.3,134.65
2025-12-28,IQV,7.26,15904000000.0,31.26,,1.369,36.17,,,,,,,,,,,,,,,None,898092000,898092000,,,,,,None,25727000,,,,,0.245,0.03,106134000,131861000,2.97,2012-09-30,17.33,,5372000000.0,301482000,72621000,21542000,,,None,33513000,None,,None,,,,,52098000,0,None,None,0.14,,192346000,109136000,,,,,None,,,,,0.962,6.27,2.43,,,,,,,,0.0807,,,2025-10-30,quarterly,3.0,USD,pre-market,0,,0.0507,0.194,0.052,91.31,192780000,,,,182.97,220.21,1.0101,,,,,,,1199574000,,31.26,,234.3,134.65
2025-12-28,IQV,7.26,15904000000.0,31.26,,1.369,36.17,,,,,,,,,,,,,,,None,914075000,914075000,,,,,,None,23719000,,,,,0.245,0.03,107366000,131085000,2.97,2012-06-30,17.33,,5372000000.0,316692000,74236000,27558000,,,None,33130000,None,,None,,,,,47201000,0,None,None,0.14,,215807000,100885000,,,,,None,,,,,0.962,6.27,2.43,,,,,,,,0.0807,,,2025-10-30,quarterly,3.0,USD,pre-market,0,,0.0507,0.194,0.052,91.31,203544000,,,,182.97,220.21,1.0101,,,,,,,1230767000,,31.26,,234.3,134.65
2025-12-28,IQV,7.26,15904000000.0,31.26,,1.369,36.17,,,,,,,,,,,,,,,None,859112000,859112000,,,,,,None,23271000,,,,,0.245,0.03,94831000,118102000,2.97,2012-03-31,17.33,,5372000000.0,297472000,65486000,24251000,,,None,29345000,None,,None,,,,,43273000,0,None,None,0.14,,205485000,91987000,,,,,None,,,,,0.962,6.27,2.43,,,,,,,,0.0807,,,2025-10-30,quarterly,3.0,USD,pre-market,0,,0.0507,0.194,0.052,91.31,205795000,,,,182.97,220.21,1.0101,,,,,,,1156584000,,31.26,,234.3,134.65
2025-12-28,IQV,7.26,15904000000.0,31.26,,1.369,36.17,,,,,,,,,,,,,,,None,3093783000,3093783000,,,,,,None,None,,,,,0.245,0.03,0,None,2.97,2011-12-31,17.33,,5372000000.0,1233965000,255432000,15105000,,,None,109065000,None,,None,,,,,124951000,0,None,None,0.14,,0,381562000,,,,,None,,,,,0.962,6.27,2.43,,,,,,,,0.0807,,,2025-10-30,quarterly,3.0,USD,pre-market,9447000,,0.0507,0.194,0.052,91.31,760399000,,,,182.97,220.21,1.0101,,,,,,,872135000,,31.26,,234.3,134.65
2025-12-28,IQV,7.26,15904000000.0,31.26,,1.369,36.17,,,,,,,,,,,,,,,None,0,0,,,,,,None,None,,,,,0.245,0.03,0,None,2.97,2011-09-30,17.33,,5372000000.0,0,0,0,,,None,0,None,,None,,,,,42981000,0,None,None,0.14,,0,0,,,,,None,,,,,0.962,6.27,2.43,,,,,,,,0.0807,,,2025-10-30,quarterly,3.0,USD,pre-market,0,,0.0507,0.194,0.052,91.31,0,,,,182.97,220.21,1.0101,,,,,,,819448000,,31.26,,234.3,134.65
2025-12-28,IQV,7.26,15904000000.0,31.26,,1.369,36.17,,,,,,,,,,,,,,,None,0,0,,,,,,None,None,,,,,0.245,0.03,0,None,2.97,2011-06-30,17.33,,5372000000.0,0,0,0,,,None,0,None,,None,,,,,41098000,0,None,None,0.14,,0,0,,,,,None,,,,,0.962,6.27,2.43,,,,,,,,0.0807,,,2025-10-30,quarterly,3.0,USD,pre-market,0,,0.0507,0.194,0.052,91.31,0,,,,182.97,220.21,1.0101,,,,,,,822479000,,31.26,,234.3,134.65
2025-12-28,IQV,7.26,15904000000.0,31.26,,1.369,36.17,,,,,,,,,,,,,,,None,0,0,,,,,,None,None,,,,,0.245,0.03,0,None,2.97,2011-03-31,17.33,,5372000000.0,0,0,0,,,None,0,None,,None,,,,,32742000,0,None,None,0.14,,0,0,,,,,None,,,,,0.962,6.27,2.43,,,,,,,,0.0807,,,2025-10-30,quarterly,3.0,USD,pre-market,0,,0.0507,0.194,0.052,91.31,0,,,,182.97,220.21,1.0101,,,,,,,780904000,,31.26,,234.3,134.65
2025-12-28,IQV,7.26,15904000000.0,31.26,,1.369,36.17,,,,,,,,,,,,,,,None,10030000000,10030000000,,,,,,None,1114000000,,,,,0.245,0.03,2339000000,3453000000,2.97,2024-12-31,17.33,,5372000000.0,5375000000,1669000000,296000000,,,None,670000000,47000000,,None,,,,,1373000000,1373000000,-623000000,None,0.14,,3173000000,2202000000,,,,,None,,,,,0.962,6.27,2.43,,,,,,,,0.0807,,,2025-10-30,annual,3.0,USD,pre-market,None,,0.0507,0.194,0.052,91.31,1992000000,,,,182.97,220.21,1.0101,,,,,,,15405000000,,31.26,,234.3,134.65
2025-12-28,IQV,7.26,15904000000.0,31.26,,1.369,36.17,,,,,,,,,,,,,,,None,9745000000,9745000000,,,,,,None,1125000000,,,,,0.245,0.03,2131000000,3256000000,2.97,2023-12-31,17.33,,5372000000.0,5239000000,1459000000,101000000,,,None,672000000,36000000,,None,,,,,1358000000,1358000000,-636000000,None,0.14,,3262000000,1977000000,,,,,None,,,,,0.962,6.27,2.43,,,,,,,,0.0807,,,2025-10-30,annual,3.0,USD,pre-market,None,,0.0507,0.194,0.052,91.31,2053000000,,,,182.97,220.21,1.0101,,,,,,,14984000000,,31.26,,234.3,134.65
2025-12-28,IQV,7.26,15904000000.0,31.26,,1.369,36.17,,,,,,,,,,,,,,,None,9382000000,9382000000,,,,,,None,1130000000,,,,,0.245,0.03,1779000000,2909000000,2.97,2022-12-31,17.33,,5372000000.0,5028000000,1351000000,260000000,,,None,416000000,403000000,,None,,,,,1091000000,1091000000,-403000000,None,0.14,,3229000000,1799000000,,,,,-32000000,,,,,0.962,6.27,2.43,,,,,,,,0.0807,,,2025-10-30,annual,3.0,USD,pre-market,None,,0.0507,0.194,0.052,91.31,2071000000,,,,182.97,220.21,1.0101,,,,,,,14410000000,,31.26,,234.3,134.65
2025-12-28,IQV,7.26,15904000000.0,31.26,,1.369,36.17,,,,,,,,,,,,,,,None,9233000000,9233000000,,,,,,None,1264000000,,,,,0.245,0.03,1503000000,2767000000,2.97,2021-12-31,17.33,,5372000000.0,4641000000,1134000000,163000000,,,None,375000000,6000000,,None,,,,,966000000,971000000,-369000000,None,0.14,,3248000000,1393000000,,,,,116000000,,,,,0.962,6.27,2.43,,,,,,,,0.0807,,,2025-10-30,annual,3.0,USD,pre-market,None,,0.0507,0.194,0.052,91.31,1964000000,,,,182.97,220.21,1.0101,,,,,,,13874000000,,31.26,,234.3,134.65
2025-12-28,IQV,7.26,15904000000.0,31.26,,1.369,36.17,,,,,,,,,,,,,,,None,7500000000,7500000000,,,,,,None,1287000000,,,,,0.245,0.03,789000000,2076000000,2.97,2020-12-31,17.33,,5372000000.0,3859000000,380000000,72000000,,,None,416000000,6000000,,None,,,,,279000000,301000000,-410000000,None,0.14,,3128000000,731000000,,,,,65000000,,,,,0.962,6.27,2.43,,,,,,,,0.0807,,,2025-10-30,annual,3.0,USD,pre-market,None,,0.0507,0.194,0.052,91.31,1789000000,,,,182.97,220.21,1.0101,,,,,,,11359000000,,31.26,,234.3,134.65
2025-12-28,IQV,7.26,15904000000.0,31.26,,1.369,36.17,,,,,,,,,,,,,,,None,7300000000,7300000000,,,,,,None,1202000000,,,,,0.245,0.03,799000000,2001000000,2.97,2019-12-31,17.33,,5372000000.0,3788000000,343000000,116000000,,,None,447000000,9000000,,None,,,,,191000000,236000000,-438000000,None,0.14,,3011000000,777000000,,,,,13000000,,,,,0.962,6.27,2.43,,,,,,,,0.0807,,,2025-10-30,annual,3.0,USD,pre-market,None,,0.0507,0.194,0.052,91.31,1734000000,,,,182.97,220.21,1.0101,,,,,,,11088000000,,31.26,,234.3,134.65
2025-12-28,IQV,7.26,15904000000.0,31.26,,1.369,36.17,,,,,,,,,,,,,,,None,6746000000,6746000000,,,,,,None,1141000000,,,,,0.245,0.03,742000000,1883000000,2.97,2018-12-31,17.33,,5372000000.0,3666000000,343000000,59000000,,,None,414000000,8000000,,None,,,,,259000000,269000000,-406000000,None,0.14,,2925000000,741000000,,,,,16000000,,,,,0.962,6.27,2.43,,,,,,,,0.0807,,,2025-10-30,annual,3.0,USD,pre-market,0,,0.0507,0.194,0.052,91.31,1716000000,,,,182.97,220.21,1.0101,,,,,,,10412000000,,31.26,,234.3,134.65
2025-12-28,IQV,7.26,15904000000.0,31.26,,1.369,36.17,,,,,,,,,,,,,,,None,6301000000,6301000000,,,,,,None,1011000000,,,,,0.245,0.03,640000000,1651000000,2.97,2017-12-31,17.33,,5372000000.0,3401000000,304000000,-987000000,,,None,346000000,7000000,,None,,,,,1309000000,1318000000,-339000000,None,0.14,,2736000000,719000000,,,,,-32000000,,,,,0.962,6.27,2.43,,,,,,,,0.0807,,,2025-10-30,annual,3.0,USD,pre-market,0,,0.0507,0.194,0.052,91.31,1605000000,,,,182.97,220.21,1.0101,,,,,,,9702000000,,31.26,,234.3,134.65
2025-12-28,IQV,7.26,15904000000.0,31.26,,1.369,36.17,,,,,,,,,,,,,,,None,4748000000,4748000000,,,,,,None,289000000,,,,,0.245,0.03,560000000,849000000,2.97,2016-12-31,17.33,,5372000000.0,2067000000,412000000,345000000,,,None,144000000,4000000,,None,,,,,115000000,134000000,-140000000,None,0.14,,1491000000,642000000,,,,,-23000000,,,,,0.962,6.27,2.43,,,,,,,,0.0807,,,2025-10-30,annual,3.0,USD,pre-market,0,,0.0507,0.194,0.052,91.31,1011000000,,,,182.97,220.21,1.0101,,,,,,,6815000000,,31.26,,234.3,134.65
2025-12-28,IQV,7.26,15904000000.0,31.26,,1.369,36.17,,,,,,,,,,,,,,,None,4116000000,4116000000,,,,,,None,127742000,,,,,0.245,0.03,640258000,768000000,2.97,2015-12-31,17.33,,5372000000.0,1621000000,547000000,158989000,,,None,101792000,97475000,,None,,,,,387205000,388000000,None,None,0.14,,975000000,646612000,,,,,2473000,,,,,0.962,6.27,2.43,,,,,,,,0.0807,,,2025-10-30,annual,3.0,USD,pre-market,3337000,,0.0507,0.194,0.052,91.31,920985000,,,,182.97,220.21,1.0101,,,,,,,5737000000,,31.26,,234.3,134.65
2025-12-28,IQV,7.26,15904000000.0,31.26,,1.369,36.17,,,,,,,,,,,,,,,None,3959000000,3959000000,,,,,,None,121013000,,,,,0.245,0.03,601987000,723000000,2.97,2014-12-31,17.33,,5372000000.0,1501000000,506000000,150056000,,,None,100589000,None,,None,,,,,356383000,352133000,None,None,0.14,,911000000,590390000,,,,,16756000,,,,,0.962,6.27,2.43,,,,,,,,0.0807,,,2025-10-30,annual,3.0,USD,pre-market,4980000,,0.0507,0.194,0.052,91.31,882338000,,,,182.97,220.21,1.0101,,,,,,,5460000000,,31.26,,234.3,134.65
2025-12-28,IQV,7.26,15904000000.0,31.26,,1.369,36.17,,,,,,,,,,,,,,,None,3762631000,3762631000,,,,,,None,107504000,,,,,0.245,0.03,446624000,554128000,2.97,2013-12-31,17.33,,5372000000.0,1336914000,323116000,95965000,,,None,123508000,None,,None,,,,,226591000,227151000,None,None,0.14,,874581000,462333000,,,,,-16833000,,,,,0.962,6.27,2.43,,,,,,,,0.0807,,,2025-10-30,annual,3.0,USD,pre-market,4955000,,0.0507,0.194,0.052,91.31,815410000,,,,182.97,220.21,1.0101,,,,,,,5099545000,,31.26,,234.3,134.65
2025-12-28,IQV,7.26,15904000000.0,31.26,,1.369,36.17,,,,,,,,,,,,,,,None,3632582000,3632582000,,,,,,None,98288000,,,,,0.245,0.03,401799000,500087000,2.97,2012-12-31,17.33,,5372000000.0,1232931000,269995000,93364000,,,None,134371000,None,,None,,,,,177546000,None,None,None,0.14,,836496000,396435000,,,,,None,,,,,0.962,6.27,2.43,,,,,,,,0.0807,,,2025-10-30,annual,3.0,USD,pre-market,10426000,,0.0507,0.194,0.052,91.31,803255000,,,,182.97,220.21,1.0101,,,,,,,4865513000,,31.26,,234.3,134.65
2025-12-28,IQV,7.26,15904000000.0,31.26,,1.369,36.17,,,,,,,,,,,,,,,None,3185787000,3185787000,,,,,,None,92004000,,,,,0.245,0.03,293740000,385744000,2.97,2011-12-31,17.33,,5372000000.0,1141961000,255432000,15105000,,,None,109065000,None,,None,,,,,241772000,None,None,None,0.14,,796710000,345251000,,,,,None,,,,,0.962,6.27,2.43,,,,,,,,0.0807,,,2025-10-30,annual,3.0,USD,pre-market,9447000,,0.0507,0.194,0.052,91.31,760399000,,,,182.97,220.21,1.0101,,,,,,,4327748000,,31.26,,234.3,134.65
2025-12-28,IQV,7.26,15904000000.0,31.26,,1.369,36.17,,,,,,,,,,,,,,,None,2804837000,2804837000,,,,,,None,84217000,,,,,0.245,0.03,383157000,467374000,2.97,2010-12-31,17.33,,5372000000.0,1119183000,241727000,77582000,,,None,141430000,None,,None,,,,,160596000,None,None,None,0.14,,724178000,395005000,,,,,None,,,,,0.962,6.27,2.43,,,,,,,,0.0807,,,2025-10-30,annual,3.0,USD,pre-market,None,,0.0507,0.194,0.052,91.31,None,,,,182.97,220.21,1.0101,,,,,,,3924020000,,31.26,,234.3,134.65
2025-12-28,IQV,7.26,15904000000.0,31.26,None,1.369,36.17,,233000000,1814000000,1814000000,,,,,,,,,3000000,171700000,None,2804837000,2804837000,3550000000,None,2164000000,3314000000,None,None,84217000,,,,,0.245,0.03,383157000,467374000,2.97,2025-09-30,17.33,15948000000,5372000000.0,1119183000,241727000,77582000,4707000000,4707000000,None,141430000,None,None,None,None,12793000000,None,405000000,160596000,None,None,None,0.14,,724178000,395005000,693000000,2675000000,None,698000000,None,,,,,0.962,6.27,2.43,,,,,,,,0.0807,,824000000,2025-10-30,quarterly,3.0,USD,pre-market,None,6911000000,0.0507,0.194,0.052,91.31,None,15190000000,2164000000,158000000,182.97,220.21,1.0101,28727000000,5979000000,8508000000,22439000000,22748000000,13931000000,3924020000,6160000000,31.26,None,234.3,134.65
2025-12-28,IQV,7.26,15904000000.0,31.26,None,1.369,36.17,,210000000,2039000000,2039000000,,,,,,,,,3000000,173200000,None,2804837000,2804837000,3399000000,None,1313000000,3406000000,None,None,84217000,,,,,0.245,0.03,383157000,467374000,2.97,2025-06-30,17.33,15611000000,5372000000.0,1119183000,241727000,77582000,4596000000,4596000000,None,141430000,None,None,None,None,14177000000,None,406000000,160596000,None,None,None,0.14,,724178000,395005000,751000000,613000000,None,671000000,None,,,,,0.962,6.27,2.43,,,,,,,,0.0807,,816000000,2025-10-30,quarterly,3.0,USD,pre-market,None,6580000000,0.0507,0.194,0.052,91.31,None,15700000000,1313000000,149000000,182.97,220.21,1.0101,28632000000,6345000000,7572000000,22846000000,22287000000,15274000000,3924020000,5778000000,31.26,None,234.3,134.65
2025-12-28,IQV,7.26,15904000000.0,31.26,None,1.369,36.17,,177000000,1740000000,1740000000,,,,,,,,,3000000,177400000,None,2804837000,2804837000,3559000000,None,1222000000,3311000000,None,None,84217000,,,,,0.245,0.03,383157000,467374000,2.97,2025-03-31,17.33,15027000000,5372000000.0,1119183000,241727000,77582000,4503000000,4503000000,None,141430000,None,None,None,None,13108000000,None,383000000,160596000,None,None,None,0.14,,724178000,395005000,724000000,319000000,None,676000000,None,,,,,0.962,6.27,2.43,,,,,,,,0.0807,,768000000,2025-10-30,quarterly,3.0,USD,pre-market,None,6314000000,0.0507,0.194,0.052,91.31,None,14507000000,1222000000,136000000,182.97,220.21,1.0101,27322000000,5911000000,7179000000,21337000000,21411000000,14158000000,3924020000,5977000000,31.26,None,234.3,134.65
2025-12-28,IQV,7.26,15904000000.0,31.26,None,1.369,36.17,,173000000,1702000000,1702000000,,,,,,,,,3000000,180800000,None,2804837000,2804837000,736000000,None,1145000000,3240000000,None,None,84217000,,,,,0.245,0.03,383157000,467374000,2.97,2024-12-31,17.33,14710000000,5372000000.0,1119183000,241727000,77582000,4499000000,4499000000,None,141430000,None,None,None,None,12838000000,None,374000000,160596000,None,None,None,0.14,,724178000,395005000,746000000,3141000000,None,668000000,None,,,,,0.962,6.27,2.43,,,,,,,,0.0807,,773000000,2025-10-30,quarterly,3.0,USD,pre-market,None,6065000000,0.0507,0.194,0.052,91.31,None,14156000000,1145000000,141000000,182.97,220.21,1.0101,26899000000,5829000000,6957000000,20832000000,21070000000,13875000000,3924020000,6067000000,31.26,None,234.3,134.65
2025-12-28,IQV,7.26,15904000000.0,31.26,None,1.369,36.17,,188000000,1572000000,1572000000,,,,,,,,,3000000,184200000,None,2804837000,2804837000,3434000000,None,1219000000,3250000000,None,None,84217000,,,,,0.245,0.03,383157000,467374000,2.97,2024-09-30,17.33,15091000000,5372000000.0,1119183000,241727000,77582000,4734000000,4734000000,None,141430000,None,195000000,None,None,12293000000,None,320000000,160596000,None,None,None,0.14,,724178000,395005000,670000000,354000000,None,612000000,None,,,,,0.962,6.27,2.43,,,,,,,,0.0807,,772000000,2025-10-30,quarterly,3.0,USD,pre-market,None,5628000000,0.0507,0.194,0.052,91.31,None,13700000000,1219000000,140000000,182.97,220.21,1.0101,27180000000,5632000000,6992000000,20213000000,21548000000,13221000000,3924020000,6967000000,31.26,None,234.3,134.65
2025-12-28,IQV,7.26,15904000000.0,31.26,None,1.369,36.17,,192000000,1545000000,1545000000,,,,,,,,,3000000,184300000,None,2804837000,2804837000,3313000000,None,1167000000,3296000000,None,None,84217000,,,,,0.245,0.03,383157000,467374000,2.97,2024-06-30,17.33,14477000000,5372000000.0,1119183000,241727000,77582000,4608000000,4608000000,None,141430000,None,None,None,None,12091000000,None,287000000,160596000,None,None,None,0.14,,724178000,395005000,648000000,144000000,None,632000000,None,,,,,0.962,6.27,2.43,,,,,,,,0.0807,,None,2025-10-30,quarterly,3.0,USD,pre-market,None,5343000000,0.0507,0.194,0.052,91.31,None,13450000000,1167000000,133000000,182.97,220.21,1.0101,26398000000,5622000000,6620000000,19684000000,20776000000,13064000000,3924020000,6714000000,31.26,None,234.3,134.65
2025-12-28,IQV,7.26,15904000000.0,31.26,None,1.369,36.17,,204000000,1444000000,1444000000,,,,,,,,,3000000,184300000,None,2804837000,2804837000,3455000000,None,717000000,3461000000,None,None,84217000,,,,,0.245,0.03,383157000,467374000,2.97,2024-03-31,17.33,14516000000,5372000000.0,1119183000,241727000,77582000,4725000000,4725000000,None,141430000,None,None,None,None,12819000000,None,263000000,160596000,None,None,None,0.14,,724178000,395005000,615000000,207000000,None,595000000,None,,,,,0.962,6.27,2.43,,,,,,,,0.0807,,None,2025-10-30,quarterly,3.0,USD,pre-market,None,4980000000,0.0507,0.194,0.052,91.31,None,13740000000,717000000,131000000,182.97,220.21,1.0101,26574000000,5651000000,6448000000,20230000000,20923000000,13782000000,3924020000,6344000000,31.26,None,234.3,134.65
2025-12-28,IQV,7.26,15904000000.0,31.26,None,1.369,36.17,,223000000,1376000000,1376000000,,,,,,,,,3000000,184300000,None,2804837000,2804837000,709000000,None,718000000,3413000000,None,None,84217000,,,,,0.245,0.03,383157000,467374000,2.97,2023-12-31,17.33,14567000000,5372000000.0,1119183000,241727000,77582000,4839000000,4839000000,None,141430000,None,None,None,None,12955000000,None,239000000,160596000,None,None,None,0.14,,724178000,395005000,687000000,3149000000,None,698000000,None,,,,,0.962,6.27,2.43,,,,,,,,0.0807,,None,2025-10-30,quarterly,3.0,USD,pre-market,None,4692000000,0.0507,0.194,0.052,91.31,None,13896000000,718000000,120000000,182.97,220.21,1.0101,26681000000,5596000000,6491000000,20569000000,21085000000,14078000000,3924020000,6112000000,31.26,None,234.3,134.65
2025-12-28,IQV,7.26,15904000000.0,31.26,None,1.369,36.17,,217000000,1224000000,1224000000,,,,,,,,,10994000000,185500000,None,2804837000,2804837000,3133000000,None,1309000000,3276000000,None,None,84217000,,,,,0.245,0.03,383157000,467374000,2.97,2023-09-30,17.33,14288000000,5372000000.0,1119183000,241727000,77582000,4907000000,4907000000,None,141430000,None,177000000,None,None,12322000000,None,214000000,160596000,None,None,None,0.14,,724178000,395005000,600000000,137000000,None,679000000,None,,,,,0.962,6.27,2.43,,,,,,,,0.0807,,790000000,2025-10-30,quarterly,3.0,USD,pre-market,None,4223000000,0.0507,0.194,0.052,91.31,None,13848000000,1309000000,108000000,182.97,220.21,1.0101,25977000000,5208000000,6589000000,20172000000,20769000000,13583000000,3924020000,5805000000,31.26,None,234.3,134.65
2025-12-28,IQV,7.26,15904000000.0,31.26,None,1.369,36.17,,242000000,1382000000,1382000000,,,,,,,,,10952000000,186700000,None,2804837000,2804837000,3007000000,None,1344000000,3184000000,None,None,84217000,,,,,0.245,0.03,383157000,467374000,2.97,2023-06-30,17.33,14178000000,5372000000.0,1119183000,241727000,77582000,4942000000,4942000000,None,141430000,None,179000000,None,None,12433000000,None,107000000,160596000,None,None,None,0.14,,724178000,395005000,653000000,140000000,None,703000000,None,,,,,0.962,6.27,2.43,,,,,,,,0.0807,,510000000,2025-10-30,quarterly,3.0,USD,pre-market,None,3920000000,0.0507,0.194,0.052,91.31,None,14019000000,1344000000,110000000,182.97,220.21,1.0101,26036000000,5329000000,6543000000,20288000000,20707000000,13745000000,3924020000,5748000000,31.26,None,234.3,134.65
2025-12-28,IQV,7.26,15904000000.0,31.26,None,1.369,36.17,,255000000,1494000000,1494000000,,,,,,,,,10909000000,188600000,None,2804837000,2804837000,3143000000,None,1343000000,3105000000,None,None,84217000,,,,,0.245,0.03,383157000,467374000,2.97,2023-03-31,17.33,14015000000,5372000000.0,1119183000,241727000,77582000,4757000000,4757000000,None,141430000,None,165000000,None,None,11833000000,None,99000000,160596000,None,None,None,0.14,,724178000,395005000,625000000,157000000,None,641000000,None,,,,,0.962,6.27,2.43,,,,,,,,0.0807,,845000000,2025-10-30,quarterly,3.0,USD,pre-market,None,3623000000,0.0507,0.194,0.052,91.31,None,13431000000,1343000000,104000000,182.97,220.21,1.0101,25739000000,5328000000,6657000000,19807000000,20411000000,13150000000,3924020000,5932000000,31.26,None,234.3,134.65
2025-12-28,IQV,7.26,15904000000.0,31.26,None,1.369,36.17,,264000000,1216000000,1216000000,,,,,,,,,10898000000,188600000,None,2804837000,2804837000,645000000,None,152000000,2960000000,None,None,84217000,,,,,0.245,0.03,383157000,467374000,2.97,2022-12-31,17.33,13921000000,5372000000.0,1119183000,241727000,77582000,4820000000,4820000000,None,141430000,None,151000000,None,None,12595000000,None,162000000,160596000,None,None,None,0.14,,724178000,395005000,712000000,2823000000,None,671000000,None,,,,,0.962,6.27,2.43,,,,,,,,0.0807,,863000000,2025-10-30,quarterly,3.0,USD,pre-market,None,3334000000,0.0507,0.194,0.052,91.31,None,13011000000,152000000,93000000,182.97,220.21,1.0101,25337000000,4981000000,5578000000,19572000000,20356000000,13994000000,3924020000,5765000000,31.26,None,234.3,134.65
2025-12-28,IQV,7.26,15904000000.0,31.26,None,1.369,36.17,,259000000,1274000000,1274000000,,,,,,,,,10853000000,189400000,None,2804837000,2804837000,2971000000,None,151000000,2687000000,None,None,84217000,,,,,0.245,0.03,383157000,467374000,2.97,2022-09-30,17.33,13177000000,5372000000.0,1119183000,241727000,77582000,4718000000,4718000000,None,141430000,None,176000000,None,None,12243000000,None,151000000,160596000,None,None,None,0.14,,724178000,395005000,704000000,165000000,None,561000000,None,,,,,0.962,6.27,2.43,,,,,,,,0.0807,,840000000,2025-10-30,quarterly,3.0,USD,pre-market,None,3107000000,0.0507,0.194,0.052,91.31,None,12653000000,151000000,87000000,182.97,220.21,1.0101,24223000000,4752000000,5253000000,18876000000,19471000000,13623000000,3924020000,5347000000,31.26,None,234.3,134.65
2025-12-28,IQV,7.26,15904000000.0,31.26,None,1.369,36.17,,285000000,1428000000,1428000000,,,,,,,,,10790000000,191100000,None,2804837000,2804837000,2847000000,None,152000000,2723000000,None,None,84217000,,,,,0.245,0.03,383157000,467374000,2.97,2022-06-30,17.33,13104000000,5372000000.0,1119183000,241727000,77582000,4733000000,4733000000,None,141430000,None,188000000,None,None,12615000000,None,159000000,160596000,None,None,None,0.14,,724178000,395005000,670000000,177000000,None,563000000,None,,,,,0.962,6.27,2.43,,,,,,,,0.0807,,899000000,2025-10-30,quarterly,3.0,USD,pre-market,None,2824000000,0.0507,0.194,0.052,91.31,None,13052000000,152000000,90000000,182.97,220.21,1.0101,24413000000,4911000000,5104000000,19061000000,19502000000,13957000000,3924020000,5352000000,31.26,None,234.3,134.65
2025-12-28,IQV,7.26,15904000000.0,31.26,None,1.369,36.17,,310000000,1387000000,1387000000,,,,,,,,,10745000000,193400000,None,2804837000,2804837000,2816000000,None,90000000,2662000000,None,None,84217000,,,,,0.245,0.03,383157000,467374000,2.97,2022-03-31,17.33,13532000000,5372000000.0,1119183000,241727000,77582000,4917000000,4917000000,None,141430000,None,162000000,None,None,12547000000,None,162000000,160596000,None,None,None,0.14,,724178000,395005000,617000000,189000000,None,581000000,None,,,,,0.962,6.27,2.43,,,,,,,,0.0807,,531000000,2025-10-30,quarterly,3.0,USD,pre-market,None,2568000000,0.0507,0.194,0.052,91.31,None,12947000000,90000000,106000000,182.97,220.21,1.0101,24969000000,4772000000,5157000000,19050000000,20197000000,13893000000,3924020000,5919000000,31.26,None,234.3,134.65
2025-12-28,IQV,7.26,15904000000.0,31.26,None,1.369,36.17,,313000000,1366000000,1366000000,,,,,,,,,3000000,194800000,None,2804837000,2804837000,621000000,None,91000000,2609000000,None,None,84217000,,,,,0.245,0.03,383157000,467374000,2.97,2021-12-31,17.33,13301000000,5372000000.0,1119183000,241727000,77582000,4943000000,4943000000,None,141430000,None,156000000,None,None,12034000000,None,164000000,160596000,None,None,None,0.14,,724178000,395005000,677000000,2567000000,None,649000000,None,,,,,0.962,6.27,2.43,,,,,,,,0.0807,,903000000,2025-10-30,quarterly,3.0,USD,pre-market,None,2243000000,0.0507,0.194,0.052,91.31,None,12438000000,91000000,111000000,182.97,220.21,1.0101,24689000000,4763000000,5241000000,18647000000,19926000000,13406000000,3924020000,6042000000,31.26,-6572000000,234.3,134.65
2025-12-28,IQV,7.26,15904000000.0,31.26,None,1.369,36.17,,323000000,1470000000,1470000000,,,,,,,,,10747000000,195300000,None,2804837000,2804837000,2663000000,None,91000000,2386000000,None,None,84217000,,,,,0.245,0.03,383157000,467374000,2.97,2021-09-30,17.33,13124000000,5372000000.0,1119183000,241727000,77582000,4812000000,4812000000,None,141430000,None,164000000,None,None,12081000000,None,158000000,160596000,None,None,None,0.14,,724178000,395005000,574000000,214000000,None,656000000,None,,,,,0.962,6.27,2.43,,,,,,,,0.0807,,889000000,2025-10-30,quarterly,3.0,USD,pre-market,None,1925000000,0.0507,0.194,0.052,91.31,None,12495000000,91000000,104000000,182.97,220.21,1.0101,24033000000,4534000000,4847000000,18204000000,19499000000,13357000000,3924020000,5829000000,31.26,-6398000000,234.3,134.65
2025-12-28,IQV,7.26,15904000000.0,31.26,None,1.369,36.17,,345000000,1807000000,1807000000,,,,,,,,,10696000000,194900000,None,2804837000,2804837000,2756000000,None,147000000,2345000000,None,None,84217000,,,,,0.245,0.03,383157000,467374000,2.97,2021-06-30,17.33,12551000000,5372000000.0,1119183000,241727000,77582000,4770000000,4770000000,None,141430000,None,178000000,None,None,12140000000,None,158000000,160596000,None,None,None,0.14,,724178000,395005000,812000000,218000000,None,607000000,None,,,,,0.962,6.27,2.43,,,,,,,,0.0807,,900000000,2025-10-30,quarterly,3.0,USD,pre-market,None,1664000000,0.0507,0.194,0.052,91.31,None,12632000000,147000000,104000000,182.97,220.21,1.0101,23937000000,5068000000,4819000000,18177000000,18869000000,13358000000,3924020000,5760000000,31.26,-6273000000,234.3,134.65
2025-12-28,IQV,7.26,15904000000.0,31.26,None,1.369,36.17,,347000000,2305000000,2305000000,,,,,,,,,11068000000,194900000,None,2804837000,2804837000,2819000000,None,144000000,2425000000,None,None,84217000,,,,,0.245,0.03,383157000,467374000,2.97,2021-03-31,17.33,12415000000,5372000000.0,1119183000,241727000,77582000,4915000000,4915000000,None,141430000,None,159000000,None,None,12092000000,None,88000000,160596000,None,None,None,0.14,,724178000,395005000,752000000,216000000,None,586000000,None,,,,,0.962,6.27,2.43,,,,,,,,0.0807,,472000000,2025-10-30,quarterly,3.0,USD,pre-market,None,1489000000,0.0507,0.194,0.052,91.31,None,12583000000,144000000,97000000,182.97,220.21,1.0101,24467000000,5579000000,4868000000,18230000000,18888000000,13362000000,3924020000,5953000000,31.26,-6228000000,234.3,134.65
2025-12-28,IQV,7.26,15904000000.0,31.26,None,1.369,36.17,,371000000,1814000000,1814000000,,,,,,,,,11095000000,191300000,None,2804837000,2804837000,581000000,None,149000000,2466000000,None,None,84217000,,,,,0.245,0.03,383157000,467374000,2.97,2020-12-31,17.33,12654000000,5372000000.0,1119183000,241727000,77582000,5205000000,5205000000,None,141430000,None,159000000,None,None,12384000000,None,84000000,160596000,None,None,None,0.14,,724178000,395005000,722000000,2474000000,None,1004000000,None,,,,,0.962,6.27,2.43,,,,,,,,0.0807,,482000000,2025-10-30,quarterly,3.0,USD,pre-market,None,1277000000,0.0507,0.194,0.052,91.31,None,12904000000,149000000,88000000,182.97,220.21,1.0101,24564000000,5090000000,4558000000,18284000000,19474000000,13726000000,3924020000,6001000000,31.26,-6166000000,234.3,134.65
2025-12-28,IQV,7.26,15904000000.0,31.26,None,1.369,36.17,,387000000,1464000000,1464000000,,,,,,,,,11070000000,194900000,None,2804837000,2804837000,2461000000,None,144000000,2492000000,None,None,84217000,,,,,0.245,0.03,383157000,467374000,2.97,2020-09-30,17.33,12363000000,5372000000.0,1119183000,241727000,77582000,5222000000,5222000000,None,141430000,None,165000000,None,None,12195000000,None,85000000,160596000,None,None,None,0.14,,724178000,395005000,610000000,245000000,None,580000000,None,,,,,0.962,6.27,2.43,,,,,,,,0.0807,,452000000,2025-10-30,quarterly,3.0,USD,pre-market,None,1158000000,0.0507,0.194,0.052,91.31,None,12726000000,144000000,79000000,182.97,220.21,1.0101,23837000000,4645000000,4139000000,17730000000,19192000000,13591000000,3924020000,5846000000,31.26,-6065000000,234.3,134.65
2025-12-28,IQV,7.26,15904000000.0,31.26,None,1.369,36.17,,402000000,1109000000,1109000000,,,,,,,,,11043000000,190900000,None,2804837000,2804837000,2295000000,None,142000000,2424000000,None,None,84217000,,,,,0.245,0.03,383157000,467374000,2.97,2020-06-30,17.33,12133000000,5372000000.0,1119183000,241727000,77582000,5262000000,5262000000,None,141430000,None,146000000,None,None,11965000000,None,73000000,160596000,None,None,None,0.14,,724178000,395005000,602000000,243000000,None,582000000,None,,,,,0.962,6.27,2.43,,,,,,,,0.0807,,444000000,2025-10-30,quarterly,3.0,USD,pre-market,None,1057000000,0.0507,0.194,0.052,91.31,None,12509000000,142000000,73000000,182.97,220.21,1.0101,23183000000,4208000000,3843000000,17331000000,18975000000,13488000000,3924020000,5591000000,31.26,-6065000000,234.3,134.65
2025-12-28,IQV,7.26,15904000000.0,31.26,None,1.369,36.17,,540000000,927000000,927000000,,,,,,,,,11012000000,195700000,None,2804837000,2804837000,2384000000,None,139000000,2683000000,None,None,84217000,,,,,0.245,0.03,383157000,467374000,2.97,2020-03-31,17.33,11989000000,5372000000.0,1119183000,241727000,77582000,5328000000,5328000000,None,141430000,None,173000000,None,None,11894000000,None,71000000,160596000,None,None,None,0.14,,724178000,395005000,604000000,80000000,None,491000000,None,,,,,0.962,6.27,2.43,,,,,,,,0.0807,,445000000,2025-10-30,quarterly,3.0,USD,pre-market,None,1080000000,0.0507,0.194,0.052,91.31,None,12573000000,313000000,63000000,182.97,220.21,1.0101,23078000000,4277000000,3907000000,17276000000,18801000000,13369000000,3924020000,5542000000,31.26,-6065000000,234.3,134.65
2025-12-28,IQV,7.26,15904000000.0,31.26,None,1.369,36.17,,396000000,837000000,837000000,,,,,,,,,11049000000,197100000,None,2804837000,2804837000,2512000000,None,100000000,2638000000,None,None,84217000,,,,,0.245,0.03,383157000,467374000,2.97,2019-12-31,17.33,12159000000,5372000000.0,1119183000,241727000,77582000,5514000000,5514000000,None,141430000,None,138000000,None,None,11545000000,None,87000000,160596000,None,None,None,0.14,,724178000,395005000,589000000,211000000,None,852000000,None,,,,,0.962,6.27,2.43,,,,,,,,0.0807,,458000000,2025-10-30,quarterly,3.0,USD,pre-market,None,998000000,0.0507,0.194,0.052,91.31,None,12041000000,100000000,62000000,182.97,220.21,1.0101,23251000000,4126000000,3945000000,16988000000,19125000000,13043000000,3924020000,6003000000,31.26,-5733000000,234.3,134.65
2025-12-28,IQV,7.26,15904000000.0,31.26,None,1.369,36.17,,393000000,863000000,863000000,,,,,,,,,10990000000,199000000,None,2804837000,2804837000,2190000000,None,98000000,2579000000,None,None,84217000,,,,,0.245,0.03,383157000,467374000,2.97,2019-09-30,17.33,11919000000,5372000000.0,1119183000,241727000,77582000,5546000000,5546000000,None,141430000,None,150000000,None,None,11444000000,None,96000000,160596000,None,None,None,0.14,,724178000,395005000,496000000,211000000,None,824000000,None,,,,,0.962,6.27,2.43,,,,,,,,0.0807,,451000000,2025-10-30,quarterly,3.0,USD,pre-market,None,981000000,0.0507,0.194,0.052,91.31,None,11935000000,98000000,57000000,182.97,220.21,1.0101,22892000000,3995000000,3576000000,16498000000,18897000000,12922000000,3924020000,6131000000,31.26,-5464000000,234.3,134.65
2025-12-28,IQV,7.26,15904000000.0,31.26,None,1.369,36.17,,398000000,938000000,938000000,,,,,,,,,10964000000,200600000,None,2804837000,2804837000,2139000000,None,100000000,2465000000,None,None,84217000,,,,,0.245,0.03,383157000,467374000,2.97,2019-06-30,17.33,11937000000,5372000000.0,1119183000,241727000,77582000,5701000000,5701000000,None,141430000,None,180000000,None,None,11299000000,None,152000000,160596000,None,None,None,0.14,,724178000,395005000,519000000,211000000,None,822000000,None,,,,,0.962,6.27,2.43,,,,,,,,0.0807,,458000000,2025-10-30,quarterly,3.0,USD,pre-market,None,925000000,0.0507,0.194,0.052,91.31,None,11797000000,100000000,56000000,182.97,220.21,1.0101,23068000000,3978000000,3495000000,16287000000,19090000000,12792000000,3924020000,6523000000,31.26,-5151000000,234.3,134.65
2025-12-28,IQV,7.26,15904000000.0,31.26,None,1.369,36.17,,401000000,936000000,936000000,,,,,,,,,10927000000,201700000,None,2804837000,2804837000,2122000000,None,100000000,2526000000,None,None,84217000,,,,,0.245,0.03,383157000,467374000,2.97,2019-03-31,17.33,11857000000,5372000000.0,1119183000,241727000,77582000,5811000000,5811000000,None,141430000,None,153000000,None,None,11187000000,None,137000000,160596000,None,None,None,0.14,,724178000,395005000,482000000,207000000,None,813000000,None,,,,,0.962,6.27,2.43,,,,,,,,0.0807,,437000000,2025-10-30,quarterly,3.0,USD,pre-market,None,865000000,0.0507,0.194,0.052,91.31,None,11688000000,100000000,55000000,182.97,220.21,1.0101,23109000000,3999000000,3502000000,16244000000,19110000000,12742000000,3924020000,6615000000,31.26,-4915000000,234.3,134.65
2025-12-28,IQV,7.26,15904000000.0,31.26,None,1.369,36.17,,None,891000000,891000000,,,,,,,,,10901000000,204100000,None,2804837000,2804837000,437000000,None,100000000,2463000000,None,None,84217000,,,,,0.245,0.03,383157000,467374000,2.97,2018-12-31,17.33,11800000000,5372000000.0,1119183000,241727000,77582000,5951000000,5951000000,None,141430000,None,151000000,None,None,10907000000,None,142000000,160596000,None,None,None,0.14,,724178000,395005000,473000000,1890000000,None,418000000,None,,,,,0.962,6.27,2.43,,,,,,,,0.0807,,434000000,2025-10-30,quarterly,3.0,USD,pre-market,None,807000000,0.0507,0.194,0.052,91.31,None,11007000000,100000000,47000000,182.97,220.21,1.0101,22549000000,3874000000,3534000000,15595000000,18675000000,12061000000,3924020000,6714000000,31.26,-4770000000,234.3,134.65
2025-12-28,IQV,7.26,15904000000.0,31.26,None,1.369,36.17,,None,827000000,827000000,,,,,,,,,10876000000,206800000,None,2804837000,2804837000,2162000000,None,101000000,2364000000,None,None,84217000,,,,,0.245,0.03,383157000,467374000,2.97,2018-09-30,17.33,11794000000,5372000000.0,1119183000,241727000,77582000,6103000000,6103000000,None,141430000,None,154000000,None,None,10518000000,None,134000000,160596000,None,None,None,0.14,,724178000,395005000,453000000,16000000,None,406000000,None,,,,,0.962,6.27,2.43,,,,,,,,0.0807,,417000000,2025-10-30,quarterly,3.0,USD,pre-market,None,726000000,0.0507,0.194,0.052,91.31,None,10619000000,101000000,52000000,182.97,220.21,1.0101,22498000000,3696000000,3380000000,15038000000,18802000000,11658000000,3924020000,7215000000,31.26,-4167000000,234.3,134.65
2025-12-28,IQV,7.26,15904000000.0,31.26,None,1.369,36.17,,None,879000000,879000000,,,,,,,,,10836000000,209900000,None,2804837000,2804837000,1997000000,None,101000000,2224000000,None,None,84217000,,,,,0.245,0.03,383157000,467374000,2.97,2018-06-30,17.33,11844000000,5372000000.0,1119183000,241727000,77582000,6297000000,6297000000,None,141430000,None,158000000,None,None,10627000000,None,110000000,160596000,None,None,None,0.14,,724178000,395005000,435000000,7000000,None,406000000,None,,,,,0.962,6.27,2.43,,,,,,,,0.0807,,415000000,2025-10-30,quarterly,3.0,USD,pre-market,None,665000000,0.0507,0.194,0.052,91.31,None,10728000000,101000000,49000000,182.97,220.21,1.0101,22626000000,3587000000,3166000000,15012000000,19039000000,11846000000,3924020000,7364000000,31.26,-4033000000,234.3,134.65
2025-12-28,IQV,7.26,15904000000.0,31.26,None,1.369,36.17,,None,960000000,960000000,,,,,,,,,10797000000,212000000,None,2804837000,2804837000,2045000000,None,104000000,2295000000,None,None,84217000,,,,,0.245,0.03,383157000,467374000,2.97,2018-03-31,17.33,12041000000,5372000000.0,1119183000,241727000,77582000,6580000000,6580000000,None,141430000,None,148000000,None,None,10342000000,None,101000000,160596000,None,None,None,0.14,,724178000,395005000,422000000,10000000,None,413000000,None,,,,,0.962,6.27,2.43,,,,,,,,0.0807,,432000000,2025-10-30,quarterly,3.0,USD,pre-market,None,605000000,0.0507,0.194,0.052,91.31,None,10446000000,104000000,47000000,182.97,220.21,1.0101,23235000000,3724000000,3199000000,14782000000,19511000000,11583000000,3924020000,8196000000,31.26,-3460000000,234.3,134.65
2025-12-28,IQV,7.26,15904000000.0,31.26,None,1.369,36.17,,None,959000000,959000000,,,,,,,,,10782000000,214200000,None,2804837000,2804837000,322000000,None,103000000,2144000000,None,None,84217000,,,,,0.245,0.03,383157000,467374000,2.97,2017-12-31,17.33,11850000000,5372000000.0,1119183000,241727000,77582000,6591000000,6591000000,None,141430000,None,146000000,None,None,10122000000,None,78000000,160596000,None,None,None,0.14,,724178000,395005000,405000000,1674000000,None,440000000,None,,,,,0.962,6.27,2.43,,,,,,,,0.0807,,440000000,2025-10-30,quarterly,3.0,USD,pre-market,None,655000000,0.0507,0.194,0.052,91.31,None,10225000000,103000000,46000000,182.97,220.21,1.0101,22742000000,3554000000,2904000000,14384000000,19292000000,11480000000,3924020000,8109000000,31.26,-3374000000,234.3,134.65
2025-12-28,IQV,7.26,15904000000.0,31.26,None,1.369,36.17,,None,1103000000,1103000000,,,,,,,,,10761000000,219000000,None,2804837000,2804837000,1894000000,None,103000000,1915000000,None,None,84217000,,,,,0.245,0.03,383157000,467374000,2.97,2017-09-30,17.33,11598000000,5372000000.0,1119183000,241727000,77582000,6567000000,6567000000,None,141430000,None,146000000,None,None,9651000000,None,75000000,160596000,None,None,None,0.14,,724178000,395005000,430000000,14000000,None,420000000,None,,,,,0.962,6.27,2.43,,,,,,,,0.0807,,428000000,2025-10-30,quarterly,3.0,USD,pre-market,None,-166000000,0.0507,0.194,0.052,91.31,None,9754000000,103000000,44000000,182.97,220.21,1.0101,22445000000,3492000000,2853000000,14938000000,18953000000,12085000000,3924020000,7264000000,31.26,-3252000000,234.3,134.65
2025-12-28,IQV,7.26,15904000000.0,31.26,None,1.369,36.17,,None,902000000,902000000,,,,,,,,,10721000000,222300000,None,2804837000,2804837000,1678000000,None,8966000000,1886000000,None,None,84217000,,,,,0.245,0.03,383157000,467374000,2.97,2017-06-30,17.33,11258000000,5372000000.0,1119183000,241727000,77582000,6493000000,6493000000,None,141430000,None,153000000,None,None,8858000000,None,70000000,160596000,None,None,None,0.14,,724178000,395005000,428000000,14000000,None,421000000,None,,,,,0.962,6.27,2.43,,,,,,,,0.0807,,430000000,2025-10-30,quarterly,3.0,USD,pre-market,None,-255000000,0.0507,0.194,0.052,91.31,None,8952000000,94000000,43000000,182.97,220.21,1.0101,21782000000,3259000000,2660000000,14008000000,18523000000,11348000000,3924020000,7539000000,31.26,-2694000000,234.3,134.65
2025-12-28,IQV,7.26,15904000000.0,31.26,None,1.369,36.17,,None,862000000,862000000,,,,,,,,,10656000000,234900000,None,2804837000,2804837000,1627000000,None,91000000,1807000000,None,None,84217000,,,,,0.245,0.03,383157000,467374000,2.97,2017-03-31,17.33,10915000000,5372000000.0,1119183000,241727000,77582000,6398000000,6398000000,None,141430000,None,134000000,None,None,8254000000,None,72000000,160596000,None,None,None,0.14,,724178000,395005000,405000000,12000000,None,393000000,None,,,,,0.962,6.27,2.43,,,,,,,,0.0807,,410000000,2025-10-30,quarterly,3.0,USD,pre-market,None,-325000000,0.0507,0.194,0.052,91.31,None,8345000000,91000000,43000000,182.97,220.21,1.0101,21183000000,3117000000,2596000000,13383000000,18066000000,10787000000,3924020000,7571000000,31.26,-2316000000,234.3,134.65
2025-12-28,IQV,7.26,15904000000.0,31.26,None,1.369,36.17,,None,1198000000,1198000000,,,,,,,,,10602000000,238800000,None,2804837000,2804837000,250000000,None,92000000,1741000000,None,None,84217000,,,,,0.245,0.03,383157000,467374000,2.97,2016-12-31,17.33,10727000000,5372000000.0,1119183000,241727000,77582000,6390000000,6390000000,None,141430000,None,123000000,None,None,7108000000,None,82000000,160596000,None,None,None,0.14,,724178000,395005000,358000000,1513000000,None,402000000,None,,,,,0.962,6.27,2.43,,,,,,,,0.0807,,406000000,2025-10-30,quarterly,3.0,USD,pre-market,None,-399000000,0.0507,0.194,0.052,91.31,None,7200000000,92000000,40000000,182.97,220.21,1.0101,21208000000,3337000000,2705000000,12348000000,17871000000,9643000000,3924020000,8633000000,31.26,-1000000000,234.3,134.65
2025-12-28,IQV,7.26,15904000000.0,31.26,None,1.369,36.17,,None,1209677000,1209677000,,,,,,,,,48762000,121156000,None,2804837000,2804837000,904095000,None,None,1234071000,None,None,84217000,,,,,0.245,0.03,383157000,467374000,2.97,2016-09-30,17.33,691441000,5372000000.0,1119183000,241727000,77582000,346816000,346816000,None,141430000,None,59865000,None,None,2387114000,None,68386000,160596000,None,None,None,0.14,,724178000,395005000,159506000,27321000,None,190565000,None,,,,,0.962,6.27,2.43,,,,,,,,0.0807,,184189000,2025-10-30,quarterly,3.0,USD,pre-market,None,-221218000,0.0507,0.194,0.052,91.31,None,2435614000,48500000,39878000,182.97,220.21,1.0101,4128802000,2643132000,1619948000,4210729000,1485670000,2590781000,3924020000,-313432000,31.26,0,234.3,134.65
2025-12-28,IQV,7.26,15904000000.0,31.26,None,1.369,36.17,,None,955684000,955684000,,,,,,,,,1193000,121500000,None,2804837000,2804837000,865151000,None,None,1257427000,None,None,84217000,,,,,0.245,0.03,383157000,467374000,2.97,2016-06-30,17.33,716640000,5372000000.0,1119183000,241727000,77582000,352755000,352755000,None,141430000,None,69932000,None,None,2397834000,None,65192000,160596000,None,None,None,0.14,,724178000,395005000,185700000,47539000,None,180690000,None,,,,,0.962,6.27,2.43,,,,,,,,0.0807,,189630000,2025-10-30,quarterly,3.0,USD,pre-market,None,-320385000,0.0507,0.194,0.052,91.31,None,2446337000,48503000,37787000,182.97,220.21,1.0101,3962798000,2436598000,1600288000,4191499000,1526200000,2591211000,3924020000,-228701000,31.26,0,234.3,134.65
2025-12-28,IQV,7.26,15904000000.0,31.26,None,1.369,36.17,,None,1053212000,1053212000,,,,,,,,,25915000,121400000,None,2804837000,2804837000,852315000,None,None,1175597000,None,None,84217000,,,,,0.245,0.03,383157000,467374000,2.97,2016-03-31,17.33,719651000,5372000000.0,1119183000,241727000,77582000,362260000,362260000,None,141430000,None,59411000,None,None,2408555000,None,85544000,160596000,None,None,None,0.14,,724178000,395005000,171636000,28837000,None,187338000,None,,,,,0.962,6.27,2.43,,,,,,,,0.0807,,189011000,2025-10-30,quarterly,3.0,USD,pre-market,None,-354967000,0.0507,0.194,0.052,91.31,None,2457072000,48517000,36711000,182.97,220.21,1.0101,3982939000,2437156000,1578138000,4188880000,1545783000,2610742000,3924020000,-205941000,31.26,-205941000,234.3,134.65
2025-12-28,IQV,7.26,15904000000.0,31.26,None,1.369,36.17,,None,977151000,977151000,,,,,,,,,8784000,123192000,None,2804837000,2804837000,145000000,None,55000000,1166000000,None,None,84217000,,,,,0.245,0.03,383157000,467374000,2.97,2015-12-31,17.33,719740000,5372000000.0,1119183000,241727000,77582000,368106000,368106000,None,141430000,None,154080000,None,None,2419293000,None,85000000,160596000,None,None,None,0.14,,724178000,395005000,269000000,779827000,None,182826000,None,,,,,0.962,6.27,2.43,,,,,,,,0.0807,,188393000,2025-10-30,quarterly,3.0,USD,pre-market,None,-461635000,0.0507,0.194,0.052,91.31,None,2467806000,55000000,-32911000,182.97,220.21,1.0101,3926316000,2411985000,1594176000,4261997000,1514331000,2667821000,3924020000,-564217000,31.26,-335681000,234.3,134.65
2025-12-28,IQV,7.26,15904000000.0,31.26,None,1.369,36.17,,None,1081804000,1081804000,,,,,,,,,239588000,125339000,None,2804837000,2804837000,867606000,None,None,1128899000,None,None,84217000,,,,,0.245,0.03,383157000,467374000,2.97,2015-09-30,17.33,724014000,5372000000.0,1119183000,241727000,77582000,374419000,374419000,None,141430000,None,165927000,None,None,2430034000,None,77187000,160596000,None,None,None,0.14,,724178000,395005000,309476000,23064000,None,170097000,None,,,,,0.962,6.27,2.43,,,,,,,,0.0807,,194744000,2025-10-30,quarterly,3.0,USD,pre-market,None,-550148000,0.0507,0.194,0.052,91.31,None,2478539000,48505000,-33149000,182.97,220.21,1.0101,4033736000,2520179000,1523975000,4213662000,1513557000,2689687000,3924020000,-179926000,31.26,-179926000,234.3,134.65
2025-12-28,IQV,7.26,15904000000.0,31.26,None,1.369,36.17,,None,803615000,803615000,,,,,,,,,28520000,126536000,None,2804837000,2804837000,754271000,None,None,1089439000,None,None,84217000,,,,,0.245,0.03,383157000,467374000,2.97,2015-06-30,17.33,463610000,5372000000.0,1119183000,241727000,77582000,263217000,263217000,None,141430000,None,176562000,None,None,2440972000,None,71703000,160596000,None,None,None,0.14,,724178000,395005000,326788000,15888000,None,190757000,None,,,,,0.962,6.27,2.43,,,,,,,,0.0807,,176773000,2025-10-30,quarterly,3.0,USD,pre-market,None,-661434000,0.0507,0.194,0.052,91.31,None,2489482000,48510000,-34258000,182.97,220.21,1.0101,3341784000,2219842000,1353808000,4043462000,1121942000,2689654000,3924020000,-701678000,31.26,-701678000,234.3,134.65
2025-12-28,IQV,7.26,15904000000.0,31.26,None,1.369,36.17,,None,779068000,779068000,,,,,,,,,178966000,127454000,None,2804837000,2804837000,717771000,None,None,1050581000,None,None,84217000,,,,,0.245,0.03,383157000,467374000,2.97,2015-03-31,17.33,462991000,5372000000.0,1119183000,241727000,77582000,270535000,270535000,None,141430000,None,180508000,None,None,2288229000,None,69161000,160596000,None,None,None,0.14,,724178000,395005000,269174000,32436000,None,181085000,None,,,,,0.962,6.27,2.43,,,,,,,,0.0807,,179490000,2025-10-30,quarterly,3.0,USD,pre-market,None,-702400000,0.0507,0.194,0.052,91.31,None,2294169000,5940000,-34226000,182.97,220.21,1.0101,3236651000,2098823000,1320697000,3848958000,1137828000,2528261000,3924020000,-612307000,31.26,-612307000,234.3,134.65
2025-12-28,IQV,7.26,15904000000.0,31.26,None,1.369,36.17,,None,867358000,867358000,,,,,,,,,143828000,128626000,None,2804837000,2804837000,108743000,None,15174000,975255000,None,None,84217000,,,,,0.245,0.03,383157000,467374000,2.97,2014-12-31,17.33,464434000,5372000000.0,1119183000,241727000,77582000,280243000,280243000,None,141430000,None,166025000,None,None,2292491000,None,66011000,160596000,None,None,None,0.14,,724178000,395005000,303470000,763332000,None,183656000,None,,,,,0.962,6.27,2.43,,,,,,,,0.0807,,190297000,2025-10-30,quarterly,3.0,USD,pre-market,None,-788798000,0.0507,0.194,0.052,91.31,None,2293317000,826000,-34503000,182.97,220.21,1.0101,3305832000,2146083000,1471900000,4009844000,1159749000,2537944000,3924020000,-704061000,31.26,-704012000,234.3,134.65
2025-12-28,IQV,7.26,15904000000.0,31.26,None,1.369,36.17,,None,645034000,645034000,,,,,,,,,368010000,130626000,None,2804837000,2804837000,822888000,None,None,1032553000,None,None,84217000,,,,,0.245,0.03,383157000,467374000,2.97,2014-09-30,17.33,468620000,5372000000.0,1119183000,241727000,77582000,288266000,288266000,None,141430000,None,149228000,None,None,2022595000,None,68460000,160596000,None,None,None,0.14,,724178000,395005000,261016000,37992000,None,167994000,None,,,,,0.962,6.27,2.43,,,,,,,,0.0807,,190863000,2025-10-30,quarterly,3.0,USD,pre-market,None,-877224000,0.0507,0.194,0.052,91.31,None,2043276000,20681000,-33723000,182.97,220.21,1.0101,3106715000,1938603000,1426780000,3642947000,1168112000,2216167000,3924020000,-536232000,31.26,-536232000,234.3,134.65
2025-12-28,IQV,7.26,15904000000.0,31.26,None,1.369,36.17,,None,636468000,636468000,,,,,,,,,346085000,132042000,None,2804837000,2804837000,742649000,None,None,964346000,None,None,84217000,,,,,0.245,0.03,383157000,467374000,2.97,2014-06-30,17.33,410333000,5372000000.0,1119183000,241727000,77582000,282499000,282499000,None,141430000,None,152975000,None,None,2026909000,None,67423000,160596000,None,None,None,0.14,,724178000,395005000,263893000,40808000,None,186379000,None,,,,,0.962,6.27,2.43,,,,,,,,0.0807,,196382000,2025-10-30,quarterly,3.0,USD,pre-market,None,-969878000,0.0507,0.194,0.052,91.31,None,2047624000,20715000,-33741000,182.97,220.21,1.0101,2978637000,1864707000,1353060000,3600247000,1113930000,2247187000,3924020000,-621549000,31.26,-621610000,234.3,134.65
2025-12-28,IQV,7.26,15904000000.0,31.26,None,1.369,36.17,,None,741381000,741381000,,,,,,,,,495917000,133040000,None,2804837000,2804837000,757968000,None,None,948453000,None,None,84217000,,,,,0.245,0.03,383157000,467374000,2.97,2014-03-31,17.33,409519000,5372000000.0,1119183000,241727000,77582000,289094000,289094000,None,141430000,None,149122000,None,None,2031247000,None,66700000,160596000,None,None,None,0.14,,724178000,395005000,257986000,44798000,None,178129000,None,,,,,0.962,6.27,2.43,,,,,,,,0.0807,,195852000,2025-10-30,quarterly,3.0,USD,pre-market,None,-1054998000,0.0507,0.194,0.052,91.31,None,2046819000,15572000,-37628000,182.97,220.21,1.0101,3061892000,1947820000,1376476000,3621417000,1114072000,2244941000,3924020000,-559474000,31.26,-559525000,234.3,134.65
2025-12-28,IQV,7.26,15904000000.0,31.26,None,1.369,36.17,,None,778143000,778143000,,,,,,,,,478144000,129898000,None,2804837000,2804837000,100616000,None,None,940376000,None,None,84217000,,,,,0.245,0.03,383157000,467374000,2.97,2013-12-31,17.33,409626000,5372000000.0,1119183000,241727000,77582000,298054000,298054000,None,141430000,None,137628000,None,None,2035586000,None,63276000,160596000,None,None,None,0.14,,724178000,395005000,227169000,796835000,None,178908000,None,,,,,0.962,6.27,2.43,,,,,,,,0.0807,,199578000,2025-10-30,quarterly,3.0,USD,pre-market,None,-1145181000,0.0507,0.194,0.052,91.31,None,2046019000,10433000,-40349000,182.97,220.21,1.0101,3066797000,1945688000,1482247000,3734282000,1121109000,2252035000,3924020000,-667413000,31.26,-667485000,234.3,134.65
2025-12-28,IQV,7.26,15904000000.0,31.26,None,1.369,36.17,,None,609710000,609710000,,,,,,,,,510102000,133267000,None,2804837000,2804837000,758641000,None,None,895345000,None,None,84217000,,,,,0.245,0.03,383157000,467374000,2.97,2013-09-30,17.33,412459000,5372000000.0,1119183000,241727000,77582000,310191000,310191000,None,141430000,None,114985000,None,None,2042029000,None,61431000,160596000,None,None,None,0.14,,724178000,395005000,212131000,34800000,None,160975000,None,,,,,0.962,6.27,2.43,,,,,,,,0.0807,,197393000,2025-10-30,quarterly,3.0,USD,pre-market,None,-1218177000,0.0507,0.194,0.052,91.31,None,2046120000,4091000,-38086000,182.97,220.21,1.0101,2842021000,1717186000,1334383000,3553993000,1124835000,2219610000,3924020000,-711967000,31.26,-711972000,234.3,134.65
2025-12-28,IQV,7.26,15904000000.0,31.26,None,1.369,36.17,,None,585722000,585722000,,,,,,,,,505074000,126578000,None,2804837000,2804837000,708583000,None,None,867211000,None,None,84217000,,,,,0.245,0.03,383157000,467374000,2.97,2013-06-30,17.33,295260000,5372000000.0,1119183000,241727000,77582000,271733000,271733000,None,141430000,None,116336000,None,None,2045142000,None,58122000,160596000,None,None,None,0.14,,724178000,395005000,194423000,42830000,None,153824000,None,,,,,0.962,6.27,2.43,,,,,,,,0.0807,,196749000,2025-10-30,quarterly,3.0,USD,pre-market,None,-1284946000,0.0507,0.194,0.052,91.31,None,2045283000,141000,-35943000,182.97,220.21,1.0101,2648167000,1673860000,1238727000,3446055000,974307000,2207328000,3924020000,-797888000,31.26,-797888000,234.3,134.65
2025-12-28,IQV,7.26,15904000000.0,31.26,None,1.369,36.17,,None,454293000,454293000,,,,,,,,,9227000,128915390,None,2804837000,2804837000,671448000,None,None,779342000,None,None,84217000,,,,,0.245,0.03,383157000,467374000,2.97,2013-03-31,17.33,297569000,5372000000.0,1119183000,241727000,77582000,274003000,274003000,None,141430000,None,112378000,None,None,2354763000,None,57582000,160596000,None,None,None,0.14,,724178000,395005000,185187000,44634000,None,156249000,None,,,,,0.962,6.27,2.43,,,,,,,,0.0807,,190166000,2025-10-30,quarterly,3.0,USD,pre-market,None,-1323463000,0.0507,0.194,0.052,91.31,None,2389504000,34741000,-35942000,182.97,220.21,1.0101,2426705000,1439497000,1221988000,3749000000,987208000,2527012000,3924020000,-1322295000,31.26,-1322295000,234.3,134.65
2025-12-28,IQV,7.26,15904000000.0,31.26,None,1.369,36.17,,None,567728000,567728000,,,,,,,,,4554000,125468000,None,2804837000,2804837000,84712000,None,None,745373000,None,None,84217000,,,,,0.245,0.03,383157000,467374000,2.97,2012-12-31,17.33,302429000,5372000000.0,1119183000,241727000,77582000,272813000,272813000,None,141430000,None,105214000,None,None,2366268000,None,None,160596000,None,None,None,0.14,,724178000,395005000,179296000,702349000,None,None,None,,,,,0.962,6.27,2.43,,,,,,,,0.0807,,193999000,2025-10-30,quarterly,3.0,USD,pre-market,None,-1371772000,0.0507,0.194,0.052,91.31,None,2421978000,55710000,-35951000,182.97,220.21,1.0101,2499153000,1509994000,1317964000,3858197000,989159000,2540233000,3924020000,-1359523000,31.26,None,234.3,134.65
2025-12-28,IQV,7.26,15904000000.0,31.26,None,1.369,36.17,,None,None,None,,,,,,,,,None,127554000,None,2804837000,2804837000,None,None,None,None,None,None,84217000,,,,,0.245,0.03,383157000,467374000,2.97,2012-09-30,17.33,None,5372000000.0,1119183000,241727000,77582000,None,None,None,141430000,None,None,None,None,None,None,None,160596000,None,None,None,0.14,,724178000,395005000,None,None,None,None,None,,,,,0.962,6.27,2.43,,,,,,,,0.0807,,None,2025-10-30,quarterly,3.0,USD,pre-market,None,None,0.0507,0.194,0.052,91.31,None,None,None,None,182.97,220.21,1.0101,None,None,None,None,None,None,3924020000,None,31.26,None,234.3,134.65
2025-12-28,IQV,7.26,15904000000.0,31.26,None,1.369,36.17,,None,None,None,,,,,,,,,None,127554000,None,2804837000,2804837000,None,None,None,None,None,None,84217000,,,,,0.245,0.03,383157000,467374000,2.97,2012-06-30,17.33,None,5372000000.0,1119183000,241727000,77582000,None,None,None,141430000,None,None,None,None,None,None,None,160596000,None,None,None,0.14,,724178000,395005000,None,None,None,None,None,,,,,0.962,6.27,2.43,,,,,,,,0.0807,,None,2025-10-30,quarterly,3.0,USD,pre-market,None,None,0.0507,0.194,0.052,91.31,None,None,None,None,182.97,220.21,1.0101,None,None,None,None,None,None,3924020000,None,31.26,None,234.3,134.65
2025-12-28,IQV,7.26,15904000000.0,31.26,None,1.369,36.17,,None,None,None,,,,,,,,,None,127554000,None,2804837000,2804837000,None,None,None,None,None,None,84217000,,,,,0.245,0.03,383157000,467374000,2.97,2012-03-31,17.33,None,5372000000.0,1119183000,241727000,77582000,None,None,None,141430000,None,None,None,None,None,None,None,160596000,None,None,None,0.14,,724178000,395005000,None,None,None,None,None,,,,,0.962,6.27,2.43,,,,,,,,0.0807,,None,2025-10-30,quarterly,3.0,USD,pre-market,None,None,0.0507,0.194,0.052,91.31,None,None,None,None,182.97,220.21,1.0101,None,None,None,None,None,None,3924020000,None,31.26,None,234.3,134.65
2025-12-28,IQV,7.26,15904000000.0,31.26,None,1.369,36.17,,None,516299000,516299000,,,,,,,,,1160000,None,None,2804837000,2804837000,70028000,None,None,None,None,None,84217000,,,,,0.245,0.03,383157000,467374000,2.97,2011-12-31,17.33,278041000,5372000000.0,1119183000,241727000,77582000,547454000,547454000,None,141430000,None,None,None,None,1951708000,None,None,160596000,None,None,None,0.14,,724178000,395005000,129691000,1054919000,None,None,None,,,,,0.962,6.27,2.43,,,,,,,,0.0807,,185772000,2025-10-30,quarterly,3.0,USD,pre-market,None,None,0.0507,0.194,0.052,91.31,None,None,None,2998000,182.97,220.21,1.0101,2322917000,None,1192133000,3292513000,None,None,3924020000,None,31.26,None,234.3,134.65
2025-12-28,IQV,7.26,15904000000.0,31.26,None,1.369,36.17,,173000000,1702000000,1702000000,,,,,,,,,3000000,183400000,None,2804837000,2804837000,736000000,None,1145000000,3240000000,None,None,84217000,,,,,0.245,0.03,383157000,467374000,2.97,2024-12-31,17.33,14710000000,5372000000.0,1119183000,241727000,77582000,4499000000,4499000000,None,141430000,None,None,None,None,12838000000,None,374000000,160596000,None,None,None,0.14,,724178000,395005000,746000000,3141000000,None,668000000,None,,,,,0.962,6.27,2.43,,,,,,,,0.0807,,773000000,2025-10-30,annual,3.0,USD,pre-market,None,6065000000,0.0507,0.194,0.052,91.31,None,14156000000,1145000000,141000000,182.97,220.21,1.0101,26899000000,5829000000,6957000000,20832000000,21070000000,13875000000,3924020000,6067000000,31.26,None,234.3,134.65
2025-12-28,IQV,7.26,15904000000.0,31.26,None,1.369,36.17,,223000000,1376000000,1376000000,,,,,,,,,3000000,186300000,None,2804837000,2804837000,709000000,None,718000000,3413000000,None,None,84217000,,,,,0.245,0.03,383157000,467374000,2.97,2023-12-31,17.33,14567000000,5372000000.0,1119183000,241727000,77582000,4839000000,4839000000,None,141430000,None,None,None,None,12955000000,None,239000000,160596000,None,None,None,0.14,,724178000,395005000,687000000,3149000000,None,698000000,None,,,,,0.962,6.27,2.43,,,,,,,,0.0807,,819000000,2025-10-30,annual,3.0,USD,pre-market,None,4692000000,0.0507,0.194,0.052,91.31,None,13896000000,718000000,120000000,182.97,220.21,1.0101,26681000000,5596000000,6491000000,20569000000,21085000000,14078000000,3924020000,6112000000,31.26,None,234.3,134.65
2025-12-28,IQV,7.26,15904000000.0,31.26,None,1.369,36.17,,264000000,1216000000,1216000000,,,,,,,,,10898000000,190600000,None,2804837000,2804837000,645000000,None,152000000,2960000000,None,None,84217000,,,,,0.245,0.03,383157000,467374000,2.97,2022-12-31,17.33,13921000000,5372000000.0,1119183000,241727000,77582000,4820000000,4820000000,None,141430000,None,151000000,None,None,12595000000,None,162000000,160596000,None,None,None,0.14,,724178000,395005000,712000000,2823000000,None,671000000,None,,,,,0.962,6.27,2.43,,,,,,,,0.0807,,863000000,2025-10-30,annual,3.0,USD,pre-market,None,3334000000,0.0507,0.194,0.052,91.31,None,13011000000,152000000,93000000,182.97,220.21,1.0101,25337000000,4981000000,5578000000,19572000000,20356000000,13994000000,3924020000,5765000000,31.26,None,234.3,134.65
2025-12-28,IQV,7.26,15904000000.0,31.26,None,1.369,36.17,,313000000,1366000000,1366000000,,,,,,,,,3000000,195000000,None,2804837000,2804837000,621000000,None,91000000,2609000000,None,None,84217000,,,,,0.245,0.03,383157000,467374000,2.97,2021-12-31,17.33,13301000000,5372000000.0,1119183000,241727000,77582000,4943000000,4943000000,None,141430000,None,156000000,None,None,12034000000,None,164000000,160596000,None,None,None,0.14,,724178000,395005000,677000000,2567000000,None,649000000,None,,,,,0.962,6.27,2.43,,,,,,,,0.0807,,903000000,2025-10-30,annual,3.0,USD,pre-market,None,2243000000,0.0507,0.194,0.052,91.31,None,12438000000,91000000,111000000,182.97,220.21,1.0101,24689000000,4763000000,5241000000,18647000000,19926000000,13406000000,3924020000,6042000000,31.26,-6572000000,234.3,134.65
2025-12-28,IQV,7.26,15904000000.0,31.26,None,1.369,36.17,,371000000,1814000000,1814000000,,,,,,,,,3000000,195000000,None,2804837000,2804837000,581000000,None,149000000,2466000000,None,None,84217000,,,,,0.245,0.03,383157000,467374000,2.97,2020-12-31,17.33,12654000000,5372000000.0,1119183000,241727000,77582000,5205000000,5205000000,None,141430000,None,159000000,None,None,12384000000,None,84000000,160596000,None,None,None,0.14,,724178000,395005000,722000000,2474000000,None,1004000000,None,,,,,0.962,6.27,2.43,,,,,,,,0.0807,,482000000,2025-10-30,annual,3.0,USD,pre-market,None,1277000000,0.0507,0.194,0.052,91.31,None,12904000000,149000000,88000000,182.97,220.21,1.0101,24564000000,5090000000,4558000000,18284000000,19474000000,13726000000,3924020000,6001000000,31.26,-6166000000,234.3,134.65
2025-12-28,IQV,7.26,15904000000.0,31.26,None,1.369,36.17,,396000000,837000000,837000000,,,,,,,,,11049000000,199600000,None,2804837000,2804837000,2512000000,None,100000000,2638000000,None,None,84217000,,,,,0.245,0.03,383157000,467374000,2.97,2019-12-31,17.33,12159000000,5372000000.0,1119183000,241727000,77582000,5514000000,5514000000,None,141430000,None,138000000,None,None,11545000000,None,87000000,160596000,None,None,None,0.14,,724178000,395005000,589000000,211000000,None,852000000,None,,,,,0.962,6.27,2.43,,,,,,,,0.0807,,458000000,2025-10-30,annual,3.0,USD,pre-market,None,998000000,0.0507,0.194,0.052,91.31,None,12041000000,100000000,62000000,182.97,220.21,1.0101,23251000000,4126000000,3945000000,16988000000,19125000000,13043000000,3924020000,6003000000,31.26,-5733000000,234.3,134.65
2025-12-28,IQV,7.26,15904000000.0,31.26,None,1.369,36.17,,None,891000000,891000000,,,,,,,,,10901000000,208200000,None,2804837000,2804837000,437000000,None,100000000,2463000000,None,None,84217000,,,,,0.245,0.03,383157000,467374000,2.97,2018-12-31,17.33,11800000000,5372000000.0,1119183000,241727000,77582000,5951000000,5951000000,None,141430000,None,151000000,None,None,10907000000,None,142000000,160596000,None,None,None,0.14,,724178000,395005000,473000000,1890000000,None,418000000,None,,,,,0.962,6.27,2.43,,,,,,,,0.0807,,434000000,2025-10-30,annual,3.0,USD,pre-market,None,807000000,0.0507,0.194,0.052,91.31,None,11007000000,100000000,47000000,182.97,220.21,1.0101,22549000000,3874000000,3534000000,15595000000,18675000000,12061000000,3924020000,6714000000,31.26,-4770000000,234.3,134.65
2025-12-28,IQV,7.26,15904000000.0,31.26,None,1.369,36.17,,None,959000000,959000000,,,,,,,,,10782000000,222600000,None,2804837000,2804837000,322000000,None,103000000,2144000000,None,None,84217000,,,,,0.245,0.03,383157000,467374000,2.97,2017-12-31,17.33,11850000000,5372000000.0,1119183000,241727000,77582000,6591000000,6591000000,None,141430000,None,146000000,None,None,10122000000,None,78000000,160596000,None,None,None,0.14,,724178000,395005000,405000000,1674000000,None,440000000,None,,,,,0.962,6.27,2.43,,,,,,,,0.0807,,440000000,2025-10-30,annual,3.0,USD,pre-market,None,655000000,0.0507,0.194,0.052,91.31,None,10225000000,103000000,46000000,182.97,220.21,1.0101,22742000000,3554000000,2904000000,14384000000,19292000000,11480000000,3924020000,8109000000,31.26,-3374000000,234.3,134.65
2025-12-28,IQV,7.26,15904000000.0,31.26,None,1.369,36.17,,None,1198000000,1198000000,,,,,,,,,10602000000,152000000,None,2804837000,2804837000,250000000,None,92000000,1741000000,None,None,84217000,,,,,0.245,0.03,383157000,467374000,2.97,2016-12-31,17.33,10727000000,5372000000.0,1119183000,241727000,77582000,6390000000,6390000000,None,141430000,None,123000000,None,None,7108000000,None,82000000,160596000,None,None,None,0.14,,724178000,395005000,358000000,1513000000,None,402000000,None,,,,,0.962,6.27,2.43,,,,,,,,0.0807,,406000000,2025-10-30,annual,3.0,USD,pre-market,None,-399000000,0.0507,0.194,0.052,91.31,None,7200000000,92000000,40000000,182.97,220.21,1.0101,21208000000,3337000000,2705000000,12348000000,17871000000,9643000000,3924020000,8633000000,31.26,-1000000000,234.3,134.65
2025-12-28,IQV,7.26,15904000000.0,31.26,None,1.369,36.17,,None,977151000,977151000,,,,,,,,,8784000,125630000,None,2804837000,2804837000,145484000,None,55000000,1199838000,None,None,84217000,,,,,0.245,0.03,383157000,467374000,2.97,2015-12-31,17.33,719740000,5372000000.0,1119183000,241727000,77582000,368106000,368106000,None,141430000,None,154080000,None,None,2419293000,None,85000000,160596000,None,None,None,0.14,,724178000,395005000,232518000,779343000,None,182826000,None,,,,,0.962,6.27,2.43,,,,,,,,0.0807,,188393000,2025-10-30,annual,3.0,USD,pre-market,None,-461635000,0.0507,0.194,0.052,91.31,None,2467806000,48513000,-32911000,182.97,220.21,1.0101,3926316000,2411985000,1594176000,4261997000,1514331000,2667821000,3924020000,-335681000,31.26,-335681000,234.3,134.65
2025-12-28,IQV,7.26,15904000000.0,31.26,None,1.369,36.17,,None,867358000,867358000,,,,,,,,,143828000,131083000,None,2804837000,2804837000,108743000,None,15174000,1020612000,None,None,84217000,,,,,0.245,0.03,383157000,467374000,2.97,2014-12-31,17.33,464434000,5372000000.0,1119183000,241727000,77582000,280243000,280243000,None,141430000,None,166025000,None,None,2292491000,None,66011000,160596000,None,None,None,0.14,,724178000,395005000,258113000,763332000,None,183656000,None,,,,,0.962,6.27,2.43,,,,,,,,0.0807,,190297000,2025-10-30,annual,3.0,USD,pre-market,None,-788798000,0.0507,0.194,0.052,91.31,None,2293317000,826000,-34503000,182.97,220.21,1.0101,3305832000,2146083000,1471900000,4009844000,1159749000,2537944000,3924020000,-704012000,31.26,-704012000,234.3,134.65
2025-12-28,IQV,7.26,15904000000.0,31.26,None,1.369,36.17,,None,778143000,778143000,,,,,,,,,478144000,127862000,None,2804837000,2804837000,100616000,None,None,940376000,None,None,84217000,,,,,0.245,0.03,383157000,467374000,2.97,2013-12-31,17.33,409626000,5372000000.0,1119183000,241727000,77582000,298054000,298054000,None,141430000,None,137628000,None,None,2035586000,None,63276000,160596000,None,None,None,0.14,,724178000,395005000,227169000,796835000,None,178908000,None,,,,,0.962,6.27,2.43,,,,,,,,0.0807,,199578000,2025-10-30,annual,3.0,USD,pre-market,None,-1145181000,0.0507,0.194,0.052,91.31,None,2046019000,10433000,-40349000,182.97,220.21,1.0101,3066797000,1945688000,1482247000,3734282000,1121109000,2252035000,3924020000,-667413000,31.26,-667485000,234.3,134.65
2025-12-28,IQV,7.26,15904000000.0,31.26,None,1.369,36.17,,None,567728000,567728000,,,,,,,,,4554000,127554000,None,2804837000,2804837000,84712000,None,None,837052000,None,None,84217000,,,,,0.245,0.03,383157000,467374000,2.97,2012-12-31,17.33,302429000,5372000000.0,1119183000,241727000,77582000,272813000,272813000,None,141430000,None,105214000,None,None,2366268000,None,None,160596000,None,None,None,0.14,,724178000,395005000,179296000,702349000,None,None,None,,,,,0.962,6.27,2.43,,,,,,,,0.0807,,193999000,2025-10-30,annual,3.0,USD,pre-market,None,-1371772000,0.0507,0.194,0.052,91.31,None,2421978000,55710000,-35951000,182.97,220.21,1.0101,2499153000,1509994000,1317964000,3858197000,989159000,2540233000,3924020000,-1359523000,31.26,None,234.3,134.65
2025-12-28,IQV,7.26,15904000000.0,31.26,None,1.369,36.17,,None,516299000,516299000,,,,,,,,,1160000,127554000,None,2804837000,2804837000,70028000,None,None,716490000,None,None,84217000,,,,,0.245,0.03,383157000,467374000,2.97,2011-12-31,17.33,278041000,5372000000.0,1119183000,241727000,77582000,269413000,269413000,None,141430000,None,81034000,None,None,1951708000,None,None,160596000,None,None,None,0.14,,724178000,395005000,78036000,656448000,None,None,None,,,,,0.962,6.27,2.43,,,,,,,,0.0807,,185772000,2025-10-30,annual,3.0,USD,pre-market,None,-994415000,0.0507,0.194,0.052,91.31,None,1971855000,20147000,-22106000,182.97,220.21,1.0101,2322917000,1365478000,1192133000,3292513000,957439000,2100380000,3924020000,-970384000,31.26,None,234.3,134.65
2025-12-28,IQV,7.26,15904000000.0,31.26,None,1.369,36.17,,None,None,None,,,,,,,,,None,127554000,None,2804837000,2804837000,None,None,None,None,None,None,84217000,,,,,0.245,0.03,383157000,467374000,2.97,2010-12-31,17.33,None,5372000000.0,1119183000,241727000,77582000,None,None,None,141430000,None,None,None,None,None,None,None,160596000,None,None,None,0.14,,724178000,395005000,None,None,None,None,None,,,,,0.962,6.27,2.43,,,,,,,,0.0807,,None,2025-10-30,annual,3.0,USD,pre-market,None,None,0.0507,0.194,0.052,91.31,None,None,None,None,182.97,220.21,1.0101,None,None,None,None,None,None,3924020000,None,31.26,None,234.3,134.65
2025-12-28,IQV,7.26,15904000000.0,31.26,None,1.369,36.17,,None,None,None,,,,,,,,,None,118000000,None,2804837000,2804837000,None,None,None,None,None,None,84217000,,,,,0.245,0.03,383157000,467374000,2.97,2009-12-31,17.33,None,5372000000.0,1119183000,241727000,77582000,None,None,None,141430000,None,None,None,None,None,None,None,160596000,None,None,None,0.14,,724178000,395005000,None,None,None,None,None,,,,,0.962,6.27,2.43,,,,,,,,0.0807,,None,2025-10-30,annual,3.0,USD,pre-market,None,None,0.0507,0.194,0.052,91.31,None,None,None,None,182.97,220.21,1.0101,None,None,None,None,None,None,3924020000,None,31.26,None,234.3,134.65
2025-12-28,IQV,7.26,15904000000.0,31.26,None,1.369,36.17,293000000,None,None,None,-572000000,-550000000,None,None,None,None,None,None,None,118000000,None,2804837000,2804837000,None,None,None,None,None,None,84217000,286000000,None,None,None,0.245,0.03,383157000,467374000,2.97,2025-09-30,17.33,None,5372000000.0,1119183000,241727000,77582000,None,None,None,141430000,None,None,None,None,None,None,None,332000000,None,None,None,0.14,908000000,724178000,395005000,None,None,None,None,None,None,None,None,None,0.962,6.27,2.43,None,None,None,None,None,1032000000,None,0.0807,None,None,2025-10-30,quarterly,3.0,USD,pre-market,None,None,0.0507,0.194,0.052,91.31,None,None,None,None,182.97,220.21,1.0101,None,None,None,None,None,None,3924020000,None,31.26,None,234.3,134.65
2025-12-28,IQV,7.26,15904000000.0,31.26,None,1.369,36.17,151000000,None,None,None,145000000,-346000000,None,None,None,None,None,None,None,118000000,None,2804837000,2804837000,None,None,None,None,None,None,84217000,276000000,None,None,None,0.245,0.03,383157000,467374000,2.97,2025-06-30,17.33,None,5372000000.0,1119183000,241727000,77582000,None,None,None,141430000,None,None,None,None,None,None,None,266000000,None,None,None,0.14,443000000,724178000,395005000,None,None,None,None,None,None,None,None,None,0.962,6.27,2.43,None,None,None,None,None,-657000000,None,0.0807,None,None,2025-10-30,quarterly,3.0,USD,pre-market,None,None,0.0507,0.194,0.052,91.31,None,None,None,None,182.97,220.21,1.0101,None,None,None,None,None,None,3924020000,None,31.26,None,234.3,134.65
2025-12-28,IQV,7.26,15904000000.0,31.26,None,1.369,36.17,142000000,None,None,None,-258000000,-305000000,None,None,None,None,None,None,None,118000000,None,2804837000,2804837000,None,None,None,None,None,None,84217000,265000000,None,None,None,0.245,0.03,383157000,467374000,2.97,2025-03-31,17.33,None,5372000000.0,1119183000,241727000,77582000,None,None,None,141430000,None,None,None,None,None,None,None,249000000,None,None,None,0.14,568000000,724178000,395005000,None,None,None,None,None,None,None,None,None,0.962,6.27,2.43,None,None,None,None,None,-375000000,None,0.0807,None,None,2025-10-30,quarterly,3.0,USD,pre-market,None,None,0.0507,0.194,0.052,91.31,None,None,None,None,182.97,220.21,1.0101,None,None,None,None,None,None,3924020000,None,31.26,None,234.3,134.65
2025-12-28,IQV,7.26,15904000000.0,31.26,None,1.369,36.17,164000000,None,None,None,-375000000,-310000000,None,None,None,None,None,None,None,118000000,None,2804837000,2804837000,None,None,None,None,None,None,84217000,303000000,None,None,None,0.245,0.03,383157000,467374000,2.97,2024-12-31,17.33,None,5372000000.0,1119183000,241727000,77582000,None,None,None,141430000,None,None,None,None,None,None,None,437000000,None,None,None,0.14,885000000,724178000,395005000,None,None,None,None,None,None,None,None,None,0.962,6.27,2.43,None,None,None,None,None,-1150000000,None,0.0807,None,None,2025-10-30,quarterly,3.0,USD,pre-market,None,None,0.0507,0.194,0.052,91.31,None,None,None,None,182.97,220.21,1.0101,None,None,None,None,None,None,3924020000,None,31.26,None,234.3,134.65
2025-12-28,IQV,7.26,15904000000.0,31.26,None,1.369,36.17,150000000,None,None,None,-137000000,-599000000,None,None,None,None,None,None,None,118000000,None,2804837000,2804837000,None,None,None,None,None,None,84217000,278000000,None,None,None,0.245,0.03,383157000,467374000,2.97,2024-09-30,17.33,None,5372000000.0,1119183000,241727000,77582000,None,None,None,141430000,None,None,None,None,None,None,None,285000000,None,None,None,0.14,721000000,724178000,395005000,None,None,None,None,None,None,None,None,None,0.962,6.27,2.43,None,None,None,None,None,-200000000,None,0.0807,None,None,2025-10-30,quarterly,3.0,USD,pre-market,None,None,0.0507,0.194,0.052,91.31,None,None,None,None,182.97,220.21,1.0101,None,None,None,None,None,None,3924020000,None,31.26,None,234.3,134.65
2025-12-28,IQV,7.26,15904000000.0,31.26,None,1.369,36.17,143000000,None,None,None,-260000000,-221000000,None,None,None,None,None,None,None,118000000,None,2804837000,2804837000,None,None,None,None,None,None,84217000,269000000,None,None,None,0.245,0.03,383157000,467374000,2.97,2024-06-30,17.33,None,5372000000.0,1119183000,241727000,77582000,None,None,None,141430000,None,None,None,None,None,None,None,363000000,None,None,None,0.14,588000000,724178000,395005000,None,None,None,None,None,None,None,None,None,0.962,6.27,2.43,None,None,None,None,None,0,None,0.0807,None,None,2025-10-30,quarterly,3.0,USD,pre-market,None,None,0.0507,0.194,0.052,91.31,None,None,None,None,182.97,220.21,1.0101,None,None,None,None,None,None,3924020000,None,31.26,None,234.3,134.65
2025-12-28,IQV,7.26,15904000000.0,31.26,None,1.369,36.17,145000000,None,None,None,-106000000,-314000000,None,None,None,None,None,None,None,118000000,None,2804837000,2804837000,None,None,None,None,None,None,84217000,264000000,None,None,None,0.245,0.03,383157000,467374000,2.97,2024-03-31,17.33,None,5372000000.0,1119183000,241727000,77582000,None,None,None,141430000,None,None,None,None,None,None,None,288000000,None,None,None,0.14,522000000,724178000,395005000,None,None,None,None,None,None,None,None,None,0.962,6.27,2.43,None,None,None,None,None,0,None,0.0807,None,None,2025-10-30,quarterly,3.0,USD,pre-market,None,None,0.0507,0.194,0.052,91.31,None,None,None,None,182.97,220.21,1.0101,None,None,None,None,None,None,3924020000,None,31.26,None,234.3,134.65
2025-12-28,IQV,7.26,15904000000.0,31.26,None,1.369,36.17,179000000,None,None,None,-420000000,-212000000,None,None,121000000,None,None,None,None,118000000,None,2804837000,2804837000,None,None,None,None,None,None,84217000,316000000,None,None,None,0.245,0.03,383157000,467374000,2.97,2023-12-31,17.33,None,5372000000.0,1119183000,241727000,77582000,None,None,None,141430000,None,None,None,None,None,None,None,469000000,None,None,None,0.14,747000000,724178000,395005000,None,None,None,None,None,None,None,None,None,0.962,6.27,2.43,None,None,None,None,None,-229000000,None,0.0807,None,None,2025-10-30,quarterly,3.0,USD,pre-market,None,None,0.0507,0.194,0.052,91.31,None,None,None,None,182.97,220.21,1.0101,None,None,None,None,None,None,3924020000,None,31.26,None,234.3,134.65
2025-12-28,IQV,7.26,15904000000.0,31.26,None,1.369,36.17,146000000,None,None,None,-144000000,-573000000,None,None,None,None,None,None,None,118000000,None,2804837000,2804837000,None,None,None,None,None,None,84217000,297000000,None,None,None,0.245,0.03,383157000,467374000,2.97,2023-09-30,17.33,None,5372000000.0,1119183000,241727000,77582000,None,None,None,141430000,None,None,None,None,None,None,None,303000000,None,None,None,0.14,583000000,724178000,395005000,None,None,None,None,None,None,None,None,None,0.962,6.27,2.43,None,None,None,None,None,-144000000,None,0.0807,None,None,2025-10-30,quarterly,3.0,USD,pre-market,None,None,0.0507,0.194,0.052,91.31,None,None,None,None,182.97,220.21,1.0101,None,None,None,None,None,None,3924020000,None,31.26,None,234.3,134.65
2025-12-28,IQV,7.26,15904000000.0,31.26,None,1.369,36.17,160000000,None,None,None,95000000,-596000000,-99000000,None,None,None,None,-27000000,None,118000000,None,2804837000,2804837000,None,None,None,None,None,None,84217000,259000000,None,None,None,0.245,0.03,383157000,467374000,2.97,2023-06-30,17.33,None,5372000000.0,1119183000,241727000,77582000,None,None,None,141430000,None,None,None,None,None,None,None,297000000,None,None,None,0.14,402000000,724178000,395005000,None,None,None,None,None,None,None,None,None,0.962,6.27,2.43,None,None,None,None,None,-490000000,None,0.0807,None,None,2025-10-30,quarterly,3.0,USD,pre-market,None,None,0.0507,0.194,0.052,91.31,None,None,None,None,182.97,220.21,1.0101,None,None,None,None,None,None,3924020000,None,31.26,None,234.3,134.65
2025-12-28,IQV,7.26,15904000000.0,31.26,None,1.369,36.17,164000000,None,None,None,87000000,-222000000,282000000,None,None,None,None,-107000000,None,118000000,None,2804837000,2804837000,None,None,None,None,None,None,84217000,253000000,None,None,None,0.245,0.03,383157000,467374000,2.97,2023-03-31,17.33,None,5372000000.0,1119183000,241727000,77582000,None,None,None,141430000,None,None,None,None,None,None,None,289000000,None,None,None,0.14,417000000,724178000,395005000,None,None,None,None,None,None,None,None,None,0.962,6.27,2.43,None,None,None,None,None,-129000000,None,0.0807,None,None,2025-10-30,quarterly,3.0,USD,pre-market,None,None,0.0507,0.194,0.052,91.31,None,None,None,None,182.97,220.21,1.0101,None,None,None,None,None,None,3924020000,None,31.26,None,234.3,134.65
2025-12-28,IQV,7.26,15904000000.0,31.26,None,1.369,36.17,171000000,None,None,None,-193000000,-477000000,-110000000,None,None,None,None,-333000000,None,118000000,None,2804837000,2804837000,None,None,None,None,None,None,84217000,357000000,None,None,None,0.245,0.03,383157000,467374000,2.97,2022-12-31,17.33,None,5372000000.0,1119183000,241727000,77582000,None,None,None,141430000,None,None,None,None,None,None,None,227000000,None,None,None,0.14,560000000,724178000,395005000,None,None,None,None,None,None,None,None,None,0.962,6.27,2.43,None,None,None,None,None,-65000000,None,0.0807,None,None,2025-10-30,quarterly,3.0,USD,pre-market,None,None,0.0507,0.194,0.052,91.31,None,None,None,None,182.97,220.21,1.0101,None,None,None,None,None,None,3924020000,None,31.26,None,234.3,134.65
2025-12-28,IQV,7.26,15904000000.0,31.26,None,1.369,36.17,165000000,None,None,None,-251000000,-717000000,-105000000,None,None,None,None,55000000,None,118000000,None,2804837000,2804837000,None,None,None,None,None,None,84217000,248000000,None,None,None,0.245,0.03,383157000,467374000,2.97,2022-09-30,17.33,None,5372000000.0,1119183000,241727000,77582000,None,None,None,141430000,None,None,None,None,None,None,None,283000000,None,None,None,0.14,863000000,724178000,395005000,None,None,None,None,None,None,None,None,None,0.962,6.27,2.43,None,None,None,None,None,-210000000,None,0.0807,None,None,2025-10-30,quarterly,3.0,USD,pre-market,None,None,0.0507,0.194,0.052,91.31,None,None,None,None,182.97,220.21,1.0101,None,None,None,None,None,None,3924020000,None,31.26,None,234.3,134.65
2025-12-28,IQV,7.26,15904000000.0,31.26,None,1.369,36.17,161000000,None,None,None,-29000000,-199000000,101000000,None,None,None,None,-197000000,None,118000000,None,2804837000,2804837000,None,None,None,None,None,None,84217000,270000000,None,None,None,0.245,0.03,383157000,467374000,2.97,2022-06-30,17.33,None,5372000000.0,1119183000,241727000,77582000,None,None,None,141430000,None,None,None,None,None,None,None,256000000,None,None,None,0.14,329000000,724178000,395005000,None,None,None,None,None,None,None,None,None,0.962,6.27,2.43,None,None,None,None,None,-490000000,None,0.0807,None,None,2025-10-30,quarterly,3.0,USD,pre-market,None,None,0.0507,0.194,0.052,91.31,None,None,None,None,182.97,220.21,1.0101,None,None,None,None,None,None,3924020000,None,31.26,None,234.3,134.65
2025-12-28,IQV,7.26,15904000000.0,31.26,None,1.369,36.17,177000000,None,None,None,144000000,-613000000,39000000,None,None,None,None,54000000,None,118000000,None,2804837000,2804837000,None,None,None,None,None,None,84217000,255000000,None,None,None,0.245,0.03,383157000,467374000,2.97,2022-03-31,17.33,None,5372000000.0,1119183000,241727000,77582000,None,None,None,141430000,None,None,None,None,None,None,None,325000000,None,None,None,0.14,508000000,724178000,395005000,None,None,None,None,None,None,None,None,None,0.962,6.27,2.43,None,None,None,None,None,-403000000,None,0.0807,None,None,2025-10-30,quarterly,3.0,USD,pre-market,None,None,0.0507,0.194,0.052,91.31,None,None,None,None,182.97,220.21,1.0101,None,None,None,None,None,None,3924020000,None,31.26,None,234.3,134.65
2025-12-28,IQV,7.26,15904000000.0,31.26,None,1.369,36.17,184000000,None,None,None,-138000000,-647000000,-93000000,None,-17000000,None,None,-801000000,None,118000000,None,2804837000,2804837000,None,None,None,None,None,None,84217000,262000000,None,None,None,0.245,0.03,383157000,467374000,2.97,2021-12-31,17.33,None,5372000000.0,1119183000,241727000,77582000,None,None,None,141430000,None,None,None,None,None,None,None,318000000,None,None,None,0.14,692000000,724178000,395005000,None,None,None,None,None,None,None,None,None,0.962,6.27,2.43,None,None,None,None,None,-204000000,None,0.0807,None,None,2025-10-30,quarterly,3.0,USD,pre-market,None,None,0.0507,0.194,0.052,91.31,None,None,None,None,182.97,220.21,1.0101,None,None,None,None,None,None,3924020000,None,31.26,None,234.3,134.65
2025-12-28,IQV,7.26,15904000000.0,31.26,None,1.369,36.17,162000000,None,None,None,-66000000,-1095000000,-317000000,None,None,None,None,182000000,None,118000000,None,2804837000,2804837000,None,None,None,None,None,None,84217000,336000000,None,None,None,0.245,0.03,383157000,467374000,2.97,2021-09-30,17.33,None,5372000000.0,1119183000,241727000,77582000,None,None,None,141430000,None,None,None,None,None,None,None,261000000,None,None,None,0.14,844000000,724178000,395005000,None,None,None,None,None,None,None,None,None,0.962,6.27,2.43,None,None,None,None,None,-95000000,None,0.0807,None,None,2025-10-30,quarterly,3.0,USD,pre-market,None,None,0.0507,0.194,0.052,91.31,None,None,None,None,182.97,220.21,1.0101,None,None,None,None,None,None,3924020000,None,31.26,None,234.3,134.65
2025-12-28,IQV,7.26,15904000000.0,31.26,None,1.369,36.17,145000000,None,None,None,-863000000,-185000000,-509000000,None,None,None,None,139000000,None,118000000,None,2804837000,2804837000,None,None,None,None,None,None,84217000,343000000,None,None,None,0.245,0.03,383157000,467374000,2.97,2021-06-30,17.33,None,5372000000.0,1119183000,241727000,77582000,None,None,None,141430000,None,None,None,None,None,None,None,175000000,None,None,None,0.14,539000000,724178000,395005000,None,None,None,None,None,None,None,None,None,0.962,6.27,2.43,None,None,None,None,None,-45000000,None,0.0807,None,None,2025-10-30,quarterly,3.0,USD,pre-market,None,None,0.0507,0.194,0.052,91.31,None,None,None,None,182.97,220.21,1.0101,None,None,None,None,None,None,3924020000,None,31.26,None,234.3,134.65
2025-12-28,IQV,7.26,15904000000.0,31.26,None,1.369,36.17,149000000,None,None,None,-168000000,-176000000,523000000,None,None,None,None,342000000,None,118000000,None,2804837000,2804837000,None,None,None,None,None,None,84217000,323000000,None,None,None,0.245,0.03,383157000,467374000,2.97,2021-03-31,17.33,None,5372000000.0,1119183000,241727000,77582000,None,None,None,141430000,None,None,None,None,None,None,None,217000000,None,None,None,0.14,867000000,724178000,395005000,None,None,None,None,None,None,None,None,None,0.962,6.27,2.43,None,None,None,None,None,-62000000,None,0.0807,None,None,2025-10-30,quarterly,3.0,USD,pre-market,None,None,0.0507,0.194,0.052,91.31,None,None,None,None,182.97,220.21,1.0101,None,None,None,None,None,None,3924020000,None,31.26,None,234.3,134.65
2025-12-28,IQV,7.26,15904000000.0,31.26,None,1.369,36.17,176000000,None,None,None,-198000000,-236000000,316000000,None,-229000000,None,None,-73000000,None,118000000,None,2804837000,2804837000,None,None,None,None,None,None,84217000,344000000,3000000,3000000,None,0.245,0.03,383157000,467374000,2.97,2020-12-31,17.33,None,5372000000.0,1119183000,241727000,77582000,None,None,None,141430000,None,None,None,None,None,None,None,130000000,None,None,None,0.14,750000000,724178000,395005000,None,None,None,None,None,None,None,None,None,0.962,6.27,2.43,None,None,None,None,None,-101000000,None,0.0807,None,None,2025-10-30,quarterly,3.0,USD,pre-market,None,None,0.0507,0.194,0.052,91.31,None,None,None,None,182.97,220.21,1.0101,None,None,None,None,None,None,3924020000,None,31.26,None,234.3,134.65
2025-12-28,IQV,7.26,15904000000.0,31.26,None,1.369,36.17,157000000,None,None,None,-53000000,-191000000,330000000,None,None,None,None,120000000,None,118000000,None,2804837000,2804837000,None,None,None,None,None,None,84217000,319000000,11000000,11000000,None,0.245,0.03,383157000,467374000,2.97,2020-09-30,17.33,None,5372000000.0,1119183000,241727000,77582000,None,None,None,141430000,None,None,None,None,None,None,None,108000000,None,None,None,0.14,574000000,724178000,395005000,None,None,None,None,None,None,None,None,None,0.962,6.27,2.43,None,None,None,None,None,-346000000,None,0.0807,None,None,2025-10-30,quarterly,3.0,USD,pre-market,None,None,0.0507,0.194,0.052,91.31,None,None,None,None,182.97,220.21,1.0101,None,None,None,None,None,None,3924020000,None,31.26,None,234.3,134.65
2025-12-28,IQV,7.26,15904000000.0,31.26,None,1.369,36.17,142000000,None,None,None,-73000000,-219000000,180000000,None,None,None,None,292000000,None,118000000,None,2804837000,2804837000,None,None,None,None,None,None,84217000,308000000,None,None,None,0.245,0.03,383157000,467374000,2.97,2020-06-30,17.33,None,5372000000.0,1119183000,241727000,77582000,None,None,None,141430000,None,None,None,None,None,None,None,-21000000,None,None,None,0.14,472000000,724178000,395005000,None,None,None,None,None,None,None,None,None,0.962,6.27,2.43,None,None,None,None,None,-1000000,None,0.0807,None,None,2025-10-30,quarterly,3.0,USD,pre-market,None,None,0.0507,0.194,0.052,91.31,None,None,None,None,182.97,220.21,1.0101,None,None,None,None,None,None,3924020000,None,31.26,None,234.3,134.65
2025-12-28,IQV,7.26,15904000000.0,31.26,None,1.369,36.17,141000000,None,None,None,107000000,-150000000,120000000,None,None,None,None,-84000000,None,118000000,None,2804837000,2804837000,None,None,None,None,None,None,84217000,316000000,5000000,5000000,None,0.245,0.03,383157000,467374000,2.97,2020-03-31,17.33,None,5372000000.0,1119183000,241727000,77582000,None,None,None,141430000,None,None,None,None,None,None,None,91000000,None,None,None,0.14,163000000,724178000,395005000,None,None,None,None,None,None,None,None,None,0.962,6.27,2.43,None,None,None,None,None,-345000000,None,0.0807,None,None,2025-10-30,quarterly,3.0,USD,pre-market,None,None,0.0507,0.194,0.052,91.31,None,None,None,None,182.97,220.21,1.0101,None,None,None,None,None,None,3924020000,None,31.26,None,234.3,134.65
2025-12-28,IQV,7.26,15904000000.0,31.26,None,1.369,36.17,137000000,None,None,None,-343000000,-280000000,-40000000,None,-283000000,None,None,45000000,None,118000000,None,2804837000,2804837000,None,None,None,None,None,None,84217000,314000000,12000000,12000000,None,0.245,0.03,383157000,467374000,2.97,2019-12-31,17.33,None,5372000000.0,1119183000,241727000,77582000,None,None,None,141430000,None,None,None,None,None,None,None,20000000,None,None,None,0.14,583000000,724178000,395005000,None,None,None,None,None,None,None,None,None,0.962,6.27,2.43,None,None,None,None,None,-270000000,None,0.0807,None,None,2025-10-30,quarterly,3.0,USD,pre-market,None,None,0.0507,0.194,0.052,91.31,None,None,None,None,182.97,220.21,1.0101,None,None,None,None,None,None,3924020000,None,31.26,None,234.3,134.65
2025-12-28,IQV,7.26,15904000000.0,31.26,None,1.369,36.17,149000000,None,None,None,39000000,-400000000,-56000000,None,None,None,None,-115000000,None,118000000,None,2804837000,2804837000,None,None,None,None,None,None,84217000,299000000,4000000,4000000,None,0.245,0.03,383157000,467374000,2.97,2019-09-30,17.33,None,5372000000.0,1119183000,241727000,77582000,None,None,None,141430000,None,None,None,None,None,None,None,69000000,None,None,None,0.14,330000000,724178000,395005000,None,None,None,None,None,None,None,None,None,0.962,6.27,2.43,None,None,None,None,None,-298000000,None,0.0807,None,None,2025-10-30,quarterly,3.0,USD,pre-market,None,None,0.0507,0.194,0.052,91.31,None,None,None,None,182.97,220.21,1.0101,None,None,None,None,None,None,3924020000,None,31.26,None,234.3,134.65
2025-12-28,IQV,7.26,15904000000.0,31.26,None,1.369,36.17,155000000,None,None,None,-200000000,-195000000,2000000,6000000,None,None,None,24000000,None,118000000,None,2804837000,2804837000,None,None,None,None,None,None,84217000,294000000,2000000,2000000,None,0.245,0.03,383157000,467374000,2.97,2019-06-30,17.33,None,5372000000.0,1119183000,241727000,77582000,None,None,None,141430000,None,None,None,None,None,None,None,71000000,None,None,None,0.14,391000000,724178000,395005000,None,None,None,None,None,None,None,None,None,0.962,6.27,2.43,None,None,None,None,None,-236000000,None,0.0807,None,None,2025-10-30,quarterly,3.0,USD,pre-market,None,None,0.0507,0.194,0.052,91.31,None,None,None,None,182.97,220.21,1.0101,None,None,None,None,None,None,3924020000,None,31.26,None,234.3,134.65
2025-12-28,IQV,7.26,15904000000.0,31.26,None,1.369,36.17,141000000,None,None,None,228000000,-315000000,45000000,19000000,None,None,None,-76000000,None,118000000,None,2804837000,2804837000,None,None,None,None,None,None,84217000,295000000,None,None,None,0.245,0.03,383157000,467374000,2.97,2019-03-31,17.33,None,5372000000.0,1119183000,241727000,77582000,None,None,None,141430000,None,None,None,None,None,None,None,67000000,None,None,None,0.14,113000000,724178000,395005000,None,None,None,None,None,None,None,None,None,0.962,6.27,2.43,None,None,None,None,None,-145000000,None,0.0807,None,None,2025-10-30,quarterly,3.0,USD,pre-market,None,None,0.0507,0.194,0.052,91.31,None,None,None,None,182.97,220.21,1.0101,None,None,None,None,None,None,3924020000,None,31.26,None,234.3,134.65
2025-12-28,IQV,7.26,15904000000.0,31.26,None,1.369,36.17,138000000,None,None,None,-158000000,-178000000,64000000,-17000000,-184000000,None,None,-78000000,None,118000000,None,2804837000,2804837000,None,None,None,None,None,None,84217000,294000000,12000000,12000000,None,0.245,0.03,383157000,467374000,2.97,2018-12-31,17.33,None,5372000000.0,1119183000,241727000,77582000,None,None,None,141430000,None,None,None,None,None,None,None,76000000,None,None,None,0.14,417000000,724178000,395005000,None,None,None,None,None,None,None,None,None,0.962,6.27,2.43,None,None,None,None,None,-604000000,None,0.0807,None,None,2025-10-30,quarterly,3.0,USD,pre-market,None,None,0.0507,0.194,0.052,91.31,None,None,None,None,182.97,220.21,1.0101,None,None,None,None,None,None,3924020000,None,31.26,None,234.3,134.65
2025-12-28,IQV,7.26,15904000000.0,31.26,None,1.369,36.17,123000000,None,None,None,-201000000,-182000000,-52000000,-13000000,0,None,None,-105000000,None,118000000,None,2804837000,2804837000,None,None,None,None,None,None,84217000,283000000,10000000,10000000,None,0.245,0.03,383157000,467374000,2.97,2018-09-30,17.33,None,5372000000.0,1119183000,241727000,77582000,None,None,None,141430000,None,None,None,None,None,None,None,67000000,None,None,None,0.14,344000000,724178000,395005000,None,None,None,None,None,None,None,None,None,0.962,6.27,2.43,None,None,None,None,None,-133000000,None,0.0807,None,None,2025-10-30,quarterly,3.0,USD,pre-market,None,None,0.0507,0.194,0.052,91.31,None,None,None,None,182.97,220.21,1.0101,None,None,None,None,None,None,3924020000,None,31.26,None,234.3,134.65
2025-12-28,IQV,7.26,15904000000.0,31.26,None,1.369,36.17,110000000,None,None,None,-52000000,-330000000,-81000000,-10000000,0,None,None,64000000,None,118000000,None,2804837000,2804837000,None,None,None,None,None,None,84217000,282000000,9000000,9000000,None,0.245,0.03,383157000,467374000,2.97,2018-06-30,17.33,None,5372000000.0,1119183000,241727000,77582000,None,None,None,141430000,None,None,None,None,None,None,None,68000000,None,None,None,0.14,311000000,724178000,395005000,None,None,None,None,None,None,None,None,None,0.962,6.27,2.43,None,None,None,None,None,-573000000,None,0.0807,None,None,2025-10-30,quarterly,3.0,USD,pre-market,None,None,0.0507,0.194,0.052,91.31,None,None,None,None,182.97,220.21,1.0101,None,None,None,None,None,None,3924020000,None,31.26,None,234.3,134.65
2025-12-28,IQV,7.26,15904000000.0,31.26,None,1.369,36.17,88000000,None,None,None,-41000000,-120000000,1000000,-20000000,0,None,None,-178000000,None,118000000,None,2804837000,2804837000,None,None,None,None,None,None,84217000,282000000,0,0,None,0.245,0.03,383157000,467374000,2.97,2018-03-31,17.33,None,5372000000.0,1119183000,241727000,77582000,None,None,None,141430000,None,None,None,None,None,None,None,73000000,None,None,None,0.14,182000000,724178000,395005000,None,None,None,None,None,None,None,None,None,0.962,6.27,2.43,None,None,None,None,None,-95000000,None,0.0807,None,None,2025-10-30,quarterly,3.0,USD,pre-market,None,None,0.0507,0.194,0.052,91.31,None,None,None,None,182.97,220.21,1.0101,None,None,None,None,None,None,3924020000,None,31.26,None,234.3,134.65
2025-12-28,IQV,7.26,15904000000.0,31.26,None,1.369,36.17,102000000,None,None,None,45000000,-416000000,-144000000,-6000000,-206000000,None,None,-57000000,None,118000000,None,2804837000,2804837000,None,None,None,None,None,None,84217000,278000000,699000000,699000000,None,0.245,0.03,383157000,467374000,2.97,2017-12-31,17.33,None,5372000000.0,1119183000,241727000,77582000,None,None,None,141430000,None,None,None,None,None,None,None,1084000000,None,None,None,0.14,233000000,724178000,395005000,None,None,None,None,None,None,None,None,None,0.962,6.27,2.43,None,None,None,None,None,-368000000,None,0.0807,None,None,2025-10-30,quarterly,3.0,USD,pre-market,None,None,0.0507,0.194,0.052,91.31,None,None,None,None,182.97,220.21,1.0101,None,None,None,None,None,None,3924020000,None,31.26,None,234.3,134.65
2025-12-28,IQV,7.26,15904000000.0,31.26,None,1.369,36.17,89000000,None,None,None,93000000,-334000000,201000000,6000000,0,None,None,-30000000,None,118000000,None,2804837000,2804837000,None,None,None,None,None,None,84217000,256000000,1613000000,1613000000,None,0.245,0.03,383157000,467374000,2.97,2017-09-30,17.33,None,5372000000.0,1119183000,241727000,77582000,None,None,None,141430000,None,None,None,None,None,None,None,89000000,None,None,None,0.14,436000000,724178000,395005000,None,None,None,None,None,None,None,None,None,0.962,6.27,2.43,None,None,None,None,None,-558000000,None,0.0807,None,None,2025-10-30,quarterly,3.0,USD,pre-market,None,None,0.0507,0.194,0.052,91.31,None,None,None,None,182.97,220.21,1.0101,None,None,None,None,None,None,3924020000,None,31.26,None,234.3,134.65
2025-12-28,IQV,7.26,15904000000.0,31.26,None,1.369,36.17,100000000,None,None,None,-34000000,-200000000,40000000,29000000,0,None,None,-12000000,None,118000000,None,2804837000,2804837000,None,None,None,None,None,None,84217000,245000000,363000000,363000000,None,0.245,0.03,383157000,467374000,2.97,2017-06-30,17.33,None,5372000000.0,1119183000,241727000,77582000,None,None,None,141430000,None,None,None,None,None,None,None,79000000,None,None,None,0.14,245000000,724178000,395005000,None,None,None,None,None,None,None,None,None,0.962,6.27,2.43,None,None,None,None,None,-378000000,None,0.0807,None,None,2025-10-30,quarterly,3.0,USD,pre-market,None,None,0.0507,0.194,0.052,91.31,None,None,None,None,182.97,220.21,1.0101,None,None,None,None,None,None,3924020000,None,31.26,None,234.3,134.65
2025-12-28,IQV,7.26,15904000000.0,31.26,None,1.369,36.17,78000000,None,None,None,-176000000,-240000000,-336000000,24000000,0,None,None,-43000000,None,118000000,None,2804837000,2804837000,None,None,None,None,None,None,84217000,232000000,4488000000,4488000000,None,0.245,0.03,383157000,467374000,2.97,2017-03-31,17.33,None,5372000000.0,1119183000,241727000,77582000,None,None,None,141430000,None,None,None,None,None,None,None,76000000,None,None,None,0.14,56000000,724178000,395005000,None,None,None,None,None,None,None,None,None,0.962,6.27,2.43,None,None,None,None,None,-1316000000,None,0.0807,None,None,2025-10-30,quarterly,3.0,USD,pre-market,None,None,0.0507,0.194,0.052,91.31,None,None,None,None,182.97,220.21,1.0101,None,None,None,None,None,None,3924020000,None,31.26,None,234.3,134.65
2025-12-28,IQV,7.26,15904000000.0,31.26,None,1.369,36.17,85924000,None,None,None,-2205857000,1812850000,-11526000,-65572000,62000000,None,None,-45657000,None,118000000,None,2804837000,2804837000,None,None,None,None,None,None,84217000,190632000,638000000,638000000,None,0.245,0.03,383157000,467374000,2.97,2016-12-31,17.33,None,5372000000.0,1119183000,241727000,77582000,None,None,None,141430000,None,None,None,None,None,None,None,-174298000,None,None,None,0.14,447053000,724178000,395005000,None,None,None,None,None,None,None,None,None,0.962,6.27,2.43,None,None,None,None,None,-999363000,None,0.0807,None,None,2025-10-30,quarterly,3.0,USD,pre-market,None,None,0.0507,0.194,0.052,91.31,None,None,None,None,182.97,220.21,1.0101,None,None,None,None,None,None,3924020000,None,31.26,None,234.3,134.65
2025-12-28,IQV,7.26,15904000000.0,31.26,None,1.369,36.17,20703000,None,None,None,24397000,-22294000,253993000,-8325000,0,None,None,64887000,None,118000000,None,2804837000,2804837000,None,None,None,None,None,None,84217000,34603000,0,0,None,0.245,0.03,383157000,467374000,2.97,2016-09-30,17.33,None,5372000000.0,1119183000,241727000,77582000,None,None,None,141430000,None,None,None,None,None,None,None,103974000,None,None,None,0.14,260215000,724178000,395005000,None,None,None,None,None,None,None,None,None,0.962,6.27,2.43,None,None,None,None,None,28098000,None,0.0807,None,None,2025-10-30,quarterly,3.0,USD,pre-market,None,None,0.0507,0.194,0.052,91.31,None,None,None,None,182.97,220.21,1.0101,None,None,None,None,None,None,3924020000,None,31.26,None,234.3,134.65
2025-12-28,IQV,7.26,15904000000.0,31.26,None,1.369,36.17,31174000,None,None,None,-97550000,-16084000,-97528000,-24512000,0,None,None,-103805000,None,118000000,None,2804837000,2804837000,None,None,None,None,None,None,84217000,32041000,0,0,None,0.245,0.03,383157000,467374000,2.97,2016-06-30,17.33,None,5372000000.0,1119183000,241727000,77582000,None,None,None,141430000,None,None,None,None,None,None,None,91298000,None,None,None,0.14,40618000,724178000,395005000,None,None,None,None,None,None,None,None,None,0.962,6.27,2.43,None,None,None,None,None,-98000000,None,0.0807,None,None,2025-10-30,quarterly,3.0,USD,pre-market,None,None,0.0507,0.194,0.052,91.31,None,None,None,None,182.97,220.21,1.0101,None,None,None,None,None,None,3924020000,None,31.26,None,234.3,134.65
2025-12-28,IQV,7.26,15904000000.0,31.26,None,1.369,36.17,26199000,None,None,None,-4990000,-43472000,76061000,12409000,0,None,None,22575000,None,118000000,None,2804837000,2804837000,None,None,None,None,None,None,84217000,31724000,0,0,None,0.245,0.03,383157000,467374000,2.97,2016-03-31,17.33,None,5372000000.0,1119183000,241727000,77582000,None,None,None,141430000,None,None,None,None,None,None,None,109026000,None,None,None,0.14,112114000,724178000,395005000,None,None,None,None,None,None,None,None,None,0.962,6.27,2.43,None,None,None,None,None,5335000,None,0.0807,None,None,2025-10-30,quarterly,3.0,USD,pre-market,None,None,0.0507,0.194,0.052,91.31,None,None,None,None,182.97,220.21,1.0101,None,None,None,None,None,None,3924020000,None,31.26,None,234.3,134.65
2025-12-28,IQV,7.26,15904000000.0,31.26,None,1.369,36.17,21699000,None,None,None,-270974000,-27554000,-104653000,-12440000,18866000,None,None,-75749000,None,118000000,None,2804837000,2804837000,None,None,None,None,None,None,84217000,34518000,0,0,None,0.245,0.03,383157000,467374000,2.97,2015-12-31,17.33,None,5372000000.0,1119183000,241727000,77582000,None,None,None,141430000,None,None,None,None,None,None,None,108087000,None,None,None,0.14,206315000,724178000,395005000,None,None,None,None,None,None,None,None,None,0.962,6.27,2.43,None,None,None,None,None,-265000000,None,0.0807,None,None,2025-10-30,quarterly,3.0,USD,pre-market,None,None,0.0507,0.194,0.052,91.31,None,None,None,None,182.97,220.21,1.0101,None,None,None,None,None,None,3924020000,None,31.26,None,234.3,134.65
2025-12-28,IQV,7.26,15904000000.0,31.26,None,1.369,36.17,24768000,None,None,None,5263000,6065000,278189000,-16085000,0,None,None,7215000,None,118000000,None,2804837000,2804837000,None,None,None,None,None,None,84217000,32884000,0,0,None,0.245,0.03,383157000,467374000,2.97,2015-09-30,17.33,None,5372000000.0,1119183000,241727000,77582000,None,None,None,141430000,None,None,None,None,None,None,None,108839000,None,None,None,0.14,282946000,724178000,395005000,None,None,None,None,None,None,None,None,None,0.962,6.27,2.43,None,None,None,None,None,13015000,None,0.0807,None,None,2025-10-30,quarterly,3.0,USD,pre-market,None,None,0.0507,0.194,0.052,91.31,None,None,None,None,182.97,220.21,1.0101,None,None,None,None,None,None,3924020000,None,31.26,None,234.3,134.65
2025-12-28,IQV,7.26,15904000000.0,31.26,None,1.369,36.17,15492000,None,None,None,-9877000,-27158000,24547000,10820000,0,None,None,-114034000,None,118000000,None,2804837000,2804837000,None,None,None,None,None,None,84217000,30011000,0,0,None,0.245,0.03,383157000,467374000,2.97,2015-06-30,17.33,None,5372000000.0,1119183000,241727000,77582000,None,None,None,141430000,None,None,None,None,None,None,None,84947000,None,None,None,0.14,50762000,724178000,395005000,None,None,None,None,None,None,None,None,None,0.962,6.27,2.43,None,None,None,None,None,-250000000,None,0.0807,None,None,2025-10-30,quarterly,3.0,USD,pre-market,None,None,0.0507,0.194,0.052,91.31,None,None,None,None,182.97,220.21,1.0101,None,None,None,None,None,None,3924020000,None,31.26,None,234.3,134.65
2025-12-28,IQV,7.26,15904000000.0,31.26,None,1.369,36.17,16432000,None,None,None,26342000,-18308000,-88290000,-31992000,0,None,None,-63460000,None,118000000,None,2804837000,2804837000,None,None,None,None,None,None,84217000,30329000,0,0,None,0.245,0.03,383157000,467374000,2.97,2015-03-31,17.33,None,5372000000.0,1119183000,241727000,77582000,None,None,None,141430000,None,None,None,None,None,None,None,86431000,None,None,None,0.14,-64332000,724178000,395005000,None,None,None,None,None,None,None,None,None,0.962,6.27,2.43,None,None,None,None,None,18494000,None,0.0807,None,None,2025-10-30,quarterly,3.0,USD,pre-market,None,None,0.0507,0.194,0.052,91.31,None,None,None,None,182.97,220.21,1.0101,None,None,None,None,None,None,3924020000,None,31.26,None,234.3,134.65
2025-12-28,IQV,7.26,15904000000.0,31.26,None,1.369,36.17,24868000,None,None,None,14033000,-27187000,222324000,-20479000,-32977000,None,None,40091000,None,118000000,None,2804837000,2804837000,None,None,None,None,None,None,84217000,31900000,425000000,425000000,None,0.245,0.03,383157000,467374000,2.97,2014-12-31,17.33,None,5372000000.0,1119183000,241727000,77582000,None,None,None,141430000,None,None,None,None,None,None,None,88444000,None,None,None,0.14,255957000,724178000,395005000,None,None,None,None,None,None,None,None,None,0.962,6.27,2.43,None,None,None,None,None,-250000000,None,0.0807,None,None,2025-10-30,quarterly,3.0,USD,pre-market,None,None,0.0507,0.194,0.052,91.31,None,None,None,None,182.97,220.21,1.0101,None,None,None,None,None,None,3924020000,None,31.26,None,234.3,134.65
2025-12-28,IQV,7.26,15904000000.0,31.26,None,1.369,36.17,21950000,None,None,None,9709000,-112919000,8566000,-25324000,0,None,None,-57153000,None,118000000,None,2804837000,2804837000,None,None,None,None,None,None,84217000,30180000,0,0,None,0.245,0.03,383157000,467374000,2.97,2014-09-30,17.33,None,5372000000.0,1119183000,241727000,77582000,None,None,None,141430000,None,None,None,None,None,None,None,92733000,None,None,None,0.14,137100000,724178000,395005000,None,None,None,None,None,None,None,None,None,0.962,6.27,2.43,None,None,None,None,None,11783000,None,0.0807,None,None,2025-10-30,quarterly,3.0,USD,pre-market,None,None,0.0507,0.194,0.052,91.31,None,None,None,None,182.97,220.21,1.0101,None,None,None,None,None,None,3924020000,None,31.26,None,234.3,134.65
2025-12-28,IQV,7.26,15904000000.0,31.26,None,1.369,36.17,18126000,None,None,None,-157093000,-19029000,-104913000,4075000,0,None,None,-10550000,None,118000000,None,2804837000,2804837000,None,None,None,None,None,None,84217000,29845000,0,0,None,0.245,0.03,383157000,467374000,2.97,2014-06-30,17.33,None,5372000000.0,1119183000,241727000,77582000,None,None,None,141430000,None,None,None,None,None,None,None,85110000,None,None,None,0.14,67134000,724178000,395005000,None,None,None,None,None,None,None,None,None,0.962,6.27,2.43,None,None,None,None,None,-165131000,None,0.0807,None,None,2025-10-30,quarterly,3.0,USD,pre-market,None,None,0.0507,0.194,0.052,91.31,None,None,None,None,182.97,220.21,1.0101,None,None,None,None,None,None,3924020000,None,31.26,None,234.3,134.65
2025-12-28,IQV,7.26,15904000000.0,31.26,None,1.369,36.17,17706000,None,None,None,3007000,-13979000,-36762000,2647000,0,None,None,-51018000,None,118000000,None,2804837000,2804837000,None,None,None,None,None,None,84217000,29088000,0,0,None,0.245,0.03,383157000,467374000,2.97,2014-03-31,17.33,None,5372000000.0,1119183000,241727000,77582000,None,None,None,141430000,None,None,None,None,None,None,None,90214000,None,None,None,0.14,-28437000,724178000,395005000,None,None,None,None,None,None,None,None,None,0.962,6.27,2.43,None,None,None,None,None,5916000,None,0.0807,None,None,2025-10-30,quarterly,3.0,USD,pre-market,None,None,0.0507,0.194,0.052,91.31,None,None,None,None,182.97,220.21,1.0101,None,None,None,None,None,None,3924020000,None,31.26,None,234.3,134.65
2025-12-28,IQV,7.26,15904000000.0,31.26,None,1.369,36.17,14407000,None,None,None,-33305000,-12184000,168433000,-1538000,32559000,None,None,-77148000,None,118000000,None,2804837000,2804837000,None,None,None,None,None,None,84217000,30554000,2072930000,2072930000,None,0.245,0.03,383157000,467374000,2.97,2013-12-31,17.33,None,5372000000.0,1119183000,241727000,77582000,None,None,None,141430000,None,None,None,None,None,None,None,72934000,None,None,None,0.14,215460000,724178000,395005000,None,None,None,None,None,None,None,None,None,0.962,6.27,2.43,None,None,None,None,None,-6434000,None,0.0807,None,None,2025-10-30,quarterly,3.0,USD,pre-market,None,None,0.0507,0.194,0.052,91.31,None,None,None,None,182.97,220.21,1.0101,None,None,None,None,None,None,3924020000,None,31.26,None,234.3,134.65
2025-12-28,IQV,7.26,15904000000.0,31.26,None,1.369,36.17,13663000,None,None,None,-1516000,-160592000,23988000,9570000,0,None,None,52705000,None,118000000,None,2804837000,2804837000,None,None,None,None,None,None,84217000,27324000,0,0,None,0.245,0.03,383157000,467374000,2.97,2013-09-30,17.33,None,5372000000.0,1119183000,241727000,77582000,None,None,None,141430000,None,None,None,None,None,None,None,66584000,None,None,None,0.14,176526000,724178000,395005000,None,None,None,None,None,None,None,None,None,0.962,6.27,2.43,None,None,None,None,None,-270000,None,0.0807,None,None,2025-10-30,quarterly,3.0,USD,pre-market,None,None,0.0507,0.194,0.052,91.31,None,None,None,None,182.97,220.21,1.0101,None,None,None,None,None,None,3924020000,None,31.26,None,234.3,134.65
2025-12-28,IQV,7.26,15904000000.0,31.26,None,1.369,36.17,32817000,None,None,None,139737000,-31205000,131429000,-3945000,0,None,None,-87584000,None,118000000,None,2804837000,2804837000,None,None,None,None,None,None,84217000,24986000,0,0,None,0.245,0.03,383157000,467374000,2.97,2013-06-30,17.33,None,5372000000.0,1119183000,241727000,77582000,None,None,None,141430000,None,None,None,None,None,None,None,38353000,None,None,None,0.14,26842000,724178000,395005000,None,None,None,None,None,None,None,None,None,0.962,6.27,2.43,None,None,None,None,None,490045000,None,0.0807,None,None,2025-10-30,quarterly,3.0,USD,pre-market,None,None,0.0507,0.194,0.052,91.31,None,None,None,None,182.97,220.21,1.0101,None,None,None,None,None,None,3924020000,None,31.26,None,234.3,134.65
2025-12-28,IQV,7.26,15904000000.0,31.26,None,1.369,36.17,31459000,None,None,None,-33959000,-36194000,-113435000,-21824000,0,None,None,-39654000,None,118000000,None,2804837000,2804837000,None,None,None,None,None,None,84217000,24640000,0,0,None,0.245,0.03,383157000,467374000,2.97,2013-03-31,17.33,None,5372000000.0,1119183000,241727000,77582000,None,None,None,141430000,None,None,None,None,None,None,None,48156000,None,None,None,0.14,-21458000,724178000,395005000,None,None,None,None,None,None,None,None,None,0.962,6.27,2.43,None,None,None,None,None,149000,None,0.0807,None,None,2025-10-30,quarterly,3.0,USD,pre-market,None,None,0.0507,0.194,0.052,91.31,None,None,None,None,182.97,220.21,1.0101,None,None,None,None,None,None,3924020000,None,31.26,None,234.3,134.65
2025-12-28,IQV,7.26,15904000000.0,31.26,None,1.369,36.17,21983000,None,None,None,-80021000,-12564000,None,None,None,None,None,None,None,118000000,None,2804837000,2804837000,None,None,None,None,None,None,84217000,25571000,241703000,241703000,None,0.245,0.03,383157000,467374000,2.97,2012-12-31,17.33,None,5372000000.0,1119183000,241727000,77582000,None,None,None,141430000,None,None,None,None,None,None,None,34836000,None,None,None,0.14,159974000,724178000,395005000,None,None,None,None,None,None,None,None,None,0.962,6.27,2.43,None,None,None,None,None,-443000,None,0.0807,None,None,2025-10-30,quarterly,3.0,USD,pre-market,None,None,0.0507,0.194,0.052,91.31,None,None,None,None,182.97,220.21,1.0101,None,None,None,None,None,None,3924020000,None,31.26,None,234.3,134.65
2025-12-28,IQV,7.26,15904000000.0,31.26,None,1.369,36.17,15425000,None,None,None,-8192000,-56711000,None,None,None,None,None,None,None,118000000,None,2804837000,2804837000,None,None,None,None,None,None,84217000,25727000,None,None,None,0.245,0.03,383157000,467374000,2.97,2012-09-30,17.33,None,5372000000.0,1119183000,241727000,77582000,None,None,None,141430000,None,None,None,None,None,None,None,51975000,None,None,None,0.14,88396000,724178000,395005000,None,None,None,None,None,None,None,None,None,0.962,6.27,2.43,None,None,None,None,None,-2454000,None,0.0807,None,None,2025-10-30,quarterly,3.0,USD,pre-market,None,None,0.0507,0.194,0.052,91.31,None,None,None,None,182.97,220.21,1.0101,None,None,None,None,None,None,3924020000,None,31.26,None,234.3,134.65
2025-12-28,IQV,7.26,15904000000.0,31.26,None,1.369,36.17,22782000,None,None,None,-5367000,-41458000,None,None,None,None,None,None,None,118000000,None,2804837000,2804837000,None,None,None,None,None,None,84217000,23719000,None,None,None,0.245,0.03,383157000,467374000,2.97,2012-06-30,17.33,None,5372000000.0,1119183000,241727000,77582000,None,None,None,141430000,None,None,None,None,None,None,None,47012000,None,None,None,0.14,82690000,724178000,395005000,None,None,None,None,None,None,None,None,None,0.962,6.27,2.43,None,None,None,None,None,-1252000,None,0.0807,None,None,2025-10-30,quarterly,3.0,USD,pre-market,None,None,0.0507,0.194,0.052,91.31,None,None,None,None,182.97,220.21,1.0101,None,None,None,None,None,None,3924020000,None,31.26,None,234.3,134.65
2025-12-28,IQV,7.26,15904000000.0,31.26,None,1.369,36.17,11146000,None,None,None,-53293000,-21500000,None,None,None,None,None,None,None,118000000,None,2804837000,2804837000,None,None,None,None,None,None,84217000,23271000,326148000,326148000,None,0.245,0.03,383157000,467374000,2.97,2012-03-31,17.33,None,5372000000.0,1119183000,241727000,77582000,None,None,None,141430000,None,None,None,None,None,None,None,42808000,None,None,None,0.14,4641000,724178000,395005000,None,None,None,None,None,None,None,None,None,0.962,6.27,2.43,None,None,None,None,None,-9214000,None,0.0807,None,None,2025-10-30,quarterly,3.0,USD,pre-market,None,None,0.0507,0.194,0.052,91.31,None,None,None,None,182.97,220.21,1.0101,None,None,None,None,None,None,3924020000,None,31.26,None,234.3,134.65
2025-12-28,IQV,7.26,15904000000.0,31.26,None,1.369,36.17,75679000,None,None,None,None,None,None,None,None,None,None,None,None,118000000,None,2804837000,2804837000,None,None,None,None,None,None,84217000,None,288322000,288322000,None,0.245,0.03,383157000,467374000,2.97,2011-12-31,17.33,None,5372000000.0,1119183000,241727000,77582000,None,None,None,141430000,None,None,None,None,None,None,None,124951000,None,None,None,0.14,160953000,724178000,395005000,None,None,None,None,None,None,None,None,None,0.962,6.27,2.43,None,None,None,None,None,None,None,0.0807,None,None,2025-10-30,quarterly,3.0,USD,pre-market,None,None,0.0507,0.194,0.052,91.31,None,None,None,None,182.97,220.21,1.0101,None,None,None,None,None,None,3924020000,None,31.26,None,234.3,134.65
2025-12-28,IQV,7.26,15904000000.0,31.26,None,1.369,36.17,0,None,None,None,None,None,None,None,None,None,None,None,None,118000000,None,2804837000,2804837000,None,None,None,None,None,None,84217000,None,None,None,None,0.245,0.03,383157000,467374000,2.97,2011-09-30,17.33,None,5372000000.0,1119183000,241727000,77582000,None,None,None,141430000,None,None,None,None,None,None,None,42981000,None,None,None,0.14,None,724178000,395005000,None,None,None,None,None,None,None,None,None,0.962,6.27,2.43,None,None,None,None,None,None,None,0.0807,None,None,2025-10-30,quarterly,3.0,USD,pre-market,None,None,0.0507,0.194,0.052,91.31,None,None,None,None,182.97,220.21,1.0101,None,None,None,None,None,None,3924020000,None,31.26,None,234.3,134.65
2025-12-28,IQV,7.26,15904000000.0,31.26,None,1.369,36.17,0,None,None,None,None,None,None,None,None,None,None,None,None,118000000,None,2804837000,2804837000,None,None,None,None,None,None,84217000,None,None,None,None,0.245,0.03,383157000,467374000,2.97,2011-06-30,17.33,None,5372000000.0,1119183000,241727000,77582000,None,None,None,141430000,None,None,None,None,None,None,None,41098000,None,None,None,0.14,None,724178000,395005000,None,None,None,None,None,None,None,None,None,0.962,6.27,2.43,None,None,None,None,None,None,None,0.0807,None,None,2025-10-30,quarterly,3.0,USD,pre-market,None,None,0.0507,0.194,0.052,91.31,None,None,None,None,182.97,220.21,1.0101,None,None,None,None,None,None,3924020000,None,31.26,None,234.3,134.65
2025-12-28,IQV,7.26,15904000000.0,31.26,None,1.369,36.17,0,None,None,None,None,None,None,None,None,None,None,None,None,118000000,None,2804837000,2804837000,None,None,None,None,None,None,84217000,None,None,None,None,0.245,0.03,383157000,467374000,2.97,2011-03-31,17.33,None,5372000000.0,1119183000,241727000,77582000,None,None,None,141430000,None,None,None,None,None,None,None,32742000,None,None,None,0.14,None,724178000,395005000,None,None,None,None,None,None,None,None,None,0.962,6.27,2.43,None,None,None,None,None,None,None,0.0807,None,None,2025-10-30,quarterly,3.0,USD,pre-market,None,None,0.0507,0.194,0.052,91.31,None,None,None,None,182.97,220.21,1.0101,None,None,None,None,None,None,3924020000,None,31.26,None,234.3,134.65
2025-12-28,IQV,7.26,15904000000.0,31.26,None,1.369,36.17,602000000,None,None,None,-878000000,-1444000000,None,None,None,None,None,None,None,118000000,None,2804837000,2804837000,None,None,None,None,None,None,84217000,1114000000,None,None,None,0.245,0.03,383157000,467374000,2.97,2024-12-31,17.33,None,5372000000.0,1119183000,241727000,77582000,None,None,None,141430000,None,None,None,None,None,None,None,1373000000,None,None,None,0.14,2716000000,724178000,395005000,None,None,None,None,None,None,None,None,None,0.962,6.27,2.43,None,None,None,None,None,-1350000000,None,0.0807,None,None,2025-10-30,annual,3.0,USD,pre-market,None,None,0.0507,0.194,0.052,91.31,None,None,None,None,182.97,220.21,1.0101,None,None,None,None,None,None,3924020000,None,31.26,None,234.3,134.65
2025-12-28,IQV,7.26,15904000000.0,31.26,None,1.369,36.17,649000000,None,None,None,-382000000,-1603000000,None,None,None,None,None,None,None,118000000,None,2804837000,2804837000,None,None,None,None,None,None,84217000,1125000000,None,None,None,0.245,0.03,383157000,467374000,2.97,2023-12-31,17.33,None,5372000000.0,1119183000,241727000,77582000,None,None,None,141430000,None,None,None,None,None,None,None,1358000000,None,None,None,0.14,2149000000,724178000,395005000,None,None,None,None,None,None,None,None,None,0.962,6.27,2.43,None,None,None,None,None,-992000000,None,0.0807,None,None,2025-10-30,annual,3.0,USD,pre-market,None,None,0.0507,0.194,0.052,91.31,None,None,None,None,182.97,220.21,1.0101,None,None,None,None,None,None,3924020000,None,31.26,None,234.3,134.65
2025-12-28,IQV,7.26,15904000000.0,31.26,None,1.369,36.17,674000000,None,None,None,-329000000,-2006000000,-75000000,None,None,None,None,-421000000,None,118000000,None,2804837000,2804837000,None,None,None,None,None,None,84217000,1130000000,None,None,None,0.245,0.03,383157000,467374000,2.97,2022-12-31,17.33,None,5372000000.0,1119183000,241727000,77582000,None,None,None,141430000,None,None,None,None,None,None,None,1091000000,None,None,None,0.14,2260000000,724178000,395005000,None,None,None,None,None,None,None,None,None,0.962,6.27,2.43,None,None,None,None,None,-1168000000,None,0.0807,None,None,2025-10-30,annual,3.0,USD,pre-market,None,None,0.0507,0.194,0.052,91.31,None,None,None,None,182.97,220.21,1.0101,None,None,None,None,None,None,3924020000,None,31.26,None,234.3,134.65
2025-12-28,IQV,7.26,15904000000.0,31.26,None,1.369,36.17,640000000,None,None,None,-1235000000,-2103000000,-396000000,None,-17000000,None,None,-138000000,None,118000000,None,2804837000,2804837000,None,None,None,None,None,None,84217000,1264000000,59000000,59000000,None,0.245,0.03,383157000,467374000,2.97,2021-12-31,17.33,None,5372000000.0,1119183000,241727000,77582000,None,None,None,141430000,None,None,None,None,None,None,None,966000000,None,None,None,0.14,2942000000,724178000,395005000,None,None,None,None,None,None,None,None,None,0.962,6.27,2.43,None,None,None,None,None,-406000000,None,0.0807,None,None,2025-10-30,annual,3.0,USD,pre-market,None,None,0.0507,0.194,0.052,91.31,None,None,None,None,182.97,220.21,1.0101,None,None,None,None,None,None,3924020000,None,31.26,None,234.3,134.65
2025-12-28,IQV,7.26,15904000000.0,31.26,None,1.369,36.17,616000000,None,None,None,-217000000,-796000000,946000000,None,-229000000,None,None,255000000,None,118000000,None,2804837000,2804837000,None,None,None,None,None,None,84217000,1287000000,44000000,44000000,None,0.245,0.03,383157000,467374000,2.97,2020-12-31,17.33,None,5372000000.0,1119183000,241727000,77582000,None,None,None,141430000,None,None,None,None,None,None,None,308000000,None,None,None,0.14,1959000000,724178000,395005000,None,None,None,None,None,None,None,None,None,0.962,6.27,2.43,None,None,None,None,None,-447000000,None,0.0807,None,None,2025-10-30,annual,3.0,USD,pre-market,None,None,0.0507,0.194,0.052,91.31,None,None,None,None,182.97,220.21,1.0101,None,None,None,None,None,None,3924020000,None,31.26,None,234.3,134.65
2025-12-28,IQV,7.26,15904000000.0,31.26,None,1.369,36.17,582000000,None,None,None,-276000000,-1190000000,-49000000,None,-116000000,None,None,-122000000,None,118000000,None,2804837000,2804837000,None,None,None,None,None,None,84217000,1202000000,11000000,11000000,None,0.245,0.03,383157000,467374000,2.97,2019-12-31,17.33,None,5372000000.0,1119183000,241727000,77582000,None,None,None,141430000,None,None,None,None,None,None,None,227000000,None,None,None,0.14,1417000000,724178000,395005000,None,None,None,None,None,None,None,None,None,0.962,6.27,2.43,None,None,None,None,None,-949000000,None,0.0807,None,None,2025-10-30,annual,3.0,USD,pre-market,None,None,0.0507,0.194,0.052,91.31,None,None,None,None,182.97,220.21,1.0101,None,None,None,None,None,None,3924020000,None,31.26,None,234.3,134.65
2025-12-28,IQV,7.26,15904000000.0,31.26,None,1.369,36.17,459000000,None,None,None,-452000000,-810000000,-68000000,-60000000,-184000000,None,None,-297000000,None,118000000,None,2804837000,2804837000,None,None,None,None,None,None,84217000,1141000000,4076000000,4076000000,None,0.245,0.03,383157000,467374000,2.97,2018-12-31,17.33,None,5372000000.0,1119183000,241727000,77582000,None,None,None,141430000,None,None,None,None,None,None,None,284000000,None,None,None,0.14,1254000000,724178000,395005000,None,None,None,None,None,None,None,None,None,0.962,6.27,2.43,None,None,None,None,None,-1405000000,None,0.0807,None,None,2025-10-30,annual,3.0,USD,pre-market,None,None,0.0507,0.194,0.052,91.31,None,None,None,None,182.97,220.21,1.0101,None,None,None,None,None,None,3924020000,None,31.26,None,234.3,134.65
2025-12-28,IQV,7.26,15904000000.0,31.26,None,1.369,36.17,369000000,None,None,None,-72000000,-1190000000,-239000000,53000000,-136000000,None,None,-142000000,None,118000000,None,2804837000,2804837000,None,None,None,None,None,None,84217000,1011000000,7163000000,7163000000,None,0.245,0.03,383157000,467374000,2.97,2017-12-31,17.33,None,5372000000.0,1119183000,241727000,77582000,None,None,None,141430000,None,None,None,None,None,None,None,1328000000,None,None,None,0.14,970000000,724178000,395005000,None,None,None,None,None,None,None,None,None,0.962,6.27,2.43,None,None,None,None,None,-2620000000,None,0.0807,None,None,2025-10-30,annual,3.0,USD,pre-market,None,None,0.0507,0.194,0.052,91.31,None,None,None,None,182.97,220.21,1.0101,None,None,None,None,None,None,3924020000,None,31.26,None,234.3,134.65
2025-12-28,IQV,7.26,15904000000.0,31.26,None,1.369,36.17,164000000,None,None,None,-2284000000,1731000000,221000000,-86000000,62000000,None,None,-62000000,None,118000000,None,2804837000,2804837000,None,None,None,None,None,None,84217000,289000000,638000000,638000000,None,0.245,0.03,383157000,467374000,2.97,2016-12-31,17.33,None,5372000000.0,1119183000,241727000,77582000,None,None,None,141430000,None,None,None,None,None,None,None,130000000,None,None,None,0.14,860000000,724178000,395005000,None,None,None,None,None,None,None,None,None,0.962,6.27,2.43,None,None,None,None,None,-1097000000,None,0.0807,None,None,2025-10-30,annual,3.0,USD,pre-market,None,None,0.0507,0.194,0.052,91.31,None,None,None,None,182.97,220.21,1.0101,None,None,None,None,None,None,3924020000,None,31.26,None,234.3,134.65
2025-12-28,IQV,7.26,15904000000.0,31.26,None,1.369,36.17,78391000,None,None,None,-249246000,-66955000,109793000,-49697000,18866000,None,None,-246028000,None,118000000,None,2804837000,2804837000,None,None,None,None,None,None,84217000,127742000,2248500000,2248500000,None,0.245,0.03,383157000,467374000,2.97,2015-12-31,17.33,None,5372000000.0,1119183000,241727000,77582000,None,None,None,141430000,None,None,None,None,None,None,None,388304000,None,None,None,0.14,475691000,724178000,395005000,None,None,None,None,None,None,None,None,None,0.962,6.27,2.43,None,None,None,None,None,-515010000,None,0.0807,None,None,2025-10-30,annual,3.0,USD,pre-market,None,None,0.0507,0.194,0.052,91.31,None,None,None,None,182.97,220.21,1.0101,None,None,None,None,None,None,3924020000,None,31.26,None,234.3,134.65
2025-12-28,IQV,7.26,15904000000.0,31.26,None,1.369,36.17,82650000,None,None,None,-130344000,-173114000,89215000,-39081000,-32977000,None,None,-78630000,None,118000000,None,2804837000,2804837000,None,None,None,None,None,None,84217000,121013000,425000000,425000000,None,0.245,0.03,383157000,467374000,2.97,2014-12-31,17.33,None,5372000000.0,1119183000,241727000,77582000,None,None,None,141430000,None,None,None,None,None,None,None,356501000,None,None,None,0.14,431754000,724178000,395005000,None,None,None,None,None,None,None,None,None,0.962,6.27,2.43,None,None,None,None,None,-415000000,None,0.0807,None,None,2025-10-30,annual,3.0,USD,pre-market,None,None,0.0507,0.194,0.052,91.31,None,None,None,None,182.97,220.21,1.0101,None,None,None,None,None,None,3924020000,None,31.26,None,234.3,134.65
2025-12-28,IQV,7.26,15904000000.0,31.26,None,1.369,36.17,92346000,None,None,None,70957000,-240175000,210415000,-17737000,32559000,None,None,-151681000,None,118000000,None,2804837000,2804837000,None,None,None,None,None,None,84217000,107504000,2073294000,2073294000,None,0.245,0.03,383157000,467374000,2.97,2013-12-31,17.33,None,5372000000.0,1119183000,241727000,77582000,None,None,None,141430000,None,None,None,None,None,None,None,226027000,None,None,None,0.14,397370000,724178000,395005000,None,None,None,None,None,None,None,None,None,0.962,6.27,2.43,None,None,None,None,None,-6434000,None,0.0807,None,None,2025-10-30,annual,3.0,USD,pre-market,None,None,0.0507,0.194,0.052,91.31,None,None,None,None,182.97,220.21,1.0101,None,None,None,None,None,None,3924020000,None,31.26,None,234.3,134.65
2025-12-28,IQV,7.26,15904000000.0,31.26,None,1.369,36.17,71336000,None,None,None,-146873000,-132233000,None,None,-40133000,None,None,None,None,118000000,None,2804837000,2804837000,None,None,None,None,None,None,84217000,98288000,567851000,567851000,None,0.245,0.03,383157000,467374000,2.97,2012-12-31,17.33,None,5372000000.0,1119183000,241727000,77582000,None,None,None,141430000,None,None,None,None,None,None,None,176631000,None,None,None,0.14,335701000,724178000,395005000,None,None,None,None,None,None,None,None,None,0.962,6.27,2.43,None,None,None,None,None,-13363000,None,0.0807,None,None,2025-10-30,annual,3.0,USD,pre-market,None,None,0.0507,0.194,0.052,91.31,None,None,None,None,182.97,220.21,1.0101,None,None,None,None,None,None,3924020000,None,31.26,None,234.3,134.65
2025-12-28,IQV,7.26,15904000000.0,31.26,None,1.369,36.17,75679000,None,None,None,-59309000,-224838000,None,None,18244000,None,None,None,None,118000000,None,2804837000,2804837000,None,None,None,None,None,None,84217000,92004000,288322000,288322000,None,0.245,0.03,383157000,467374000,2.97,2011-12-31,17.33,None,5372000000.0,1119183000,241727000,77582000,None,None,None,141430000,None,None,None,None,None,None,None,240327000,None,None,None,0.14,160953000,724178000,395005000,None,None,None,None,None,None,None,None,None,0.962,6.27,2.43,None,None,None,None,None,-14324000,None,0.0807,None,None,2025-10-30,annual,3.0,USD,pre-market,None,None,0.0507,0.194,0.052,91.31,None,None,None,None,182.97,220.21,1.0101,None,None,None,None,None,None,3924020000,None,31.26,None,234.3,134.65
2025-12-28,IQV,7.26,15904000000.0,31.26,None,1.369,36.17,80236000,None,None,None,-153081000,-141434000,None,None,-20699000,None,None,None,None,118000000,None,2804837000,2804837000,None,None,None,None,None,None,84217000,84217000,67493000,67493000,None,0.245,0.03,383157000,467374000,2.97,2010-12-31,17.33,None,5372000000.0,1119183000,241727000,77582000,None,None,None,141430000,None,None,None,None,None,None,None,165255000,None,None,None,0.14,378160000,724178000,395005000,None,None,None,None,None,None,None,None,None,0.962,6.27,2.43,None,None,None,None,None,-9336000,None,0.0807,None,None,2025-10-30,annual,3.0,USD,pre-market,None,None,0.0507,0.194,0.052,91.31,None,None,None,None,182.97,220.21,1.0101,None,None,None,None,None,None,3924020000,None,31.26,None,234.3,134.65
