date,symbol,eps,revenue_ttm,pe_ratio,accumulateddepreciationamortizationppe,beta,book_value,capitalexpenditures,capitalleaseobligations,cashandcashequivalentsatcarryingvalue,cashandshortterminvestments,cashflowfromfinancing,cashflowfrominvestment,changeincashandcashequivalents,changeinexchangerate,changeininventory,changeinoperatingassets,changeinoperatingliabilities,changeinreceivables,commonstock,commonstocksharesoutstanding,comprehensiveincomenetoftax,costofgoodsandservicessold,costofrevenue,currentaccountspayable,currentdebt,currentlongtermdebt,currentnetreceivables,deferredrevenue,depreciation,depreciationandamortization,depreciationdepletionandamortization,dividend_per_share,dividend_yield,dividendpayout,dividendpayoutcommonstock,dividendpayoutpreferredstock,earnings_growth_yoy,earnings_surprise,ebit,ebitda,estimated_eps,fiscaldateending,forward_pe,goodwill,gross_profit_ttm,grossprofit,incomebeforetax,incometaxexpense,intangibleassets,intangibleassetsexcludinggoodwill,interestanddebtexpense,interestexpense,interestincome,inventory,investmentincomenet,investments,longtermdebt,longtermdebtnoncurrent,longterminvestments,netincome,netincomefromcontinuingoperations,netinterestincome,noninterestincome,operating_margin_ttm,operatingcashflow,operatingexpenses,operatingincome,othercurrentassets,othercurrentliabilities,othernoncurrentassets,othernoncurrentliabilities,othernonoperatingincome,paymentsforoperatingactivities,paymentsforrepurchaseofcommonstock,paymentsforrepurchaseofequity,paymentsforrepurchaseofpreferredstock,peg_ratio,price_to_book,price_to_sales_ttm,proceedsfromissuanceofcommonstock,proceedsfromissuanceoflongtermdebtandcapitalsecuritiesnet,proceedsfromissuanceofpreferredstock,proceedsfromoperatingactivities,proceedsfromrepaymentsofshorttermdebt,proceedsfromrepurchaseofequity,proceedsfromsaleoftreasurystock,profit_margin,profitloss,propertyplantequipment,report_date,report_type,reported_eps,reportedcurrency,reporttime,researchanddevelopment,retainedearnings,return_on_assets_ttm,return_on_equity_ttm,revenue_growth_yoy,revenue_per_share_ttm,sellinggeneralandadministrative,shortlongtermdebttotal,shorttermdebt,shortterminvestments,sma_200,sma_50,surprise_pct,totalassets,totalcurrentassets,totalcurrentliabilities,totalliabilities,totalnoncurrentassets,totalnoncurrentliabilities,totalrevenue,totalshareholderequity,trailing_pe,treasurystock,week_52_high,week_52_low
1998-03-31,IR,,,,,,,,,,,,,,,,,,,,,,,,,,,,,,,,,,,,,,0.0,,,,,,,,,,,,,,,,,,,,,,,,,,,,,,,,,,,,,,,,,,,,,,,,,,,,1998-03-31,,0.5503,,pre-market,,,,,,,,,,,,,,,,,,,,,,,,,
1998-06-30,IR,,,,,,,,,,,,,,,,,,,,,,,,,,,,,,,,,,,,,,0.0,,,,,,,,,,,,,,,,,,,,,,,,,,,,,,,,,,,,,,,,,,,,,,,,,,,,1998-06-30,,0.7689,,pre-market,,,,,,,,,,,,,,,,,,,,,,,,,
1998-09-30,IR,,,,,,,,,,,,,,,,,,,,,,,,,,,,,,,,,,,,,,0.0,,,,,,,,,,,,,,,,,,,,,,,,,,,,,,,,,,,,,,,,,,,,,,,,,,,,1998-09-30,,0.6519,,pre-market,,,,,,,,,,,,,,,,,,,,,,,,,
1998-12-31,IR,,,,,,,,,,,,,,,,,,,,,,,,,,,,,,,,,,,,,,0.0,,,,,,,,,,,,,,,,,,,,,,,,,,,,,,,,,,,,,,,,,,,,,,,,,,,,1998-12-31,,0.8213,,pre-market,,,,,,,,,,,,,,,,,,,,,,,,,
1999-03-31,IR,,,,,,,,,,,,,,,,,,,,,,,,,,,,,,,,,,,,,,0.0,,,,,,,,,,,,,,,,,,,,,,,,,,,,,,,,,,,,,,,,,,,,,,,,,,,,1999-03-31,,0.6671,,pre-market,,,,,,,,,,,,,,,,,,,,,,,,,
1999-06-30,IR,,,,,,,,,,,,,,,,,,,,,,,,,,,,,,,,,,,,,,0.0,,,,,,,,,,,,,,,,,,,,,,,,,,,,,,,,,,,,,,,,,,,,,,,,,,,,1999-06-30,,0.8922,,pre-market,,,,,,,,,,,,,,,,,,,,,,,,,
1999-09-30,IR,,,,,,,,,,,,,,,,,,,,,,,,,,,,,,,,,,,,,,0.0,,,,,,,,,,,,,,,,,,,,,,,,,,,,,,,,,,,,,,,,,,,,,,,,,,,,1999-09-30,,0.7305,,pre-market,,,,,,,,,,,,,,,,,,,,,,,,,
1999-12-31,IR,,,,,,,,,,,,,,,,,,,,,,,,,,,,,,,,,,,,,,0.0,,,,,,,,,,,,,,,,,,,,,,,,,,,,,,,,,,,,,,,,,,,,,,,,,,,,1999-12-31,,0.8627,,pre-market,,,,,,,,,,,,,,,,,,,,,,,,,
2000-03-31,IR,,,,,,,,,,,,,,,,,,,,,,,,,,,,,,,,,,,,,,0.0,,,,,,,,,,,,,,,,,,,,,,,,,,,,,,,,,,,,,,,,,,,,,,,,,,,,2000-03-31,,0.5287,,pre-market,,,,,,,,,,,,,,,,,,,,,,,,,
2000-06-30,IR,,,,,,,,,,,,,,,,,,,,,,,,,,,,,,,,,,,,,,0.0,,,,,,,,,,,,,,,,,,,,,,,,,,,,,,,,,,,,,,,,,,,,,,,,,,,,2000-06-30,,0.684,,pre-market,,,,,,,,,,,,,,,,,,,,,,,,,
2000-09-30,IR,,,,,,,,,,,,,,,,,,,,,,,,,,,,,,,,,,,,,,0.0,,,,,,,,,,,,,,,,,,,,,,,,,,,,,,,,,,,,,,,,,,,,,,,,,,,,2000-09-30,,0.9866,,pre-market,,,,,,,,,,,,,,,,,,,,,,,,,
2000-12-31,IR,,,,,,,,,,,,,,,,,,,,,,,,,,,,,,,,,,,,,,0.0,,,,,,,,,,,,,,,,,,,,,,,,,,,,,,,,,,,,,,,,,,,,,,,,,,,,2000-12-31,,0.5584,,pre-market,,,,,,,,,,,,,,,,,,,,,,,,,
2001-03-31,IR,,,,,,,,,,,,,,,,,,,,,,,,,,,,,,,,,,,,,,0.0,,,,,,,,,,,,,,,,,,,,,,,,,,,,,,,,,,,,,,,,,,,,,,,,,,,,2001-03-31,,0.194,,pre-market,,,,,,,,,,,,,,,,,,,,,,,,,
2001-06-30,IR,,,,,,,,,,,,,,,,,,,,,,,,,,,,,,,,,,,,,,0.0,,,,,,,,,,,,,,,,,,,,,,,,,,,,,,,,,,,,,,,,,,,,,,,,,,,,2001-06-30,,0.2411,,pre-market,,,,,,,,,,,,,,,,,,,,,,,,,
2001-09-30,IR,,,,,,,,,,,,,,,,,,,,,,,,,,,,,,,,,,,,,,0.0,,,,,,,,,,,,,,,,,,,,,,,,,,,,,,,,,,,,,,,,,,,,,,,,,,,,2001-10-18,,0.1272,,pre-market,,,,,,,,,,,,,,,,,,,,,,,,,
2001-12-31,IR,,,,,,,,,,,,,,,,,,,,,,,,,,,,,,,,,,,,,,0.0,,,,,,,,,,,,,,,,,,,,,,,,,,,,,,,,,,,,,,,,,,,,,,,,,,,,2002-01-24,,0.3771,,pre-market,,,,,,,,,,,,,,,,,,,,,,,,,
2002-03-31,IR,,,,,,,,,,,,,,,,,,,,,,,,,,,,,,,,,,,,,,0.0,,,,,,,,,,,,,,,,,,,,,,,,,,,,,,,,,,,,,,,,,,,,,,,,,,,,2002-04-18,,0.2385,,pre-market,,,,,,,,,,,,,,,,,,,,,,,,,
2002-06-30,IR,,,,,,,,,,,,,,,,,,,,,,,,,,,,,,,,,,,,,,0.0,,,,,,,,,,,,,,,,,,,,,,,,,,,,,,,,,,,,,,,,,,,,,,,,,,,,2002-07-18,,0.3137,,pre-market,,,,,,,,,,,,,,,,,,,,,,,,,
2002-09-30,IR,,,,,,,,,,,,,,,,,,,,,,,,,,,,,,,,,,,,,,0.0,,,,,,,,,,,,,,,,,,,,,,,,,,,,,,,,,,,,,,,,,,,,,,,,,,,,2002-10-17,,0.2628,,pre-market,,,,,,,,,,,,,,,,,,,,,,,,,
2002-12-31,IR,,,,,,,,,,,,,,,,,,,,,,,,,,,,,,,,,,,,,,0.0,,,,,,,,,,,,,,,,,,,,,,,,,,,,,,,,,,,,,,,,,,,,,,,,,,,,2003-01-23,,0.4905,,pre-market,,,,,,,,,,,,,,,,,,,,,,,,,
2003-03-31,IR,,,,,,,,,,,,,,,,,,,,,,,,,,,,,,,,,,,,,,0.0,,,,,,,,,,,,,,,,,,,,,,,,,,,,,,,,,,,,,,,,,,,,,,,,,,,,2003-04-17,,0.4506,,pre-market,,,,,,,,,,,,,,,,,,,,,,,,,
2003-06-30,IR,,,,,,,,,,,,,,,,,,,,,,,,,,,,,,,,,,,,,,0.0,,,,,,,,,,,,,,,,,,,,,,,,,,,,,,,,,,,,,,,,,,,,,,,,,,,,2003-07-17,,0.4075,,pre-market,,,,,,,,,,,,,,,,,,,,,,,,,
2003-09-30,IR,,,,,,,,,,,,,,,,,,,,,,,,,,,,,,,,,,,,,,0.0,,,,,,,,,,,,,,,,,,,,,,,,,,,,,,,,,,,,,,,,,,,,,,,,,,,,2003-10-22,,0.4422,,pre-market,,,,,,,,,,,,,,,,,,,,,,,,,
2003-12-31,IR,,,,,,,,,,,,,,,,,,,,,,,,,,,,,,,,,,,,,,0.0,,,,,,,,,,,,,,,,,,,,,,,,,,,,,,,,,,,,,,,,,,,,,,,,,,,,2004-01-27,,0.4504,,pre-market,,,,,,,,,,,,,,,,,,,,,,,,,
2004-03-31,IR,,,,,,,,,,,,,,,,,,,,,,,,,,,,,,,,,,,,,,0.0,,,,,,,,,,,,,,,,,,,,,,,,,,,,,,,,,,,,,,,,,,,,,,,,,,,,2004-04-20,,0.5082,,pre-market,,,,,,,,,,,,,,,,,,,,,,,,,
2004-06-30,IR,,,,,,,,,,,,,,,,,,,,,,,,,,,,,,,,,,,,,,0.0,,,,,,,,,,,,,,,,,,,,,,,,,,,,,,,,,,,,,,,,,,,,,,,,,,,,2004-07-22,,0.8163,,pre-market,,,,,,,,,,,,,,,,,,,,,,,,,
2004-09-30,IR,,,,,,,,,,,,,,,,,,,,,,,,,,,,,,,,,,,,,,0.0,,,,,,,,,,,,,,,,,,,,,,,,,,,,,,,,,,,,,,,,,,,,,,,,,,,,2004-10-20,,0.6794,,pre-market,,,,,,,,,,,,,,,,,,,,,,,,,
2004-12-31,IR,,,,,,,,,,,,,,,,,,,,,,,,,,,,,,,,,,,,,,0.0,,,,,,,,,,,,,,,,,,,,,,,,,,,,,,,,,,,,,,,,,,,,,,,,,,,,2005-02-01,,1.3911,,pre-market,,,,,,,,,,,,,,,,,,,,,,,,,
2005-03-31,IR,,,,,,,,,,,,,,,,,,,,,,,,,,,,,,,,,,,,,,0.0,,,,,,,,,,,,,,,,,,,,,,,,,,,,,,,,,,,,,,,,,,,,,,,,,,,,2005-04-21,,0.6389,,pre-market,,,,,,,,,,,,,,,,,,,,,,,,,
2005-06-30,IR,,,,,,,,,,,,,,,,,,,,,,,,,,,,,,,,,,,,,,0.0,,,,,,,,,,,,,,,,,,,,,,,,,,,,,,,,,,,,,,,,,,,,,,,,,,,,2005-07-21,,0.834,,pre-market,,,,,,,,,,,,,,,,,,,,,,,,,
2005-09-30,IR,,,,,,,,,,,,,,,,,,,,,,,,,,,,,,,,,,,,,,0.0,,,,,,,,,,,,,,,,,,,,,,,,,,,,,,,,,,,,,,,,,,,,,,,,,,,,2005-10-20,,0.7492,,pre-market,,,,,,,,,,,,,,,,,,,,,,,,,
2005-12-31,IR,,,,,,,,,,,,,,,,,,,,,,,,,,,,,,,,,,,,,,0.0,,,,,,,,,,,,,,,,,,,,,,,,,,,,,,,,,,,,,,,,,,,,,,,,,,,,2006-01-26,,0.9292,,pre-market,,,,,,,,,,,,,,,,,,,,,,,,,
2006-03-31,IR,,,,,,,,,,,,,,,,,,,,,,,,,,,,,,,,,,,,,,0.0,,,,,,,,,,,,,,,,,,,,,,,,,,,,,,,,,,,,,,,,,,,,,,,,,,,,2006-04-21,,0.7617,,pre-market,,,,,,,,,,,,,,,,,,,,,,,,,
2006-06-30,IR,,,,,,,,,,,,,,,,,,,,,,,,,,,,,,,,,,,,,,0.0,,,,,,,,,,,,,,,,,,,,,,,,,,,,,,,,,,,,,,,,,,,,,,,,,,,,2006-07-28,,0.9483,,pre-market,,,,,,,,,,,,,,,,,,,,,,,,,
2006-09-30,IR,,,,,,,,,,,,,,,,,,,,,,,,,,,,,,,,,,,,,,0.0,,,,,,,,,,,,,,,,,,,,,,,,,,,,,,,,,,,,,,,,,,,,,,,,,,,,2006-10-27,,0.7627,,pre-market,,,,,,,,,,,,,,,,,,,,,,,,,
2006-12-31,IR,,,,,,,,,,,,,,,,,,,,,,,,,,,,,,,,,,,,,,0.0,,,,,,,,,,,,,,,,,,,,,,,,,,,,,,,,,,,,,,,,,,,,,,,,,,,,2007-01-31,,0.5919,,pre-market,,,,,,,,,,,,,,,,,,,,,,,,,
2007-03-31,IR,,,,,,,,,,,,,,,,,,,,,,,,,,,,,,,,,,,,,,0.0,,,,,,,,,,,,,,,,,,,,,,,,,,,,,,,,,,,,,,,,,,,,,,,,,,,,2007-04-27,,0.7009,,pre-market,,,,,,,,,,,,,,,,,,,,,,,,,
2007-06-30,IR,,,,,,,,,,,,,,,,,,,,,,,,,,,,,,,,,,,,,,0.0,,,,,,,,,,,,,,,,,,,,,,,,,,,,,,,,,,,,,,,,,,,,,,,,,,,,2007-07-27,,3.1683,,pre-market,,,,,,,,,,,,,,,,,,,,,,,,,
2007-09-30,IR,,,,,,,,,,,,,,,,,,,,,,,,,,,,,,,,,,,,,,0.0,,,,,,,,,,,,,,,,,,,,,,,,,,,,,,,,,,,,,,,,,,,,,,,,,,,,2007-10-26,,0.9231,,pre-market,,,,,,,,,,,,,,,,,,,,,,,,,
2007-12-31,IR,,,,,,,,,,,,,,,,,,,,,,,,,,,,,,,,,,,,,,0.0,,,,,,,,,,,,,,,,,,,,,,,,,,,,,,,,,,,,,,,,,,,,,,,,,,,,2008-02-14,,9.06,,pre-market,,,,,,,,,,,,,,,,,,,,,,,,,
2008-03-31,IR,,,,,,,,,,,,,,,,,,,,,,,,,,,,,,,,,,,,,,0.0,,,,,,,,,,,,,,,,,,,,,,,,,,,,,,,,,,,,,,,,,,,,,,,,,,,,2008-04-30,,0.6573,,pre-market,,,,,,,,,,,,,,,,,,,,,,,,,
2008-06-30,IR,,,,,,,,,,,,,,,,,,,,,,,,,,,,,,,,,,,,,,0.0,,,,,,,,,,,,,,,,,,,,,,,,,,,,,,,,,,,,,,,,,,,,,,,,,,,,2008-08-01,,0.8798,,pre-market,,,,,,,,,,,,,,,,,,,,,,,,,
2008-09-30,IR,,,,,,,,,,,,,,,,,,,,,,,,,,,,,,,,,,,,,,0.0,,,,,,,,,,,,,,,,,,,,,,,,,,,,,,,,,,,,,,,,,,,,,,,,,,,,2008-10-24,,0.7026,,pre-market,,,,,,,,,,,,,,,,,,,,,,,,,
2008-12-31,IR,,,,,,,,,,,,,,,,,,,,,,,,,,,,,,,,,,,,,,0.0,,,,,,,,,,,,,,,,,,,,,,,,,,,,,,,,,,,,,,,,,,,,,,,,,,,,2009-02-11,,-10.269,,pre-market,,,,,,,,,,,,,,,,,,,,,,,,,
2009-03-31,IR,,,,,,,,,,,,,,,,,,,,,,,,,,,,,,,,,,,,,,0.0,,,,,,,,,,,,,,,,,,,,,,,,,,,,,,,,,,,,,,,,,,,,,,,,,,,,2009-04-22,,-0.0833,,pre-market,,,,,,,,,,,,,,,,,,,,,,,,,
2009-06-30,IR,,,,,,,,,,,,,,,,,,,,,,,,,,,,,,,,,,,,,,0.0,,,,,,,,,,,,,,,,,,,,,,,,,,,,,,,,,,,,,,,,,,,,,,,,,,,,2009-07-24,,0.3757,,pre-market,,,,,,,,,,,,,,,,,,,,,,,,,
2009-09-30,IR,,,,,,,,,,,,,,,,,,,,,,,,,,,,,,,,,,,,,,0.0,,,,,,,,,,,,,,,,,,,,,,,,,,,,,,,,,,,,,,,,,,,,,,,,,,,,2009-10-23,,0.6528,,pre-market,,,,,,,,,,,,,,,,,,,,,,,,,
2009-12-31,IR,,,,,,,,,,,,,,,,,,,,,,,,,,,,,,,,,,,,,,0.0,,,,,,,,,,,,,,,,,,,,,,,,,,,,,,,,,,,,,,,,,,,,,,,,,,,,2010-02-12,,0.3253,,pre-market,,,,,,,,,,,,,,,,,,,,,,,,,
2010-03-31,IR,,,,,,,,,,,,,,,,,,,,,,,,,,,,,,,,,,,,,,0.0,,,,,,,,,,,,,,,,,,,,,,,,,,,,,,,,,,,,,,,,,,,,,,,,,,,,2010-04-23,,0.0042,,pre-market,,,,,,,,,,,,,,,,,,,,,,,,,
2010-06-30,IR,,,,,,,,,,,,,,,,,,,,,,,,,,,,,,,,,,,,,,0.0,,,,,,,,,,,,,,,,,,,,,,,,,,,,,,,,,,,,,,,,,,,,,,,,,,,,2010-07-23,,0.5792,,pre-market,,,,,,,,,,,,,,,,,,,,,,,,,
2010-09-30,IR,,,,,,,,,,,,,,,,,,,,,,,,,,,,,,,,,,,,,,0.0,,,,,,,,,,,,,,,,,,,,,,,,,,,,,,,,,,,,,,,,,,,,,,,,,,,,2010-10-22,,0.685,,pre-market,,,,,,,,,,,,,,,,,,,,,,,,,
2010-12-31,IR,,,,,,,,,,,,,,,,,,,,,,,,,,,,,,,,,,,,,,0.0,,,,,,,,,,,,,,,,,,,,,,,,,,,,,,,,,,,,,,,,,,,,,,,,,,,,2011-02-09,,0.6401,,pre-market,,,,,,,,,,,,,,,,,,,,,,,,,
2011-03-31,IR,,,,,,,,,,,,,,,,,,,,,,,,,,,,,,,,,,,,,,0.0,,,,,,,,,,,,,,,,,,,,,,,,,,,,,,,,,,,,,,,,,,,,,,,,,,,,2011-04-21,,-0.2227,,pre-market,,,,,,,,,,,,,,,,,,,,,,,,,
2011-06-30,IR,,,,,,,,,,,,,,,,,,,,,,,,,,,,,,,,,,,,,,0.0,,,,,,,,,,,,,,,,,,,,,,,,,,,,,,,,,,,,,,,,,,,,,,,,,,,,2011-07-21,,0.263,,pre-market,,,,,,,,,,,,,,,,,,,,,,,,,
2011-09-30,IR,,,,,,,,,,,,,,,,,,,,,,,,,,,,,,,,,,,,,,0.0,,,,,,,,,,,,,,,,,,,,,,,,,,,,,,,,,,,,,,,,,,,,,,,,,,,,2011-10-20,,0.2534,,pre-market,,,,,,,,,,,,,,,,,,,,,,,,,
2011-12-31,IR,,,,,,,,,,,,,,,,,,,,,,,,,,,,,,,,,,,,,,0.0,,,,,,,,,,,,,,,,,,,,,,,,,,,,,,,,,,,,,,,,,,,,,,,,,,,,2012-02-08,,0.7141,,pre-market,,,,,,,,,,,,,,,,,,,,,,,,,
2012-03-31,IR,,,,,,,,,,,,,,,,,,,,,,,,,,,,,,,,,,,,,,0.0,,,,,,,,,,,,,,,,,,,,,,,,,,,,,,,,,,,,,,,,,,,,,,,,,,,,2012-04-20,,0.306,,pre-market,,,,,,,,,,,,,,,,,,,,,,,,,
2012-06-30,IR,,,,,,,,,,,,,,,,,,,,,,,,,,,,,,,,,,,,,,0.0,,,,,,,,,,,,,,,,,,,,,,,,,,,,,,,,,,,,,,,,,,,,,,,,,,,,2012-07-20,,1.1635,,pre-market,,,,,,,,,,,,,,,,,,,,,,,,,
2012-09-30,IR,,,,,,,,,,,,,,,,,,,,,,,,,,,,,,,,,,,,,,0.0,,,,,,,,,,,,,,,,,,,,,,,,,,,,,,,,,,,,,,,,,,,,,,,,,,,,2012-10-19,,1.0308,,pre-market,,,,,,,,,,,,,,,,,,,,,,,,,
2012-12-31,IR,,,,,,,,,,,,,,,,,,,,,,,,,,,,,,,,,,,,,,0.0,,,,,,,,,,,,,,,,,,,,,,,,,,,,,,,,,,,,,,,,,,,,,,,,,,,,2013-02-01,,0.7585,,pre-market,,,,,,,,,,,,,,,,,,,,,,,,,
2013-03-31,IR,,,,,,,,,,,,,,,,,,,,,,,,,,,,,,,,,,,,,,0.0,,,,,,,,,,,,,,,,,,,,,,,,,,,,,,,,,,,,,,,,,,,,,,,,,,,,2013-04-23,,0.2909,,pre-market,,,,,,,,,,,,,,,,,,,,,,,,,
2013-06-30,IR,,,,,,,,,,,,,,,,,,,,,,,,,,,,,,,,,,,,,,0.06,,,1.08,,,,,,,,,,,,,,,,,,,,,,,,,,,,,,,,,,,,,,,,,,,,,,,,,2013-07-19,,1.14,,pre-market,,,,,,,,,,,,,5.5556,,,,,,,,,,,,
2013-09-30,IR,,,,,,,,,,,,,,,,,,,,,,,,,,,,,,,,,,,,,,0.03,,,1.1,,,,,,,,,,,,,,,,,,,,,,,,,,,,,,,,,,,,,,,,,,,,,,,,,2013-10-18,,1.13,,pre-market,,,,,,,,,,,,,2.7273,,,,,,,,,,,,
2013-12-31,IR,,,,,,,,,,,,,,,,,,,,,,,,,,,,,,,,,,,,,,0.0,,,0.61,,,,,,,,,,,,,,,,,,,,,,,,,,,,,,,,,,,,,,,,,,,,,,,,,2014-02-11,,0.61,,pre-market,,,,,,,,,,,,,0.0,,,,,,,,,,,,
2014-03-31,IR,,,,,,,,,,,,,,,,,,,,,,,,,,,,,,,,,,,,,,0.03,,,0.26,,,,,,,,,,,,,,,,,,,,,,,,,,,,,,,,,,,,,,,,,,,,,,,,,2014-04-23,,0.29,,pre-market,,,,,,,,,,,,,11.5385,,,,,,,,,,,,
2014-06-30,IR,,,,,,,,,,,,,,,,,,,,,,,,,,,,,,,,,,,,,,0.02,,,1.11,,,,,,,,,,,,,,,,,,,,,,,,,,,,,,,,,,,,,,,,,,,,,,,,,2014-07-22,,1.13,,pre-market,,,,,,,,,,,,,1.8018,,,,,,,,,,,,
2014-09-30,IR,,,,,,,,,,,,,,,,,,,,,,,,,,,,,,,,,,,,,,-0.22,,,1.04,,,,,,,,,,,,,,,,,,,,,,,,,,,,,,,,,,,,,,,,,,,,,,,,,2014-10-22,,0.82,,pre-market,,,,,,,,,,,,,-21.1538,,,,,,,,,,,,
2014-12-31,IR,,,,,,,,,,,,,,,,,,,,,,,,,,,,,,,,,,,,,,-0.32,,,0.7,,,,,,,,,,,,,,,,,,,,,,,,,,,,,,,,,,,,,,,,,,,,,,,,,2015-01-30,,0.38,,pre-market,,,,,,,,,,,,,-45.7143,,,,,,,,,,,,
2015-03-31,IR,,,,,,,,,,,,,,,,,,,,,,,,,,,,,,,,,,,,,,0.88,,,0.32,,,,,,,,,,,,,,,,,,,,,,,,,,,,,,,,,,,,,,,,,,,,,,,,,2015-04-23,,1.2,,pre-market,,,,,,,,,,,,,275.0,,,,,,,,,,,,
2015-06-30,IR,,,,,,,,,,,,,,,,,,,,,,,,,,,,,,,,,,,,,,-0.03,,,1.23,,,,,,,,,,,,,,,,,,,,,,,,,,,,,,,,,,,,,,,,,,,,,,,,,2015-07-28,,1.2,,pre-market,,,,,,,,,,,,,-2.439,,,,,,,,,,,,
2015-09-30,IR,,,,,,,,,,,,,,,,,,,,,,,,,,,,,,,,,,,,,,-0.22,,,1.16,,,,,,,,,,,,,,,,,,,,,,,,,,,,,,,,,,,,,,,,,,,,,,,,,2015-10-27,,0.94,,pre-market,,,,,,,,,,,,,-18.9655,,,,,,,,,,,,
2015-12-31,IR,,,,,,,,,,,,,,,,,,,,,,,,,,,,,,,,,,,,,,0.01,,,0.93,,,,,,,,,,,,,,,,,,,,,,,,,,,,,,,,,,,,,,,,,,,,,,,,,2016-02-09,,0.94,,pre-market,,,,,,,,,,,,,1.0753,,,,,,,,,,,,
2016-03-31,IR,,,,,,,,,,,,,,,,,,,,,,,,,,,,,,,,,,,,,,0.13,,,0.37,,,,,,,,,,,,,,,,,,,,,,,,,,,,,,,,,,,,,,,,,,,,,,,,,2016-04-26,,0.5,,pre-market,,,,,,,,,,,,,35.1351,,,,,,,,,,,,
2016-06-30,IR,,,,,,,,,,,,,,,,,,,,,,,,,,,,,,,,,,,,,,0.08,,,1.3,,,,,,,,,,,,,,,,,,,,,,,,,,,,,,,,,,,,,,,,,,,,,,,,,2016-07-27,,1.38,,pre-market,,,,,,,,,,,,,6.1538,,,,,,,,,,,,
2016-09-30,IR,,,,,,,,,,,,,,,,,,,,,,,,,,,,,,,,,,,,,,-0.45,,,1.29,,,,,,,,,,,,,,,,,,,,,,,,,,,,,,,,,,,,,,,,,,,,,,,,,2016-10-26,,0.84,,pre-market,,,,,,,,,,,,,-34.8837,,,,,,,,,,,,
2016-12-31,IR,,,,,,,,,,,,,,,,,,,,,,,,,,,,,,,,,,,,,,-0.08,,,0.92,,,,,,,,,,,,,,,,,,,,,,,,,,,,,,,,,,,,,,,,,,,,,,,,,2017-02-01,,0.84,,pre-market,,,,,,,,,,,,,-8.6957,,,,,,,,,,,,
2017-03-31,IR,,,,,,,,,,,,,,,,,,,,,,,,,,,,,,,,,,,,,,0.04,,,0.53,,,,,,,,,,,,,,,,,,,,,,,,,,,,,,,,,,,,,,,,,,,,,,,,,2017-05-15,,0.57,,post-market,,,,,,,,,,,,,7.5472,,,,,,,,,,,,
2017-06-30,IR,,,,,,,,,,,,,,,,,,,,,,,,,,,,,,,,,,,,,,0.02,,,0.22,,,,,,,,,,,,,,,,,,,,,,,,,,,,,,,,,,,,,,,,,,,,,,,,,2017-08-02,,0.24,,post-market,,,,,,,,,,,,,9.0909,,,,,,,,,,,,
2017-09-30,IR,,,,,,,,,,,,,,,,,,,,,,,,,,,,,,,,,,,,,,0.05,,,0.36,,,,,,,,,,,,,,,,,,,,,,,,,,,,,,,,,,,,,,,,,,,,,,,,,2017-10-25,,0.41,,post-market,,,,,,,,,,,,,13.8889,,,,,,,,,,,,
2017-12-31,IR,,,,,,,,,,,,,,,,,,,,,,,,,,,,,,,,,,,,,,0.0,,,0.48,,,,,,,,,,,,,,,,,,,,,,,,,,,,,,,,,,,,,,,,,,,,,,,,,2018-02-15,,0.48,,post-market,,,,,,,,,,,,,0.0,,,,,,,,,,,,
2018-03-31,IR,,,,,,,,,,,,,,,,,,,,,,,,,,,,,,,,,,,,,,0.09,,,0.29,,,,,,,,,,,,,,,,,,,,,,,,,,,,,,,,,,,,,,,,,,,,,,,,,2018-04-26,,0.38,,post-market,,,,,,,,,,,,,31.0345,,,,,,,,,,,,
2018-06-30,IR,,,,,,,,,,,,,,,,,,,,,,,,,,,,,,,,,,,,,,0.03,,,0.41,,,,,,,,,,,,,,,,,,,,,,,,,,,,,,,,,,,,,,,,,,,,,,,,,2018-08-01,,0.44,,post-market,,,,,,,,,,,,,7.3171,,,,,,,,,,,,
2018-09-30,IR,,,,,,,,,,,,,,,,,,,,,,,,,,,,,,,,,,,,,,0.01,,,0.48,,,,,,,,,,,,,,,,,,,,,,,,,,,,,,,,,,,,,,,,,,,,,,,,,2018-10-25,,0.49,,post-market,,,,,,,,,,,,,2.0833,,,,,,,,,,,,
2018-12-31,IR,,,,,,,,,,,,,,,,,,,,,,,,,,,,,,,,,,,,,,0.04,,,0.53,,,,,,,,,,,,,,,,,,,,,,,,,,,,,,,,,,,,,,,,,,,,,,,,,2019-02-19,,0.57,,pre-market,,,,,,,,,,,,,7.5472,,,,,,,,,,,,
2019-03-31,IR,,,,,,,,,,,,,,,,,,,,,,,,,,,,,,,,,,,,,,0.04,,,0.34,,,,,,,,,,,,,,,,,,,,,,,,,,,,,,,,,,,,,,,,,,,,,,,,,2019-04-30,,0.38,,pre-market,,,,,,,,,,,,,11.7647,,,,,,,,,,,,
2019-06-30,IR,,,,,,,,,,,,,,,,,,,,,,,,,,,,,,,,,,,,,,0.04,,,0.39,,,,,,,,,,,,,,,,,,,,,,,,,,,,,,,,,,,,,,,,,,,,,,,,,2019-07-31,,0.43,,post-market,,,,,,,,,,,,,10.2564,,,,,,,,,,,,
2019-09-30,IR,,,,,,,,,,,,,,,,,,,,,,,,,,,,,,,,,,,,,,0.03,,,0.38,,,,,,,,,,,,,,,,,,,,,,,,,,,,,,,,,,,,,,,,,,,,,,,,,2019-10-28,,0.41,,post-market,,,,,,,,,,,,,7.8947,,,,,,,,,,,,
2019-12-31,IR,,,,,,,,,,,,,,,,,,,,,,,,,,,,,,,,,,,,,,0.03,,,0.34,,,,,,,,,,,,,,,,,,,,,,,,,,,,,,,,,,,,,,,,,,,,,,,,,2020-02-17,,0.37,,post-market,,,,,,,,,,,,,8.8235,,,,,,,,,,,,
2020-03-31,IR,,,,,,,,,,,,,,,,,,,,,,,,,,,,,,,,,,,,,,-0.01,,,0.28,,,,,,,,,,,,,,,,,,,,,,,,,,,,,,,,,,,,,,,,,,,,,,,,,2020-05-12,,0.27,,pre-market,,,,,,,,,,,,,-3.5714,,,,,,,,,,,,
2020-06-30,IR,,,,,,,,,,,,,,,,,,,,,,,,,,,,,,,,,,,,,,0.12,,,0.19,,,,,,,,,,,,,,,,,,,,,,,,,,,,,,,,,,,,,,,,,,,,,,,,,2020-08-03,,0.31,,post-market,,,,,,,,,,,,,63.1579,,,,,,,,,,,,
2020-09-30,IR,,,,,,,,,,,,,,,,,,,,,,,,,,,,,,,,,,,,,,0.09,,,0.31,,,,,,,,,,,,,,,,,,,,,,,,,,,,,,,,,,,,,,,,,,,,,,,,,2020-11-02,,0.4,,post-market,,,,,,,,,,,,,29.0323,,,,,,,,,,,,
2020-12-31,IR,,,,,,,,,,,,,,,,,,,,,,,,,,,,,,,,,,,,,,0.08,,,0.45,,,,,,,,,,,,,,,,,,,,,,,,,,,,,,,,,,,,,,,,,,,,,,,,,2021-02-22,,0.53,,post-market,,,,,,,,,,,,,17.7778,,,,,,,,,,,,
2021-03-31,IR,,,,,,,,,,,,,,,,,,,,,,,,,,,,,,,,,,,,,,0.1,,,0.35,,,,,,,,,,,,,,,,,,,,,,,,,,,,,,,,,,,,,,,,,,,,,,,,,2021-04-28,,0.45,,post-market,,,,,,,,,,,,,28.5714,,,,,,,,,,,,
2021-06-30,IR,,,,,,,,,,,,,,,,,,,,,,,,,,,,,,,,,,,,,,0.04,,,0.42,,,,,,,,,,,,,,,,,,,,,,,,,,,,,,,,,,,,,,,,,,,,,,,,,2021-07-28,,0.46,,post-market,,,,,,,,,,,,,9.5238,,,,,,,,,,,,
2021-09-30,IR,,,,,,,,,,,,,,,,,,,,,,,,,,,,,,,,,,,,,,0.1,,,0.47,,,,,,,,,,,,,,,,,,,,,,,,,,,,,,,,,,,,,,,,,,,,,,,,,2021-11-03,,0.57,,pre-market,,,,,,,,,,,,,21.2766,,,,,,,,,,,,
2021-12-31,IR,,,,,,,,,,,,,,,,,,,,,,,,,,,,,,,,,,,,,,0.08,,,0.6,,,,,,,,,,,,,,,,,,,,,,,,,,,,,,,,,,,,,,,,,,,,,,,,,2022-02-23,,0.68,,post-market,,,,,,,,,,,,,13.3333,,,,,,,,,,,,
2022-03-31,IR,,,,,,,,,,,,,,,,,,,,,,,,,,,,,,,,,,,,,,0.04,,,0.45,,,,,,,,,,,,,,,,,,,,,,,,,,,,,,,,,,,,,,,,,,,,,,,,,2022-05-04,,0.49,,post-market,,,,,,,,,,,,,8.8889,,,,,,,,,,,,
2022-06-30,IR,,,,,,,,,,,,,,,,,,,,,,,,,,,,,,,,,,,,,,0.02,,,0.52,,,,,,,,,,,,,,,,,,,,,,,,,,,,,,,,,,,,,,,,,,,,,,,,,2022-08-03,,0.54,,post-market,,,,,,,,,,,,,3.8462,,,,,,,,,,,,
2022-09-30,IR,,,,,,,,,,,,,,,,,,,,,,,,,,,,,,,,,,,,,,0.03,,,0.59,,,,,,,,,,,,,,,,,,,,,,,,,,,,,,,,,,,,,,,,,,,,,,,,,2022-11-02,,0.62,,post-market,,,,,,,,,,,,,5.0847,,,,,,,,,,,,
2022-12-31,IR,,,,,,,,,,,,,,,,,,,,,,,,,,,,,,,,,,,,,,0.09,,,0.63,,,,,,,,,,,,,,,,,,,,,,,,,,,,,,,,,,,,,,,,,,,,,,,,,2023-02-21,,0.72,,pre-market,,,,,,,,,,,,,14.2857,,,,,,,,,,,,
2023-03-31,IR,,,,,,,,,,,,,,,,,,,,,,,,,,,,,,,,,,,,,,0.13,,,0.52,,,,,,,,,,,,,,,,,,,,,,,,,,,,,,,,,,,,,,,,,,,,,,,,,2023-05-03,,0.65,,post-market,,,,,,,,,,,,,25.0,,,,,,,,,,,,
2023-06-30,IR,,,,,,,,,,,,,,,,,,,,,,,,,,,,,,,,,,,,,,0.08,,,0.6,,,,,,,,,,,,,,,,,,,,,,,,,,,,,,,,,,,,,,,,,,,,,,,,,2023-08-02,,0.68,,post-market,,,,,,,,,,,,,13.3333,,,,,,,,,,,,
2023-09-30,IR,,,,,,,,,,,,,,,,,,,,,,,,,,,,,,,,,,,,,,0.08,,,0.69,,,,,,,,,,,,,,,,,,,,,,,,,,,,,,,,,,,,,,,,,,,,,,,,,2023-11-01,,0.77,,post-market,,,,,,,,,,,,,11.5942,,,,,,,,,,,,
2023-12-31,IR,,,,,,,,,,,,,,,,,,,,,,,,,,,,,,,,,,,,,,0.09,,,0.77,,,,,,,,,,,,,,,,,,,,,,,,,,,,,,,,,,,,,,,,,,,,,,,,,2024-02-15,,0.86,,post-market,,,,,,,,,,,,,11.6883,,,,,,,,,,,,
2024-03-31,IR,,,,,,,,,,,,,,,,,,,,,,,,,,,,,,,,,,,,,,0.09,,,0.69,,,,,,,,,,,,,,,,,,,,,,,,,,,,,,,,,,,,,,,,,,,,,,,,,2024-05-02,,0.78,,post-market,,,,,,,,,,,,,13.0435,,,,,,,,,,,,
2024-06-30,IR,,,,,,,,,,,,,,,,,,,,,,,,,,,,,,,,,,,,,,0.05,,,0.78,,,,,,,,,,,,,,,,,,,,,,,,,,,,,,,,,,,,,,,,,,,,,,,,,2024-07-31,,0.83,,post-market,,,,,,,,,,,,,6.4103,,,,,,,,,,,,
2024-09-30,IR,,,,,,,,,,,,,,,,,,,,,,,,,,,,,,,,,,,,,,0.03,,,0.81,,,,,,,,,,,,,,,,,,,,,,,,,,,,,,,,,,,,,,,,,,,,,,,,,2024-10-31,,0.84,,post-market,,,,,,,,,,,,,3.7037,,,,,,,,,,,,
2024-12-31,IR,,,,,,,,,,,,,,,,,,,,,,,,,,,,,,,,,,,,,,0.0,,,0.84,,,,,,,,,,,,,,,,,,,,,,,,,,,,,,,,,,,,,,,,,,,,,,,,,2025-02-13,,0.84,,post-market,,,,,,,,,,,,,0.0,,,,,,,,,,,,
2025-03-31,IR,,,,,,,,,,,,,,,,,,,,,,,,,,,,,,,,,,,,,,-0.02,,,0.74,,,,,,,,,,,,,,,,,,,,,,,,,,,,,,,,,,,,,,,,,,,,,,,,,2025-05-01,,0.72,,post-market,,,,,,,,,,,,,-2.7027,,,,,,,,,,,,
2025-06-30,IR,,,,,,,,,,,,,,,,,,,,,,,,,,,,,,,,,,,,,,0.0,,,0.8,,,,,,,,,,,,,,,,,,,,,,,,,,,,,,,,,,,,,,,,,,,,,,,,,2025-07-31,,0.8,,post-market,,,,,,,,,,,,,0.0,,,,,,,,,,,,
2025-09-30,IR,,,,,,,,,,,,,,,,,,,,,,,,,,,,,,,,,,,,,,-0.01,,,0.87,,,,,,,,,,,,,,,,,,,,,,,,,,,,,,,,,,,,,,,,,,,,,,,,,2025-10-30,,0.86,,post-market,,,,,,,,,,,,,-1.1494,,,,,,,,,,,,
2025-12-28,IR,1.35,7458300000.0,60.21,,1.326,25.62,,,,,,,,,,,,,,,,,,,,,,,,,,0.08,0.001,,,,0.13,-0.01,,,0.87,,22.17,,3261000000.0,,,,,,,,,,,,,,,,,,,0.205,,,,,,,,,,,,,1.076,3.173,4.331,,,,,,,,0.0731,,,2025-10-30,,0.86,,post-market,,,0.0509,0.0538,0.051,18.61,,,,,80.01,78.51,-1.1494,,,,,,,,,60.21,,95.76,65.56
2025-12-28,IR,1.35,7458300000.0,60.21,,1.326,25.62,,,,,,,,,,,,,,,None,1099800000,1099800000,,,,,,None,124500000,,0.08,0.001,,,,0.13,-0.01,384500000,509000000,0.87,2025-09-30,22.17,,3261000000.0,855200000,319400000,73600000,,,None,65099999,65100000,,None,,,,,244100000,245800000,-65100000,None,0.205,,479700000,375500000,,,,,None,,,,,1.076,3.173,4.331,,,,,,,,0.0731,,,2025-10-30,quarterly,0.86,USD,post-market,None,,0.0509,0.0538,0.051,18.61,361000000,,,,80.01,78.51,-1.1494,,,,,,,1955000000,,60.21,,95.76,65.56
2025-12-28,IR,1.35,7458300000.0,60.21,,1.326,25.62,,,,,,,,,,,,,,,None,1063000000,1063000000,,,,,,None,120500000,,0.08,0.001,,,,0.13,-0.01,90800000,211300000,0.87,2025-06-30,22.17,,3261000000.0,824900000,-92800000,21000000,,,None,62700000,62700000,,None,,,,,-115300000,-113800000,-62700000,None,0.205,,748500000,76400000,,,,,None,,,,,1.076,3.173,4.331,,,,,,,,0.0731,,,2025-10-30,quarterly,0.86,USD,post-market,None,,0.0509,0.0538,0.051,18.61,371200000,,,,80.01,78.51,-1.1494,,,,,,,1887900000,,60.21,,95.76,65.56
2025-12-28,IR,1.35,7458300000.0,60.21,,1.326,25.62,,,,,,,,,,,,,,,None,951300000,951300000,,,,,,None,120000000,,0.08,0.001,,,,0.13,-0.01,314300000,434300000,0.87,2025-03-31,22.17,,3261000000.0,765500000,246900000,58500000,,,None,61200000,61200000,,None,,,,,186500000,188400000,-61200000,None,0.205,,463000000,302500000,,,,,None,,,,,1.076,3.173,4.331,,,,,,,,0.0731,,,2025-10-30,quarterly,0.86,USD,post-market,None,,0.0509,0.0538,0.051,18.61,350000000,,,,80.01,78.51,-1.1494,,,,,,,1716800000,,60.21,,95.76,65.56
2025-12-28,IR,1.35,7458300000.0,60.21,,1.326,25.62,,,,,,,,,,,,,,,None,1083200000,1083200000,,,,,,None,123600000,,0.08,0.001,,,,0.13,-0.01,386900000,510500000,0.87,2024-12-31,22.17,,3261000000.0,815400000,320100000,88200000,,,None,61800000,61800000,,None,,,,,229800000,231900000,-61800000,None,0.205,,436600000,378800000,,,,,None,,,,,1.076,3.173,4.331,,,,,,,,0.0731,,,2025-10-30,quarterly,0.86,USD,post-market,None,,0.0509,0.0538,0.051,18.61,331700000,,,,80.01,78.51,-1.1494,,,,,,,1898600000,,60.21,,95.76,65.56
2025-12-28,IR,1.35,7458300000.0,60.21,,1.326,25.62,,,,,,,,,,,,,,,None,1046000000,1046000000,,,,,,None,124300000,,0.08,0.001,,,,0.13,-0.01,365800000,490100000,0.87,2024-09-30,22.17,,3261000000.0,815000000,297200000,73800000,,,None,63800000,63800000,,None,,,,,221600000,223400000,-63800000,None,0.205,,458700000,356300000,,,,,None,,,,,1.076,3.173,4.331,,,,,,,,0.0731,,,2025-10-30,quarterly,0.86,USD,post-market,None,,0.0509,0.0538,0.051,18.61,334300000,,,,80.01,78.51,-1.1494,,,,,,,1861000000,,60.21,,95.76,65.56
2025-12-28,IR,1.35,7458300000.0,60.21,,1.326,25.62,,,,,,,,,,,,,,,None,1012000000,1012000000,,,,,,None,116900000,,0.08,0.001,,,,0.13,-0.01,286900000,403800000,0.87,2024-06-30,22.17,,3261000000.0,793300000,232600000,46100000,,,None,50800000,None,,None,,,,,185000000,186500000,-50800000,None,0.205,,521500000,271800000,,,,,None,,,,,1.076,3.173,4.331,,,,,,,,0.0731,,,2025-10-30,quarterly,0.86,USD,post-market,None,,0.0509,0.0538,0.051,18.61,342100000,,,,80.01,78.51,-1.1494,,,,,,,1805300000,,60.21,,95.76,65.56
2025-12-28,IR,1.35,7458300000.0,60.21,,1.326,25.62,,,,,,,,,,,,,,,None,923800000,923800000,,,,,,None,117200000,,0.08,0.001,,,,0.13,-0.01,306400000,423600000,0.87,2024-03-31,22.17,,3261000000.0,746300000,258899999,54400000,,,None,36800000,None,,None,,,,,202200000,204500000,-36800000,None,0.205,,453100000,293200000,,,,,None,,,,,1.076,3.173,4.331,,,,,,,,0.0731,,,2025-10-30,quarterly,0.86,USD,post-market,None,,0.0509,0.0538,0.051,18.61,336300000,,,,80.01,78.51,-1.1494,,,,,,,1670100000,,60.21,,95.76,65.56
2025-12-28,IR,1.35,7458300000.0,60.21,,1.326,25.62,,,,,,,,,,,,,,,None,1040200000,1040200000,,,,,,None,117600000,,0.08,0.001,,,,0.13,-0.01,344800000,462400000,0.87,2023-12-31,22.17,,3261000000.0,781200000,302600000,71100000,,,None,37400000,None,,None,,,,,229800000,231500000,-37400000,None,0.205,,448000000,333200000,,,,,None,,,,,1.076,3.173,4.331,,,,,,,,0.0731,,,2025-10-30,quarterly,0.86,USD,post-market,108000000,,0.0509,0.0538,0.051,18.61,641900000,,,,80.01,78.51,-1.1494,,,,,,,1821400000,,60.21,,95.76,65.56
2025-12-28,IR,1.35,7458300000.0,60.21,,1.326,25.62,,,,,,,,,,,,,,,None,999600000,999600000,,,,,,None,115700000,,0.08,0.001,,,,0.13,-0.01,313400000,429100000,0.87,2023-09-30,22.17,,3261000000.0,739300000,269900000,60300000,,,None,39600000,39600000,,None,,,,,208300000,209600000,-39600000,None,0.205,,420900000,318400000,,,,,None,,,,,1.076,3.173,4.331,,,,,,,,0.0731,,,2025-10-30,quarterly,0.86,USD,post-market,None,,0.0509,0.0538,0.051,18.61,315200000,,,,80.01,78.51,-1.1494,,,,,,,1738900000,,60.21,,95.76,65.56
2025-12-28,IR,1.35,7458300000.0,60.21,,1.326,25.62,,,,,,,,,,,,,,,None,989000000,989000000,,,,,,None,111800000,,0.08,0.001,,,,0.13,-0.01,279700000,391500000,0.87,2023-06-30,22.17,,3261000000.0,697500000,241300000,60500000,,,None,40800000,40800000,,None,,,,,179500000,596800000,-40800000,None,0.205,,425100000,272400000,,,,,-57400000,,,,,1.076,3.173,4.331,,,,,,,,0.0731,,,2025-10-30,quarterly,0.86,USD,post-market,None,,0.0509,0.0538,0.051,18.61,699000000,,,,80.01,78.51,-1.1494,,,,,,,1686500000,,60.21,,95.76,65.56
2025-12-28,IR,1.35,7458300000.0,60.21,,1.326,25.62,,,,,,,,,,,,,,,None,965100000,965100000,,,,,,None,114000000,,0.08,0.001,,,,0.13,-0.01,249900000,363900000,0.87,2023-03-31,22.17,,3261000000.0,664200000,211300000,48100000,,,None,38900000,38900000,,None,,,,,161100000,316600000,-38900000,None,0.205,,423900000,240300000,,,,,-9400000,,,,,1.076,3.173,4.331,,,,,,,,0.0731,,,2025-10-30,quarterly,0.86,USD,post-market,None,,0.0509,0.0538,0.051,18.61,686700000,,,,80.01,78.51,-1.1494,,,,,,,1629300000,,60.21,,95.76,65.56
2025-12-28,IR,1.35,7458300000.0,60.21,,1.326,25.62,,,,,,,,,,,,,,,None,969300000,969300000,,,,,,None,104800000,,0.08,0.001,,,,0.13,-0.01,280300000,385100000,0.87,2022-12-31,22.17,,3261000000.0,654400000,249100000,45000000,,,None,34400000,34400000,,None,,,,,217400000,449000000,-34400000,None,0.205,,381500000,272900000,,,,,-2300000,,,,,1.076,3.173,4.331,,,,,,,,0.0731,,,2025-10-30,quarterly,0.86,USD,post-market,91000000,,0.0509,0.0538,0.051,18.61,541500000,,,,80.01,78.51,-1.1494,,,,,,,1623700000,,60.21,,95.76,65.56
2025-12-28,IR,1.35,7458300000.0,60.21,,1.326,25.62,,,,,,,,,,,,,,,None,940400000,940400000,,,,,,None,115000000,,0.08,0.001,,,,0.13,-0.01,199800000,314800000,0.87,2022-09-30,22.17,,3261000000.0,575300000,175800000,30300000,,,None,26600000,26600000,,None,,,,,145100000,560300000,-26600000,None,0.205,,385300000,190000000,,,,,-18700000,,,,,1.076,3.173,4.331,,,,,,,,0.0731,,,2025-10-30,quarterly,0.86,USD,post-market,None,,0.0509,0.0538,0.051,18.61,693300000,,,,80.01,78.51,-1.1494,,,,,,,1515700000,,60.21,,95.76,65.56
2025-12-28,IR,1.35,7458300000.0,60.21,,1.326,25.62,,,,,,,,,,,,,,,None,870100000,870100000,,,,,,None,104500000,,0.08,0.001,,,,0.13,-0.01,203700000,308200000,0.87,2022-06-30,22.17,,3261000000.0,569800000,179700000,41900000,,,None,23200000,23200000,,None,,,,,138500000,516500000,-23200000,None,0.205,,372400000,197400000,,,,,-1600000,,,,,1.076,3.173,4.331,,,,,,,,0.0731,,,2025-10-30,quarterly,0.86,USD,post-market,None,,0.0509,0.0538,0.051,18.61,612800000,,,,80.01,78.51,-1.1494,,,,,,,1439900000,,60.21,,95.76,65.56
2025-12-28,IR,1.35,7458300000.0,60.21,,1.326,25.62,,,,,,,,,,,,,,,None,810900000,810900000,,,,,,None,108500000,,0.08,0.001,,,,0.13,-0.01,161600000,270100000,0.87,2022-03-31,22.17,,3261000000.0,526100000,138300000,32400000,,,None,19000000,19000000,,None,,,,,103700000,270400000,-19000000,None,0.205,,369100000,157000000,,,,,-700000,,,,,1.076,3.173,4.331,,,,,,,,0.0731,,,2025-10-30,quarterly,0.86,USD,post-market,None,,0.0509,0.0538,0.051,18.61,600800000,,,,80.01,78.51,-1.1494,,,,,,,1337000000,,60.21,,95.76,65.56
2025-12-28,IR,1.35,7458300000.0,60.21,,1.326,25.62,,,,,,,,,,,,,,,None,909400000,909400000,,,,,,None,111800000,,0.08,0.001,,,,0.13,-0.01,144300000,256100000,0.87,2021-12-31,22.17,,3261000000.0,509400000,116400000,-47600000,,,None,19400000,19400000,,None,,,,,293000000,329100000,-19400000,None,0.205,,369000000,140400000,,,,,14900000,,,,,1.076,3.173,4.331,,,,,,,,0.0731,,,2025-10-30,quarterly,0.86,USD,post-market,74000000,,0.0509,0.0538,0.051,18.61,526600000,,,,80.01,78.51,-1.1494,,,,,,,1418800000,,60.21,,95.76,65.56
2025-12-28,IR,1.35,7458300000.0,60.21,,1.326,25.62,,,,,,,,,,,,,,,None,810700000,810700000,,,,,,None,102500000,,0.08,0.001,,,,0.13,-0.01,158400000,260900000,0.87,2021-09-30,22.17,,3261000000.0,514300000,133700000,2700000,,,None,22500000,22500000,,None,,,,,126000000,422000000,-22500000,None,0.205,,350400000,163900000,,,,,-6900000,,,,,1.076,3.173,4.331,,,,,,,,0.0731,,,2025-10-30,quarterly,0.86,USD,post-market,None,,0.0509,0.0538,0.051,18.61,620800000,,,,80.01,78.51,-1.1494,,,,,,,1325000000,,60.21,,95.76,65.56
2025-12-28,IR,1.35,7458300000.0,60.21,,1.326,25.62,,,,,,,,,,,,,,,None,766400000,766400000,,,,,,None,102300000,,0.08,0.001,,,,0.13,-0.01,174200000,276500000,0.87,2021-06-30,22.17,,3261000000.0,512700000,150800000,12500000,,,None,22700000,22700000,,None,,,,,233900000,138300000,-22700000,None,0.205,,372600000,140100000,,,,,300000,,,,,1.076,3.173,4.331,,,,,,,,0.0731,,,2025-10-30,quarterly,0.86,USD,post-market,None,,0.0509,0.0538,0.051,18.61,267200000,,,,80.01,78.51,-1.1494,,,,,,,1279100000,,60.21,,95.76,65.56
2025-12-28,IR,1.35,7458300000.0,60.21,,1.326,25.62,,,,,,,,,,,,,,,None,677400000,677400000,,,,,,None,105500000,,0.08,0.001,,,,0.13,-0.01,123800000,229300000,0.87,2021-03-31,22.17,,3261000000.0,452100000,107600000,17500000,,,None,23100000,23100000,,None,,,,,-90400000,111600000,-23100000,None,0.205,,330800000,121300000,,,,,-7200000,,,,,1.076,3.173,4.331,,,,,,,,0.0731,,,2025-10-30,quarterly,0.86,USD,post-market,None,,0.0509,0.0538,0.051,18.61,270700000,,,,80.01,78.51,-1.1494,,,,,,,1129500000,,60.21,,95.76,65.56
2025-12-28,IR,1.35,7458300000.0,60.21,,1.326,25.62,,,,,,,,,,,,,,,None,983800000,983800000,,,,,,None,141300000,,0.08,0.001,,,,0.13,-0.01,133300000,274600000,0.87,2020-12-31,22.17,,3261000000.0,526900000,64200000,-42200000,,,None,24400000,24400000,,None,,,,,151600000,250200000,-24400000,None,0.205,,396500000,130400000,,,,,-11400000,,,,,1.076,3.173,4.331,,,,,,,,0.0731,,,2025-10-30,quarterly,0.86,USD,post-market,58000000,,0.0509,0.0538,0.051,18.61,559900000,,,,80.01,78.51,-1.1494,,,,,,,1510700000,,60.21,,95.76,65.56
2025-12-28,IR,1.35,7458300000.0,60.21,,1.326,25.62,,,,,,,,,,,,,,,None,682500000,682500000,,,,,,None,117300000,,0.08,0.001,,,,0.13,-0.01,71600000,188900000,0.87,2020-09-30,22.17,,3261000000.0,430000000,48200000,18200000,,,None,28800000,28800000,,None,,,,,29500000,410100000,-28800000,None,0.205,,361000000,69000000,,,,,None,,,,,1.076,3.173,4.331,,,,,,,,0.0731,,,2025-10-30,quarterly,0.86,USD,post-market,None,,0.0509,0.0538,0.051,18.61,27000000,,,,80.01,78.51,-1.1494,,,,,,,1112500000,,60.21,,95.76,65.56
2025-12-28,IR,1.35,7458300000.0,60.21,,1.326,25.62,,,,,,,,,,,,,,,None,716800000,716800000,,,,,,None,115600000,,0.08,0.001,,,,0.13,-0.01,-42700000,72900000,0.87,2020-06-30,22.17,,3261000000.0,308600000,-56100000,95800000,,,None,30800000,30800000,,None,,,,,-177600000,278300000,-30800000,None,0.205,,353600000,-45000000,,,,,3000000,,,,,1.076,3.173,4.331,,,,,,,,0.0731,,,2025-10-30,quarterly,0.86,USD,post-market,None,,0.0509,0.0538,0.051,18.61,300000,,,,80.01,78.51,-1.1494,,,,,,,1025400000,,60.21,,95.76,65.56
2025-12-28,IR,1.35,7458300000.0,60.21,,1.326,25.62,,,,,,,,,,,,,,,None,485800000,485800000,,,,,,None,63200000,,0.08,0.001,,,,0.13,-0.01,-77900000,-14700000,0.87,2020-03-31,22.17,,3261000000.0,217700000,-96900000,-58900000,,,None,27100000,27100000,,None,,,,,-36800000,52800000,-27100000,None,0.205,,293800000,-76100000,,,,,12500000,,,,,1.076,3.173,4.331,,,,,,,,0.0731,,,2025-10-30,quarterly,0.86,USD,post-market,None,,0.0509,0.0538,0.051,18.61,400000,,,,80.01,78.51,-1.1494,,,,,,,703500000,,60.21,,95.76,65.56
2025-12-28,IR,1.35,7458300000.0,60.21,,1.326,25.62,,,,,,,,,,,,,,,None,380500000,380500000,,,,,,None,45200000,,0.08,0.001,,,,0.13,-0.01,49200000,94400000,0.87,2019-12-31,22.17,,3261000000.0,225300000,28200000,2500000,,,None,20900000,20900000,,None,,,,,25700000,277200000,-20900000,None,0.205,,177700000,47600000,,,,,-10400000,,,,,1.076,3.173,4.331,,,,,,,,0.0731,,,2025-10-30,quarterly,0.86,USD,post-market,25000000,,0.0509,0.0538,0.051,18.61,16400000,,,,80.01,78.51,-1.1494,,,,,,,605800000,,60.21,,95.76,65.56
2025-12-28,IR,1.35,7458300000.0,60.21,,1.326,25.62,,,,,,,,,,,,,,,None,375200000,375200000,,,,,,None,43000000,,0.08,0.001,,,,0.13,-0.01,73500000,116500000,0.87,2019-09-30,22.17,,3261000000.0,221500000,50300000,9000000,,,None,23200000,23200000,,None,,,,,41300000,439000000,-23200000,None,0.205,,148600000,72900000,,,,,-7200000,,,,,1.076,3.173,4.331,,,,,,,,0.0731,,,2025-10-30,quarterly,0.86,USD,post-market,None,,0.0509,0.0538,0.051,18.61,16700000,,,,80.01,78.51,-1.1494,,,,,,,596700000,,60.21,,95.76,65.56
2025-12-28,IR,1.35,7458300000.0,60.21,,1.326,25.62,,,,,,,,,,,,,,,None,394700000,394700000,,,,,,None,44400000,,0.08,0.001,,,,0.13,-0.01,75600000,120000000,0.87,2019-06-30,22.17,,3261000000.0,234400000,53200000,8300000,,,None,22400000,22400000,,None,,,,,44900000,465900000,-22400000,None,0.205,,159800000,74600000,,,,,3400000,,,,,1.076,3.173,4.331,,,,,,,,0.0731,,,2025-10-30,quarterly,0.86,USD,post-market,None,,0.0509,0.0538,0.051,18.61,7100000,,,,80.01,78.51,-1.1494,,,,,,,629100000,,60.21,,95.76,65.56
2025-12-28,IR,1.35,7458300000.0,60.21,,1.326,25.62,,,,,,,,,,,,,,,None,389800000,389800000,,,,,,None,45500000,,0.08,0.001,,,,0.13,-0.01,81500000,127000000,0.87,2019-03-31,22.17,,3261000000.0,230500000,59100000,12000000,,,None,22400000,22400000,,None,,,,,47100000,205800000,-22400000,None,0.205,,150300000,80200000,,,,,-18800000,,,,,1.076,3.173,4.331,,,,,,,,0.0731,,,2025-10-30,quarterly,0.86,USD,post-market,None,,0.0509,0.0538,0.051,18.61,9300000,,,,80.01,78.51,-1.1494,,,,,,,620300000,,60.21,,95.76,65.56
2025-12-28,IR,1.35,7458300000.0,60.21,,1.326,25.62,,,,,,,,,,,,,,,None,443700000,443700000,,,,,,None,45800000,,0.08,0.001,,,,0.13,-0.01,134500000,180300000,0.87,2018-12-31,22.17,,3261000000.0,269000000,111400000,16900000,,,None,23100000,None,,None,,,,,94500000,255900000,None,None,0.205,,134900000,134100000,,,,,-20400000,,,,,1.076,3.173,4.331,,,,,,,,0.0731,,,2025-10-30,quarterly,0.86,USD,post-market,24000000,,0.0509,0.0538,0.051,18.61,5200000,,,,80.01,78.51,-1.1494,,,,,,,712700000,,60.21,,95.76,65.56
2025-12-28,IR,1.35,7458300000.0,60.21,,1.326,25.62,,,,,,,,,,,,,,,None,426900000,426900000,,,,,,None,44400000,,0.08,0.001,,,,0.13,-0.01,119200000,163600000,0.87,2018-09-30,22.17,,3261000000.0,262400000,94800000,22600000,,,None,24400000,None,,None,,,,,72200000,531100000,None,None,0.205,,144700000,117700000,,,,,-8500000,,,,,1.076,3.173,4.331,,,,,,,,0.0731,,,2025-10-30,quarterly,0.86,USD,post-market,0,,0.0509,0.0538,0.051,18.61,1100000,,,,80.01,78.51,-1.1494,,,,,,,689300000,,60.21,,95.76,65.56
2025-12-28,IR,1.35,7458300000.0,60.21,,1.326,25.62,,,,,,,,,,,,,,,None,418900000,418900000,,,,,,None,45200000,,0.08,0.001,,,,0.13,-0.01,103600000,148800000,0.87,2018-06-30,22.17,,3261000000.0,249300000,77500000,17200000,,,None,26100000,None,,None,,,,,60300000,458500000,None,None,0.205,,147900000,101400000,,,,,-3500000,,,,,1.076,3.173,4.331,,,,,,,,0.0731,,,2025-10-30,quarterly,0.86,USD,post-market,0,,0.0509,0.0538,0.051,18.61,800000,,,,80.01,78.51,-1.1494,,,,,,,668200000,,60.21,,95.76,65.56
2025-12-28,IR,1.35,7458300000.0,60.21,,1.326,25.62,,,,,,,,,,,,,,,None,387700000,387700000,,,,,,None,45000000,,0.08,0.001,,,,0.13,-0.01,91800000,136800000,0.87,2018-03-31,22.17,,3261000000.0,231900000,65800000,23400000,,,None,26000000,None,,None,,,,,42400000,133500000,None,None,0.205,,142100000,89800000,,,,,-4000000,,,,,1.076,3.173,4.331,,,,,,,,0.0731,,,2025-10-30,quarterly,0.86,USD,post-market,0,,0.0509,0.0538,0.051,18.61,2700000,,,,80.01,78.51,-1.1494,,,,,,,619600000,,60.21,,95.76,65.56
2025-12-28,IR,1.35,7458300000.0,60.21,,1.326,25.62,,,,,,,,,,,,,,,None,411500000,411500000,,,,,,None,46900000,,0.08,0.001,,,,0.13,-0.01,78900000,125800000,0.87,2017-12-31,22.17,,3261000000.0,253500000,53600000,-90100000,,,None,25200000,None,,None,,,,,143600000,488000000,None,None,0.205,,175800000,77700000,,,,,-7800000,,,,,1.076,3.173,4.331,,,,,,,,0.0731,,,2025-10-30,quarterly,0.86,USD,post-market,26000000,,0.0509,0.0538,0.051,18.61,194200000,,,,80.01,78.51,-1.1494,,,,,,,665000000,,60.21,,95.76,65.56
2025-12-28,IR,1.35,7458300000.0,60.21,,1.326,25.62,,,,,,,,,,,,,,,None,395700000,395700000,,,,,,None,43400000,,0.08,0.001,,,,0.13,-0.01,62500000,105900000,0.87,2017-09-30,22.17,,3261000000.0,253900000,32400000,4400000,,,None,30100000,None,,None,,,,,28000000,368200000,None,None,0.205,,157900000,96000000,,,,,-7600000,,,,,1.076,3.173,4.331,,,,,,,,0.0731,,,2025-10-30,quarterly,0.86,USD,post-market,0,,0.0509,0.0538,0.051,18.61,9800000,,,,80.01,78.51,-1.1494,,,,,,,649600000,,60.21,,95.76,65.56
2025-12-28,IR,1.35,7458300000.0,60.21,,1.326,25.62,,,,,,,,,,,,,,,None,363200000,363200000,,,,,,None,43800000,,0.08,0.001,,,,0.13,-0.01,-150700000,-106900000,0.87,2017-06-30,22.17,,3261000000.0,215900000,-190200000,-43900000,,,None,39500000,None,,None,,,,,-146300000,353900000,None,None,0.205,,317500000,-101600000,,,,,-11500000,,,,,1.076,3.173,4.331,,,,,,,,0.0731,,,2025-10-30,quarterly,0.86,USD,post-market,0,,0.0509,0.0538,0.051,18.61,156200000,,,,80.01,78.51,-1.1494,,,,,,,579100000,,60.21,,95.76,65.56
2025-12-28,IR,1.35,7458300000.0,60.21,,1.326,25.62,,,,,,,,,,,,,,,None,307100000,307100000,,,,,,None,39700000,,0.08,0.001,,,,0.13,-0.01,37300000,77000000,0.87,2017-03-31,22.17,,3261000000.0,174600000,-8600000,-1619000,,,None,45863000,None,,None,,,,,-7015000,127600000,None,None,0.205,,137800000,36800000,,,,,-4700000,,,,,1.076,3.173,4.331,,,,,,,,0.0731,,,2025-10-30,quarterly,0.86,USD,post-market,0,,0.0509,0.0538,0.051,18.61,659500000,,,,80.01,78.51,-1.1494,,,,,,,481700000,,60.21,,95.76,65.56
2025-12-28,IR,1.35,7458300000.0,60.21,,1.326,25.62,,,,,,,,,,,,,,,None,355605000,355605000,,,,,,None,45825000,,0.08,0.001,,,,0.13,-0.01,38788000,84613000,0.87,2016-12-31,22.17,,3261000000.0,222231000,-2850000,1440000,,,None,41638000,None,,None,,,,,-10220000,204200000,None,None,0.205,,183687000,38544000,,,,,-25000000,,,,,1.076,3.173,4.331,,,,,,,,0.0731,,,2025-10-30,quarterly,0.86,USD,post-market,22000000,,0.0509,0.0538,0.051,18.61,660600000,,,,80.01,78.51,-1.1494,,,,,,,577836000,,60.21,,95.76,65.56
2025-12-28,IR,1.35,7458300000.0,60.21,,1.326,25.62,,,,,,,,,,,,,,,None,298400000,298400000,,,,,,None,42900000,,0.08,0.001,,,,0.13,-0.01,20900000,63800000,0.87,2016-09-30,22.17,,3261000000.0,164200000,-22100000,-9100000,,,None,43000000,None,,None,,,,,-12900000,367700000,None,None,0.205,,144000000,20200000,,,,,1700000,,,,,1.076,3.173,4.331,,,,,,,,0.0731,,,2025-10-30,quarterly,0.86,USD,post-market,0,,0.0509,0.0538,0.051,18.61,645900000,,,,80.01,78.51,-1.1494,,,,,,,462600000,,60.21,,95.76,65.56
2025-12-28,IR,1.35,7458300000.0,60.21,,1.326,25.62,,,,,,,,,,,,,,,None,290500000,290500000,,,,,,None,42757000,,0.08,0.001,,,,0.13,-0.01,27700000,70457000,0.87,2016-06-30,22.17,,3261000000.0,171500000,-15000000,-10900000,,,None,42700000,None,,None,,,,,-3900000,759200000,None,None,0.205,,145500000,26000000,,,,,403000000,,,,,1.076,3.173,4.331,,,,,,,,0.0731,,,2025-10-30,quarterly,0.86,USD,post-market,0,,0.0509,0.0538,0.051,18.61,670700000,,,,80.01,78.51,-1.1494,,,,,,,462000000,,60.21,,95.76,65.56
2025-12-28,IR,1.35,7458300000.0,60.21,,1.326,25.62,,,,,,,,,,,,,,,None,278243000,278243000,,,,,,None,41243000,,0.08,0.001,,,,0.13,-0.01,19920000,61163000,0.87,2016-03-31,22.17,,3261000000.0,158807000,-23121000,-13226000,,,None,43041000,None,,None,,,,,-9620000,128700000,None,None,0.205,,139250000,19557000,,,,,10000000,,,,,1.076,3.173,4.331,,,,,,,,0.0731,,,2025-10-30,quarterly,0.86,USD,post-market,0,,0.0509,0.0538,0.051,18.61,629800000,,,,80.01,78.51,-1.1494,,,,,,,437050000,,60.21,,95.76,65.56
2025-12-28,IR,1.35,7458300000.0,60.21,,1.326,25.62,,,,,,,,,,,,,,,None,2341000000,2341000000,,,,,,None,None,,0.08,0.001,,,,0.13,-0.01,364400000,None,0.87,2015-12-31,22.17,,3261000000.0,984800000,308100000,73300000,,,None,56300000,None,,None,,,,,233500000,239400000,None,None,0.205,,625500000,359300000,,,,,5100000,,,,,1.076,3.173,4.331,,,,,,,,0.0731,,,2025-10-30,quarterly,0.86,USD,post-market,205900000,,0.0509,0.0538,0.051,18.61,625500000,,,,80.01,78.51,-1.1494,,,,,,,3325800000,,60.21,,95.76,65.56
2025-12-28,IR,1.35,7458300000.0,60.21,,1.326,25.62,,,,,,,,,,,,,,,None,2379400000,2379400000,,,,,,None,89733244,,0.08,0.001,,,,0.13,-0.01,475400000,565133244,0.87,2015-09-30,22.17,,3261000000.0,1107500000,431800000,113800000,,,None,55800000,None,,None,,,,,312900000,318000000,None,None,0.205,,632100000,475400000,,,,,12200000,,,,,1.076,3.173,4.331,,,,,,,,0.0731,,,2025-10-30,quarterly,0.86,USD,post-market,0,,0.0509,0.0538,0.051,18.61,632100000,,,,80.01,78.51,-1.1494,,,,,,,3486900000,,60.21,,95.76,65.56
2025-12-28,IR,1.35,7458300000.0,60.21,,1.326,25.62,,,,,,,,,,,,,,,None,2494500000,2494500000,,,,,,None,None,,0.08,0.001,,,,0.13,-0.01,474200000,None,0.87,2015-06-30,22.17,,3261000000.0,1105700000,418400000,334200000,,,None,55800000,None,,None,,,,,78900000,87000000,None,None,0.205,,653500000,452200000,,,,,22000000,,,,,1.076,3.173,4.331,,,,,,,,0.0731,,,2025-10-30,quarterly,0.86,USD,post-market,0,,0.0509,0.0538,0.051,18.61,653500000,,,,80.01,78.51,-1.1494,,,,,,,3600200000,,60.21,,95.76,65.56
2025-12-28,IR,1.35,7458300000.0,60.21,,1.326,25.62,,,,,,,,,,,,,,,None,2086700000,2086700000,,,,,,None,None,,0.08,0.001,,,,0.13,-0.01,144700000,None,0.87,2015-03-31,22.17,,3261000000.0,801100000,89600000,31200000,,,None,55100000,None,,None,,,,,51300000,62700000,None,None,0.205,,630000000,171100000,,,,,-26400000,,,,,1.076,3.173,4.331,,,,,,,,0.0731,,,2025-10-30,quarterly,0.86,USD,post-market,0,,0.0509,0.0538,0.051,18.61,630000000,,,,80.01,78.51,-1.1494,,,,,,,2887800000,,60.21,,95.76,65.56
2025-12-28,IR,1.35,7458300000.0,60.21,,1.326,25.62,,,,,,,,,,,,,,,None,2261100000,2261100000,,,,,,None,None,,0.08,0.001,,,,0.13,-0.01,356000000,None,0.87,2014-12-31,22.17,,3261000000.0,979500000,288000000,74500000,,,None,68000000,None,,None,,,,,255400000,216600000,None,None,0.205,,633100000,346400000,,,,,9600000,,,,,1.076,3.173,4.331,,,,,,,,0.0731,,,2025-10-30,quarterly,0.86,USD,post-market,212300000,,0.0509,0.0538,0.051,18.61,633100000,,,,80.01,78.51,-1.1494,,,,,,,3240600000,,60.21,,95.76,65.56
2025-12-28,IR,1.35,7458300000.0,60.21,,1.326,25.62,,,,,,,,,,,,,,,None,2327000000,2327000000,,,,,,None,-440000000,,0.08,0.001,,,,0.13,-0.01,392400000,-47600000,0.87,2014-09-30,22.17,,3261000000.0,1058000000,397300000,94100000,,,None,52300000,None,,None,,,,,298300000,303200000,None,None,0.205,,618000000,440000000,,,,,9600000,,,,,1.076,3.173,4.331,,,,,,,,0.0731,,,2025-10-30,quarterly,0.86,USD,post-market,0,,0.0509,0.0538,0.051,18.61,618000000,,,,80.01,78.51,-1.1494,,,,,,,3385000000,,60.21,,95.76,65.56
2025-12-28,IR,1.35,7458300000.0,60.21,,1.326,25.62,,,,,,,,,,,,,,,None,2439900000,2439900000,,,,,,None,None,,0.08,0.001,,,,0.13,-0.01,471900000,None,0.87,2014-06-30,22.17,,3261000000.0,1103000000,418900000,108000000,,,None,53000000,None,,None,,,,,306000000,315200000,None,None,0.205,,639700000,463300000,,,,,8600000,,,,,1.076,3.173,4.331,,,,,,,,0.0731,,,2025-10-30,quarterly,0.86,USD,post-market,0,,0.0509,0.0538,0.051,18.61,639700000,,,,80.01,78.51,-1.1494,,,,,,,3542900000,,60.21,,95.76,65.56
2025-12-28,IR,1.35,7458300000.0,60.21,,1.326,25.62,,,,,,,,,,,,,,,None,1954800000,1954800000,,,,,,None,None,,0.08,0.001,,,,0.13,-0.01,157200000,None,0.87,2014-03-31,22.17,,3261000000.0,768100000,105200000,30400000,,,None,52000000,None,,None,,,,,79000000,80700000,None,None,0.205,,613100000,155000000,,,,,2200000,,,,,1.076,3.173,4.331,,,,,,,,0.0731,,,2025-10-30,quarterly,0.86,USD,post-market,0,,0.0509,0.0538,0.051,18.61,613100000,,,,80.01,78.51,-1.1494,,,,,,,2722900000,,60.21,,95.76,65.56
2025-12-28,IR,1.35,7458300000.0,60.21,,1.326,25.62,,,,,,,,,,,,,,,None,1299900000,1299900000,,,,,,None,None,,0.08,0.001,,,,0.13,-0.01,58000000,None,0.87,2013-12-31,22.17,,3261000000.0,256000000,6000000,5500000,,,None,505600000,None,,None,,,,,47700000,36300000,None,None,0.205,,204100000,51900000,,,,,6100000,,,,,1.076,3.173,4.331,,,,,,,,0.0731,,,2025-10-30,quarterly,0.86,USD,post-market,218200000,,0.0509,0.0538,0.051,18.61,315500000,,,,80.01,78.51,-1.1494,,,,,,,1555900000,,60.21,,95.76,65.56
2025-12-28,IR,1.35,7458300000.0,60.21,,1.326,25.62,,,,,,,,,,,,,,,None,2504700000,2504700000,,,,,,None,None,,0.08,0.001,,,,0.13,-0.01,382600000,None,0.87,2013-09-30,22.17,,3261000000.0,1244800000,282700000,115900000,,,None,103400000,None,,None,,,,,165900000,183400000,None,None,0.205,,868200000,388800000,,,,,6000000,,,,,1.076,3.173,4.331,,,,,,,,0.0731,,,2025-10-30,quarterly,0.86,USD,post-market,0,,0.0509,0.0538,0.051,18.61,756800000,,,,80.01,78.51,-1.1494,,,,,,,3749500000,,60.21,,95.76,65.56
2025-12-28,IR,1.35,7458300000.0,60.21,,1.326,25.62,,,,,,,,,,,,,,,None,2678800000,2678800000,,,,,,None,None,,0.08,0.001,,,,0.13,-0.01,481300000,None,0.87,2013-06-30,22.17,,3261000000.0,1253900000,418900000,98200000,,,None,62400000,None,,None,,,,,317200000,319100000,None,None,0.205,,770900000,483000000,,,,,-1700000,,,,,1.076,3.173,4.331,,,,,,,,0.0731,,,2025-10-30,quarterly,0.86,USD,post-market,0,,0.0509,0.0538,0.051,18.61,770900000,,,,80.01,78.51,-1.1494,,,,,,,3932700000,,60.21,,95.76,65.56
2025-12-28,IR,1.35,7458300000.0,60.21,,1.326,25.62,,,,,,,,,,,,,,,None,339595000,339595000,,,,,,None,14896000,,0.08,0.001,,,,0.13,-0.01,71461000,86357000,0.87,2013-03-31,22.17,,3261000000.0,173946000,62008000,16122000,,,None,61000000,None,,None,,,,,45683000,101800000,None,None,0.205,,109261000,71461000,,,,,-7000000,,,,,1.076,3.173,4.331,,,,,,,,0.0731,,,2025-10-30,quarterly,0.86,USD,post-market,0,,0.0509,0.0538,0.051,18.61,726800000,,,,80.01,78.51,-1.1494,,,,,,,513541000,,60.21,,95.76,65.56
2025-12-28,IR,1.35,7458300000.0,60.21,,1.326,25.62,,,,,,,,,,,,,,,None,387643000,387643000,,,,,,None,14923000,,0.08,0.001,,,,0.13,-0.01,104679000,119602000,0.87,2012-12-31,22.17,,3261000000.0,202028000,93391000,23987000,,,None,61400000,None,,None,,,,,69064000,240900000,None,None,0.205,,105471000,104679000,,,,,3700000,,,,,1.076,3.173,4.331,,,,,,,,0.0731,,,2025-10-30,quarterly,0.86,USD,post-market,39500000,,0.0509,0.0538,0.051,18.61,692200000,,,,80.01,78.51,-1.1494,,,,,,,589671000,,60.21,,95.76,65.56
2025-12-28,IR,1.35,7458300000.0,60.21,,1.326,25.62,,,,,,,,,,,,,,,None,360562000,360562000,,,,,,None,14358000,,0.08,0.001,,,,0.13,-0.01,89106000,103464000,0.87,2012-09-30,22.17,,3261000000.0,187922000,86565000,22194000,,,None,3739000,None,,None,,,,,64103000,339300000,None,None,0.205,,97618000,89106000,,,,,17400000,,,,,1.076,3.173,4.331,,,,,,,,0.0731,,,2025-10-30,quarterly,0.86,USD,post-market,0,,0.0509,0.0538,0.051,18.61,690600000,,,,80.01,78.51,-1.1494,,,,,,,548484000,,60.21,,95.76,65.56
2025-12-28,IR,1.35,7458300000.0,60.21,,1.326,25.62,,,,,,,,,,,,,,,None,2644000000,2644000000,,,,,,None,None,,0.08,0.001,,,,0.13,-0.01,482000000,None,0.87,2012-06-30,22.17,,3261000000.0,1177300000,419900000,7100000,,,None,62100000,None,,None,,,,,365800000,365100000,None,None,0.205,,699400000,477900000,,,,,4100000,,,,,1.076,3.173,4.331,,,,,,,,0.0731,,,2025-10-30,quarterly,0.86,USD,post-market,0,,0.0509,0.0538,0.051,18.61,703600000,,,,80.01,78.51,-1.1494,,,,,,,3821300000,,60.21,,95.76,65.56
2025-12-28,IR,1.35,7458300000.0,60.21,,1.326,25.62,,,,,,,,,,,,,,,None,2249400000,2249400000,,,,,,None,None,,0.08,0.001,,,,0.13,-0.01,211800000,None,0.87,2012-03-31,22.17,,3261000000.0,901300000,142400000,6600000,,,None,69400000,None,,None,,,,,95600000,104400000,None,None,0.205,,689300000,212000000,,,,,-200000,,,,,1.076,3.173,4.331,,,,,,,,0.0731,,,2025-10-30,quarterly,0.86,USD,post-market,0,,0.0509,0.0538,0.051,18.61,689600000,,,,80.01,78.51,-1.1494,,,,,,,3150700000,,60.21,,95.76,65.56
2025-12-28,IR,1.35,7458300000.0,60.21,,1.326,25.62,,,,,,,,,,,,,,,None,2763600000,2763600000,,,,,,None,None,,0.08,0.001,,,,0.13,-0.01,-24700000,None,0.87,2011-12-31,22.17,,3261000000.0,1059700000,-95100000,18200000,,,None,70400000,None,,None,,,,,242300000,-117700000,None,None,0.205,,1086500000,-26800000,,,,,2100000,,,,,1.076,3.173,4.331,,,,,,,,0.0731,,,2025-10-30,quarterly,0.86,USD,post-market,257300000,,0.0509,0.0538,0.051,18.61,704400000,,,,80.01,78.51,-1.1494,,,,,,,3823300000,,60.21,,95.76,65.56
2025-12-28,IR,1.35,7458300000.0,60.21,,1.326,25.62,,,,,,,,,,,,,,,None,2771800000,2771800000,,,,,,None,None,,0.08,0.001,,,,0.13,-0.01,201000000,None,0.87,2011-09-30,22.17,,3261000000.0,1156700000,131300000,28400000,,,None,69700000,None,,None,,,,,86200000,102100000,None,None,0.205,,977000000,179700000,,,,,21300000,,,,,1.076,3.173,4.331,,,,,,,,0.0731,,,2025-10-30,quarterly,0.86,USD,post-market,0,,0.0509,0.0538,0.051,18.61,712200000,,,,80.01,78.51,-1.1494,,,,,,,3928500000,,60.21,,95.76,65.56
2025-12-28,IR,1.35,7458300000.0,60.21,,1.326,25.62,,,,,,,,,,,,,,,None,2708400000,2708400000,,,,,,None,None,,0.08,0.001,,,,0.13,-0.01,480000000,None,0.87,2011-06-30,22.17,,3261000000.0,1183800000,408400000,99800000,,,None,71600000,None,,None,,,,,92300000,314500000,None,None,0.205,,708300000,475500000,,,,,4500000,,,,,1.076,3.173,4.331,,,,,,,,0.0731,,,2025-10-30,quarterly,0.86,USD,post-market,0,,0.0509,0.0538,0.051,18.61,708300000,,,,80.01,78.51,-1.1494,,,,,,,3892200000,,60.21,,95.76,65.56
2025-12-28,IR,1.35,7458300000.0,60.21,,1.326,25.62,,,,,,,,,,,,,,,None,2249800000,2249800000,,,,,,None,None,,0.08,0.001,,,,0.13,-0.01,237000000,None,0.87,2011-03-31,22.17,,3261000000.0,888200000,168700000,41500000,,,None,68300000,None,,None,,,,,-77600000,127200000,None,None,0.205,,656300000,231900000,,,,,5100000,,,,,1.076,3.173,4.331,,,,,,,,0.0731,,,2025-10-30,quarterly,0.86,USD,post-market,0,,0.0509,0.0538,0.051,18.61,656300000,,,,80.01,78.51,-1.1494,,,,,,,3138000000,,60.21,,95.76,65.56
2025-12-28,IR,1.35,7458300000.0,60.21,,1.326,25.62,,,,,,,,,,,,,,,None,2678000000,2678000000,,,,,,None,None,,0.08,0.001,,,,0.13,-0.01,334600000,None,0.87,2010-12-31,22.17,,3261000000.0,1014000000,263900000,37800000,,,None,70700000,None,,None,,,,,212200000,226100000,None,None,0.205,,691200000,322800000,,,,,11800000,,,,,1.076,3.173,4.331,,,,,,,,0.0731,,,2025-10-30,quarterly,0.86,USD,post-market,244000000,,0.0509,0.0538,0.051,18.61,691200000,,,,80.01,78.51,-1.1494,,,,,,,3692000000,,60.21,,95.76,65.56
2025-12-28,IR,1.35,7458300000.0,60.21,,1.326,25.62,,,,,,,,,,,,,,,None,2651400000,2651400000,,,,,,None,None,,0.08,0.001,,,,0.13,-0.01,419400000,None,0.87,2010-09-30,22.17,,3261000000.0,1078900000,349200000,72100000,,,None,70200000,None,,None,,,,,232200000,277100000,None,None,0.205,,670700000,408200000,,,,,11200000,,,,,1.076,3.173,4.331,,,,,,,,0.0731,,,2025-10-30,quarterly,0.86,USD,post-market,0,,0.0509,0.0538,0.051,18.61,670700000,,,,80.01,78.51,-1.1494,,,,,,,3730300000,,60.21,,95.76,65.56
2025-12-28,IR,1.35,7458300000.0,60.21,,1.326,25.62,,,,,,,,,,,,,,,None,2655800000,2655800000,,,,,,None,None,,0.08,0.001,,,,0.13,-0.01,394200000,None,0.87,2010-06-30,22.17,,3261000000.0,1047600000,323100000,60900000,,,None,71100000,None,,None,,,,,196400000,262200000,None,None,0.205,,664600000,383000000,,,,,11200000,,,,,1.076,3.173,4.331,,,,,,,,0.0731,,,2025-10-30,quarterly,0.86,USD,post-market,0,,0.0509,0.0538,0.051,18.61,664600000,,,,80.01,78.51,-1.1494,,,,,,,3703400000,,60.21,,95.76,65.56
2025-12-28,IR,1.35,7458300000.0,60.21,,1.326,25.62,,,,,,,,,,,,,,,None,2173300000,2173300000,,,,,,None,None,,0.08,0.001,,,,0.13,-0.01,141600000,None,0.87,2010-03-31,22.17,,3261000000.0,780100000,70400000,54000000,,,None,71200000,None,,None,,,,,1400000,16400000,None,None,0.205,,646600000,133500000,,,,,8100000,,,,,1.076,3.173,4.331,,,,,,,,0.0731,,,2025-10-30,quarterly,0.86,USD,post-market,0,,0.0509,0.0538,0.051,18.61,646600000,,,,80.01,78.51,-1.1494,,,,,,,2953400000,,60.21,,95.76,65.56
2025-12-28,IR,1.35,7458300000.0,60.21,,1.326,25.62,,,,,,,,,,,,,,,None,2350100000,2350100000,,,,,,None,None,,0.08,0.001,,,,0.13,-0.01,0,None,0.87,2009-12-31,22.17,,3261000000.0,4027000000,153800000,17300000,,,None,76200000,None,,None,,,,,139400000,0,None,None,0.205,,0,276800000,,,,,None,,,,,1.076,3.173,4.331,,,,,,,,0.0731,,,2025-10-30,quarterly,0.86,USD,post-market,255000000,,0.0509,0.0538,0.051,18.61,654100000,,,,80.01,78.51,-1.1494,,,,,,,3281000000,,60.21,,95.76,65.56
2025-12-28,IR,1.35,7458300000.0,60.21,,1.326,25.62,,,,,,,,,,,,,,,None,2486600000,2486600000,,,,,,None,None,,0.08,0.001,,,,0.13,-0.01,318800000,None,0.87,2009-09-30,22.17,,3261000000.0,996100000,242300000,11400000,,,None,76500000,None,,None,,,,,216600000,230900000,None,None,0.205,,677800000,318300000,,,,,500000,,,,,1.076,3.173,4.331,,,,,,,,0.0731,,,2025-10-30,quarterly,0.86,USD,post-market,0,,0.0509,0.0538,0.051,18.61,677800000,,,,80.01,78.51,-1.1494,,,,,,,3482700000,,60.21,,95.76,65.56
2025-12-28,IR,1.35,7458300000.0,60.21,,1.326,25.62,,,,,,,,,,,,,,,None,2540400000,2540400000,,,,,,None,None,,0.08,0.001,,,,0.13,-0.01,254000000,None,0.87,2009-06-30,22.17,,3261000000.0,933400000,172100000,32800000,,,None,81900000,None,,None,,,,,122100000,139300000,None,None,0.205,,682800000,250600000,,,,,3400000,,,,,1.076,3.173,4.331,,,,,,,,0.0731,,,2025-10-30,quarterly,0.86,USD,post-market,0,,0.0509,0.0538,0.051,18.61,682800000,,,,80.01,78.51,-1.1494,,,,,,,3473800000,,60.21,,95.76,65.56
2025-12-28,IR,1.35,7458300000.0,60.21,,1.326,25.62,,,,,,,,,,,,,,,None,2184000000,2184000000,,,,,,None,None,,0.08,0.001,,,,0.13,-0.01,0,None,0.87,2009-03-31,22.17,,3261000000.0,0,5200000,12400000,,,None,67300000,None,,None,,,,,0,0,None,None,0.205,,0,70300000,,,,,None,,,,,1.076,3.173,4.331,,,,,,,,0.0731,,,2025-10-30,quarterly,0.86,USD,post-market,0,,0.0509,0.0538,0.051,18.61,663600000,,,,80.01,78.51,-1.1494,,,,,,,2917900000,,60.21,,95.76,65.56
2025-12-28,IR,1.35,7458300000.0,60.21,,1.326,25.62,,,,,,,,,,,,,,,None,2627400000,2627400000,,,,,,None,None,,0.08,0.001,,,,0.13,-0.01,0,None,0.87,2008-12-31,22.17,,3261000000.0,3963500000,-265500000,-26300000,,,None,89000000,None,,None,,,,,-227700000,0,None,None,0.205,,0,280800000,,,,,None,,,,,1.076,3.173,4.331,,,,,,,,0.0731,,,2025-10-30,quarterly,0.86,USD,post-market,131600000,,0.0509,0.0538,0.051,18.61,638600000,,,,80.01,78.51,-1.1494,,,,,,,3670100000,,60.21,,95.76,65.56
2025-12-28,IR,1.35,7458300000.0,60.21,,1.326,25.62,,,,,,,,,,,,,,,None,3005200000,3005200000,,,,,,None,None,,0.08,0.001,,,,0.13,-0.01,0,None,0.87,2008-09-30,22.17,,3261000000.0,0,265500000,26300000,,,None,83700000,None,,None,,,,,227700000,0,None,None,0.205,,0,469100000,,,,,None,,,,,1.076,3.173,4.331,,,,,,,,0.0731,,,2025-10-30,quarterly,0.86,USD,post-market,0,,0.0509,0.0538,0.051,18.61,636300000,,,,80.01,78.51,-1.1494,,,,,,,4313200000,,60.21,,95.76,65.56
2025-12-28,IR,1.35,7458300000.0,60.21,,1.326,25.62,,,,,,,,,,,,,,,None,2105500000,2105500000,,,,,,None,None,,0.08,0.001,,,,0.13,-0.01,0,None,0.87,2008-06-30,22.17,,3261000000.0,0,348700000,79700000,,,None,45200000,None,,None,,,,,256100000,0,None,None,0.205,,0,407300000,,,,,None,,,,,1.076,3.173,4.331,,,,,,,,0.0731,,,2025-10-30,quarterly,0.86,USD,post-market,0,,0.0509,0.0538,0.051,18.61,478900000,,,,80.01,78.51,-1.1494,,,,,,,3080800000,,60.21,,95.76,65.56
2025-12-28,IR,1.35,7458300000.0,60.21,,1.326,25.62,,,,,,,,,,,,,,,None,1500200000,1500200000,,,,,,None,None,,0.08,0.001,,,,0.13,-0.01,0,None,0.87,2008-03-31,22.17,,3261000000.0,0,262700000,47200000,,,None,27500000,None,,None,,,,,181600000,0,None,None,0.205,,0,250800000,,,,,None,,,,,1.076,3.173,4.331,,,,,,,,0.0731,,,2025-10-30,quarterly,0.86,USD,post-market,0,,0.0509,0.0538,0.051,18.61,374200000,,,,80.01,78.51,-1.1494,,,,,,,2163300000,,60.21,,95.76,65.56
2025-12-28,IR,1.35,7458300000.0,60.21,,1.326,25.62,,,,,,,,,,,,,,,None,1607900000,1607900000,,,,,,None,None,,0.08,0.001,,,,0.13,-0.01,0,None,0.87,2007-12-31,22.17,,3261000000.0,2653400000,280100000,106500000,,,None,36400000,None,,None,,,,,2518500000,0,None,None,0.205,,0,313200000,,,,,None,,,,,1.076,3.173,4.331,,,,,,,,0.0731,,,2025-10-30,quarterly,0.86,USD,post-market,128600000,,0.0509,0.0538,0.051,18.61,362400000,,,,80.01,78.51,-1.1494,,,,,,,2323300000,,60.21,,95.76,65.56
2025-12-28,IR,1.35,7458300000.0,60.21,,1.326,25.62,,,,,,,,,,,,,,,None,1565500000,1565500000,,,,,,None,None,,0.08,0.001,,,,0.13,-0.01,0,None,0.87,2007-09-30,22.17,,3261000000.0,0,239900000,37800000,,,None,33300000,None,,None,,,,,266600000,0,None,None,0.205,,0,290600000,,,,,None,,,,,1.076,3.173,4.331,,,,,,,,0.0731,,,2025-10-30,quarterly,0.86,USD,post-market,0,,0.0509,0.0538,0.051,18.61,354500000,,,,80.01,78.51,-1.1494,,,,,,,2239000000,,60.21,,95.76,65.56
2025-12-28,IR,1.35,7458300000.0,60.21,,1.326,25.62,,,,,,,,,,,,,,,None,1555000000,1555000000,,,,,,None,None,,0.08,0.001,,,,0.13,-0.01,0,None,0.87,2007-06-30,22.17,,3261000000.0,0,255800000,43900000,,,None,30800000,None,,None,,,,,964100000,0,None,None,0.205,,0,274100000,,,,,None,,,,,1.076,3.173,4.331,,,,,,,,0.0731,,,2025-10-30,quarterly,0.86,USD,post-market,0,,0.0509,0.0538,0.051,18.61,360900000,,,,80.01,78.51,-1.1494,,,,,,,2224600000,,60.21,,95.76,65.56
2025-12-28,IR,1.35,7458300000.0,60.21,,1.326,25.62,,,,,,,,,,,,,,,None,1380000000,1380000000,,,,,,None,None,,0.08,0.001,,,,0.13,-0.01,0,None,0.87,2007-03-31,22.17,,3261000000.0,0,176000000,16200000,,,None,35700000,None,,None,,,,,217500000,0,None,None,0.205,,0,208600000,,,,,None,,,,,1.076,3.173,4.331,,,,,,,,0.0731,,,2025-10-30,quarterly,0.86,USD,post-market,0,,0.0509,0.0538,0.051,18.61,351600000,,,,80.01,78.51,-1.1494,,,,,,,1976200000,,60.21,,95.76,65.56
2025-12-28,IR,1.35,7458300000.0,60.21,,1.326,25.62,,,,,,,,,,,,,,,None,1504500000,1504500000,,,,,,None,None,,0.08,0.001,,,,0.13,-0.01,0,None,0.87,2006-12-31,22.17,,3261000000.0,3174500000,238200000,28100000,,,None,36000000,None,,None,,,,,221900000,0,None,None,0.205,,0,279100000,,,,,None,,,,,1.076,3.173,4.331,,,,,,,,0.0731,,,2025-10-30,quarterly,0.86,USD,post-market,126700000,,0.0509,0.0538,0.051,18.61,324600000,,,,80.01,78.51,-1.1494,,,,,,,2143000000,,60.21,,95.76,65.56
2025-12-28,IR,1.35,7458300000.0,60.21,,1.326,25.62,,,,,,,,,,,,,,,None,1426800000,1426800000,,,,,,None,None,,0.08,0.001,,,,0.13,-0.01,0,None,0.87,2006-09-30,22.17,,3261000000.0,0,234900000,34600000,,,None,31600000,None,,None,,,,,243900000,0,None,None,0.205,,0,269000000,,,,,None,,,,,1.076,3.173,4.331,,,,,,,,0.0731,,,2025-10-30,quarterly,0.86,USD,post-market,0,,0.0509,0.0538,0.051,18.61,303700000,,,,80.01,78.51,-1.1494,,,,,,,2038000000,,60.21,,95.76,65.56
2025-12-28,IR,1.35,7458300000.0,60.21,,1.326,25.62,,,,,,,,,,,,,,,None,2688300000,2688300000,,,,,,None,None,,0.08,0.001,,,,0.13,-0.01,0,None,0.87,2006-06-30,22.17,,3261000000.0,0,215500000,18400000,,,None,30800000,None,,None,,,,,313500000,0,None,None,0.205,,0,450400000,,,,,None,,,,,1.076,3.173,4.331,,,,,,,,0.0731,,,2025-10-30,quarterly,0.86,USD,post-market,0,,0.0509,0.0538,0.051,18.61,332400000,,,,80.01,78.51,-1.1494,,,,,,,2048000000,,60.21,,95.76,65.56
2025-12-28,IR,1.35,7458300000.0,60.21,,1.326,25.62,,,,,,,,,,,,,,,None,0,0,,,,,,None,None,,0.08,0.001,,,,0.13,-0.01,0,None,0.87,2006-03-31,22.17,,3261000000.0,0,169000000,11500000,,,None,35200000,None,,None,,,,,253200000,0,None,None,0.205,,0,0,,,,,None,,,,,1.076,3.173,4.331,,,,,,,,0.0731,,,2025-10-30,quarterly,0.86,USD,post-market,0,,0.0509,0.0538,0.051,18.61,306100000,,,,80.01,78.51,-1.1494,,,,,,,1804700000,,60.21,,95.76,65.56
2025-12-28,IR,1.35,7458300000.0,60.21,,1.326,25.62,,,,,,,,,,,,,,,None,1942100000,1942100000,,,,,,None,None,,0.08,0.001,,,,0.13,-0.01,0,None,0.87,2005-12-31,22.17,,3261000000.0,2968800000,324500000,51600000,,,None,34500000,None,,None,,,,,291500000,0,None,None,0.205,,0,345700000,,,,,None,,,,,1.076,3.173,4.331,,,,,,,,0.0731,,,2025-10-30,quarterly,0.86,USD,post-market,162400000,,0.0509,0.0538,0.051,18.61,373900000,,,,80.01,78.51,-1.1494,,,,,,,2713300000,,60.21,,95.76,65.56
2025-12-28,IR,1.35,7458300000.0,60.21,,1.326,25.62,,,,,,,,,,,,,,,None,1874500000,1874500000,,,,,,None,None,,0.08,0.001,,,,0.13,-0.01,0,None,0.87,2005-09-30,22.17,,3261000000.0,0,314100000,58000000,,,None,35600000,None,,None,,,,,254200000,0,None,None,0.205,,0,340100000,,,,,None,,,,,1.076,3.173,4.331,,,,,,,,0.0731,,,2025-10-30,quarterly,0.86,USD,post-market,0,,0.0509,0.0538,0.051,18.61,354600000,,,,80.01,78.51,-1.1494,,,,,,,2615300000,,60.21,,95.76,65.56
2025-12-28,IR,1.35,7458300000.0,60.21,,1.326,25.62,,,,,,,,,,,,,,,None,4065000000,4065000000,,,,,,None,482000000,,0.08,0.001,,,,0.13,-0.01,1346000000,1828000000,0.87,2024-12-31,22.17,,3261000000.0,3170000000,1108800000,262500000,,,None,213200000,213200000,,None,,,,,838600000,846300000,-213200000,None,0.205,,1869900000,1300100000,,,,,None,,,,,1.076,3.173,4.331,,,,,,,,0.0731,,,2025-10-30,annual,0.86,USD,post-market,116600000,,0.0509,0.0538,0.051,18.61,1344400000,,,,80.01,78.51,-1.1494,,,,,,,7235000000,,60.21,,95.76,65.56
2025-12-28,IR,1.35,7458300000.0,60.21,,1.326,25.62,,,,,,,,,,,,,,,None,3993900000,3993900000,,,,,,None,459100000,,0.08,0.001,,,,0.13,-0.01,1187800000,1646900000,0.87,2023-12-31,22.17,,3261000000.0,2882200000,1025100000,240000000,,,None,156700000,156700000,,None,,,,,778700000,785100000,-156700000,None,0.205,,1717900000,1164300000,,,,,None,,,,,1.076,3.173,4.331,,,,,,,,0.0731,,,2025-10-30,annual,0.86,USD,post-market,108000000,,0.0509,0.0538,0.051,18.61,961600000,,,,80.01,78.51,-1.1494,,,,,,,6876100000,,60.21,,95.76,65.56
2025-12-28,IR,1.35,7458300000.0,60.21,,1.326,25.62,,,,,,,,,,,,,,,None,3590700000,3590700000,,,,,,None,432800000,,0.08,0.001,,,,0.13,-0.01,845400000,1278200000,0.87,2022-12-31,22.17,,3261000000.0,2325600000,742200000,149600000,,,None,103200000,103200000,,None,,,,,604700000,1796200000,-103200000,None,0.205,,1508300000,817300000,,,,,-23300000,,,,,1.076,3.173,4.331,,,,,,,,0.0731,,,2025-10-30,annual,0.86,USD,post-market,91000000,,0.0509,0.0538,0.051,18.61,2545900000,,,,80.01,78.51,-1.1494,,,,,,,5916300000,,60.21,,95.76,65.56
2025-12-28,IR,1.35,7458300000.0,60.21,,1.326,25.62,,,,,,,,,,,,,,,None,3163900000,3163900000,,,,,,None,422100000,,0.08,0.001,,,,0.13,-0.01,600700000,1022800000,0.87,2021-12-31,22.17,,3261000000.0,1988500000,501600000,-21800000,,,None,87700000,87700000,,None,,,,,562500000,1457200000,-87700000,None,0.205,,1422800000,565700000,,,,,1100000,,,,,1.076,3.173,4.331,,,,,,,,0.0731,,,2025-10-30,annual,0.86,USD,post-market,74000000,,0.0509,0.0538,0.051,18.61,2446300000,,,,80.01,78.51,-1.1494,,,,,,,5152400000,,60.21,,95.76,65.56
2025-12-28,IR,1.35,7458300000.0,60.21,,1.326,25.62,,,,,,,,,,,,,,,None,2568300000,2568300000,,,,,,None,412500000,,0.08,0.001,,,,0.13,-0.01,65700000,478200000,0.87,2020-12-31,22.17,,3261000000.0,1404900000,-43800000,13000000,,,None,111100000,111100000,,None,,,,,-33299999,991400000,-111100000,None,0.205,,1345300000,59600000,,,,,4100000,,,,,1.076,3.173,4.331,,,,,,,,0.0731,,,2025-10-30,annual,0.86,USD,post-market,58000000,,0.0509,0.0538,0.051,18.61,2270600000,,,,80.01,78.51,-1.1494,,,,,,,3973200000,,60.21,,95.76,65.56
2025-12-28,IR,1.35,7458300000.0,60.21,,1.326,25.62,,,,,,,,,,,,,,,None,1239200000,1239200000,,,,,,None,146500000,,0.08,0.001,,,,0.13,-0.01,198600000,345100000,0.87,2019-12-31,22.17,,3261000000.0,778300000,129100000,31800000,,,None,88400000,88900000,,None,,,,,159100000,1387900000,-88900000,None,0.205,,584200000,194100000,,,,,-33000000,,,,,1.076,3.173,4.331,,,,,,,,0.0731,,,2025-10-30,annual,0.86,USD,post-market,25000000,,0.0509,0.0538,0.051,18.61,400000,,,,80.01,78.51,-1.1494,,,,,,,2017500000,,60.21,,95.76,65.56
2025-12-28,IR,1.35,7458300000.0,60.21,,1.326,25.62,,,,,,,,,,,,,,,None,1677300000,1677300000,,,,,,None,180400000,,0.08,0.001,,,,0.13,-0.01,449100000,629500000,0.87,2018-12-31,22.17,,3261000000.0,1012500000,349500000,80100000,,,None,99600000,99600000,,None,,,,,269400000,1379000000,-99600000,None,0.205,,569500000,443000000,,,,,-36400000,,,,,1.076,3.173,4.331,,,,,,,,0.0731,,,2025-10-30,annual,0.86,USD,post-market,24000000,,0.0509,0.0538,0.051,18.61,2300000,,,,80.01,78.51,-1.1494,,,,,,,2689800000,,60.21,,95.76,65.56
2025-12-28,IR,1.35,7458300000.0,60.21,,1.326,25.62,,,,,,,,,,,,,,,None,1477500000,1477500000,,,,,,None,173800000,,0.08,0.001,,,,0.13,-0.01,28000000,201800000,0.87,2017-12-31,22.17,,3261000000.0,897900000,-112700000,-131200000,,,None,140700000,140700000,,None,,,,,18400000,1337700000,-140700000,None,0.205,,788800000,109100000,,,,,-31600000,,,,,1.076,3.173,4.331,,,,,,,,0.0731,,,2025-10-30,annual,0.86,USD,post-market,26000000,,0.0509,0.0538,0.051,18.61,194200000,,,,80.01,78.51,-1.1494,,,,,,,2375400000,,60.21,,95.76,65.56
2025-12-28,IR,1.35,7458300000.0,60.21,,1.326,25.62,,,,,,,,,,,,,,,None,1222700000,1222700000,,,,,,None,172700000,,0.08,0.001,,,,0.13,-0.01,107100000,279800000,0.87,2016-12-31,22.17,,3261000000.0,716700000,-63200000,-31860000,,,None,170338000,170338000,,None,,,,,-36620000,1459800000,-170338000,None,0.205,,613200000,103500000,,,,,389700000,,,,,1.076,3.173,4.331,,,,,,,,0.0731,,,2025-10-30,annual,0.86,USD,post-market,22000000,,0.0509,0.0538,0.051,18.61,2606500000,,,,80.01,78.51,-1.1494,,,,,,,1939400000,,60.21,,95.76,65.56
2025-12-28,IR,1.35,7458300000.0,60.21,,1.326,25.62,,,,,,,,,,,,,,,None,1347800000,1347800000,,,,,,None,163000000,,0.08,0.001,,,,0.13,-0.01,-203800000,-40800000,0.87,2015-12-31,22.17,,3261000000.0,779100000,-366700000,-14700000,,,None,162900000,162861000,,None,,,,,-351200000,707100000,None,None,0.205,,984500000,-205400000,,,,,12900000,,,,,1.076,3.173,4.331,,,,,,,,0.0731,,,2025-10-30,annual,0.86,USD,post-market,26000000,,0.0509,0.0538,0.051,18.61,2541100000,,,,80.01,78.51,-1.1494,,,,,,,2126900000,,60.21,,95.76,65.56
2025-12-28,IR,1.35,7458300000.0,60.21,,1.326,25.62,,,,,,,,,,,,,,,None,1633224000,1633224000,,,,,,None,160350000,,0.08,0.001,,,,0.13,-0.01,51447000,211797000,0.87,2014-12-31,22.17,,3261000000.0,936781000,-112929000,22996000,,,None,164376000,None,,None,,,,,-135023000,915700000,None,None,0.205,,888548000,48233000,,,,,30000000,,,,,1.076,3.173,4.331,,,,,,,,0.0731,,,2025-10-30,annual,0.86,USD,post-market,26000000,,0.0509,0.0538,0.051,18.61,2503900000,,,,80.01,78.51,-1.1494,,,,,,,2570005000,,60.21,,95.76,65.56
2025-12-28,IR,1.35,7458300000.0,60.21,,1.326,25.62,,,,,,,,,,,,,,,None,8675500000,8675500000,,,,,,None,None,,0.08,0.001,,,,0.13,-0.01,1108400000,None,0.87,2013-12-31,22.17,,3261000000.0,3675000000,829600000,227400000,,,None,0,None,,None,,,,,618800000,640600000,None,None,0.205,,2570000000,1105000000,,,,,3400000,,,,,1.076,3.173,4.331,,,,,,,,0.0731,,,2025-10-30,annual,0.86,USD,post-market,218200000,,0.0509,0.0538,0.051,18.61,2570000000,,,,80.01,78.51,-1.1494,,,,,,,12350500000,,60.21,,95.76,65.56
2025-12-28,IR,1.35,7458300000.0,60.21,,1.326,25.62,,,,,,,,,,,,,,,None,1547138000,1547138000,,,,,,None,63778000,,0.08,0.001,,,,0.13,-0.01,401108000,464886000,0.87,2012-12-31,22.17,,3261000000.0,808387000,361562000,97069000,,,None,0,None,,None,,,,,263266000,1049700000,None,None,0.205,,432119000,401108000,,,,,25000000,,,,,1.076,3.173,4.331,,,,,,,,0.0731,,,2025-10-30,annual,0.86,USD,post-market,39500000,,0.0509,0.0538,0.051,18.61,2776000000,,,,80.01,78.51,-1.1494,,,,,,,2355525000,,60.21,,95.76,65.56
2025-12-28,IR,1.35,7458300000.0,60.21,,1.326,25.62,,,,,,,,,,,,,,,None,10493600000,10493600000,,,,,,None,None,,0.08,0.001,,,,0.13,-0.01,893300000,None,0.87,2011-12-31,22.17,,3261000000.0,4288400000,613300000,187200000,,,None,0,None,,None,,,,,343200000,426100000,None,None,0.205,,3428100000,860300000,,,,,33000000,,,,,1.076,3.173,4.331,,,,,,,,0.0731,,,2025-10-30,annual,0.86,USD,post-market,257300000,,0.0509,0.0538,0.051,18.61,2781200000,,,,80.01,78.51,-1.1494,,,,,,,14782000000,,60.21,,95.76,65.56
2025-12-28,IR,1.35,7458300000.0,60.21,,1.326,25.62,,,,,,,,,,,,,,,None,10158500000,10158500000,,,,,,None,None,,0.08,0.001,,,,0.13,-0.01,1289800000,None,0.87,2010-12-31,22.17,,3261000000.0,3920600000,1006600000,224800000,,,None,0,None,,None,,,,,642200000,781800000,None,None,0.205,,2673100000,1247500000,,,,,42300000,,,,,1.076,3.173,4.331,,,,,,,,0.0731,,,2025-10-30,annual,0.86,USD,post-market,244000000,,0.0509,0.0538,0.051,18.61,2673100000,,,,80.01,78.51,-1.1494,,,,,,,14079100000,,60.21,,95.76,65.56
2025-12-28,IR,1.35,7458300000.0,60.21,,1.326,25.62,,,,,,,,,,,,,,,None,9645100000,9645100000,,,,,,None,None,,0.08,0.001,,,,0.13,-0.01,861300000,None,0.87,2009-12-31,22.17,,3261000000.0,3550200000,559100000,71300000,,,None,0,None,,None,,,,,451300000,487800000,None,None,0.205,,2708600000,841600000,,,,,19700000,,,,,1.076,3.173,4.331,,,,,,,,0.0731,,,2025-10-30,annual,0.86,USD,post-market,257400000,,0.0509,0.0538,0.051,18.61,2708600000,,,,80.01,78.51,-1.1494,,,,,,,13195300000,,60.21,,95.76,65.56
2025-12-28,IR,1.35,7458300000.0,60.21,,1.326,25.62,,,,,,,,,,,,,,,None,9263900000,9263900000,,,,,,None,None,,0.08,0.001,,,,0.13,-0.01,None,None,0.87,2008-12-31,22.17,,3261000000.0,3963500000,None,None,,,None,0,None,,None,,,,,None,None,None,None,0.205,,None,1408000000,,,,,None,,,,,1.076,3.173,4.331,,,,,,,,0.0731,,,2025-10-30,annual,0.86,USD,post-market,131600000,,0.0509,0.0538,0.051,18.61,2128000000,,,,80.01,78.51,-1.1494,,,,,,,13227400000,,60.21,,95.76,65.56
2025-12-28,IR,1.35,7458300000.0,60.21,,1.326,25.62,,,,,,,,,,,,,,,None,6109700000,6109700000,,,,,,None,None,,0.08,0.001,,,,0.13,-0.01,None,None,0.87,2007-12-31,22.17,,3261000000.0,2653400000,951800000,204400000,,,None,0,None,,None,,,,,3966700000,None,None,None,0.205,,None,1086500000,,,,,None,,,,,1.076,3.173,4.331,,,,,,,,0.0731,,,2025-10-30,annual,0.86,USD,post-market,128600000,,0.0509,0.0538,0.051,18.61,1429400000,,,,80.01,78.51,-1.1494,,,,,,,8763100000,,60.21,,95.76,65.56
2025-12-28,IR,1.35,7458300000.0,60.21,,1.326,25.62,,,,,,,,,,,,,,,None,8234800000,8234800000,,,,,,None,None,,0.08,0.001,,,,0.13,-0.01,None,None,0.87,2006-12-31,22.17,,3261000000.0,3174500000,1314900000,231700000,,,None,0,None,,None,,,,,1032500000,None,None,None,0.205,,None,1440800000,,,,,None,,,,,1.076,3.173,4.331,,,,,,,,0.0731,,,2025-10-30,annual,0.86,USD,post-market,175500000,,0.0509,0.0538,0.051,18.61,1544300000,,,,80.01,78.51,-1.1494,,,,,,,11409300000,,60.21,,95.76,65.56
2025-12-28,IR,1.35,7458300000.0,60.21,,1.326,25.62,,,,,,,,,,,,,,,None,7578100000,7578100000,,,,,,None,None,,0.08,0.001,,,,0.13,-0.01,None,None,0.87,2005-12-31,22.17,,3261000000.0,2968800000,1270500000,204700000,,,None,0,None,,None,,,,,1054200000,None,None,None,0.205,,None,1361800000,,,,,None,,,,,1.076,3.173,4.331,,,,,,,,0.0731,,,2025-10-30,annual,0.86,USD,post-market,162400000,,0.0509,0.0538,0.051,18.61,1441000000,,,,80.01,78.51,-1.1494,,,,,,,10546900000,,60.21,,95.76,65.56
2025-12-28,IR,1.35,7458300000.0,60.21,None,1.326,25.62,,64200000,1176600000,1176600000,,,,,,,,,4300000,400500000,None,7578100000,7578100000,831600000,None,1400000,1429300000,None,None,None,,0.08,0.001,,,,0.13,-0.01,None,None,0.87,2025-09-30,22.17,8414700000,3261000000.0,2968800000,1270500000,204700000,4319600000,4319600000,None,0,None,1257100000,None,None,4786700000,None,None,1054200000,None,None,None,0.205,,None,1361800000,300300000,686500000,None,461600000,None,,,,,1.076,3.173,4.331,,,,,,,,0.0731,,906600000,2025-10-30,quarterly,0.86,USD,post-market,162400000,2794800000,0.0509,0.0538,0.051,18.61,1441000000,4852300000,65599999,None,80.01,78.51,-1.1494,18190200000,4163300000,1925600000,8000500000,14026900000,6074900000,10546900000,10122500000,60.21,None,95.76,65.56
2025-12-28,IR,1.35,7458300000.0,60.21,None,1.326,25.62,,63400000,1310600000,1310600000,,,,,,,,,4300000,400500000,None,7578100000,7578100000,832800000,None,2000000,1387900000,None,None,None,,0.08,0.001,,,,0.13,-0.01,None,None,0.87,2025-06-30,22.17,8276600000,3261000000.0,2968800000,1270500000,204700000,4334600000,4334600000,None,0,None,1205600000,None,None,4781400000,None,None,1054200000,None,None,None,0.205,,None,1361800000,284300000,496300000,None,472400000,None,,,,,1.076,3.173,4.331,,,,,,,,0.0731,,879400000,2025-10-30,quarterly,0.86,USD,post-market,162400000,2558600000,0.0509,0.0538,0.051,18.61,1441000000,4846800000,65400000,None,80.01,78.51,-1.1494,18059100000,4188400000,1832400000,7901700000,13870700000,6069300000,10546900000,10087300000,60.21,None,95.76,65.56
2025-12-28,IR,1.35,7458300000.0,60.21,None,1.326,25.62,,62300000,1612800000,1612800000,,,,,,,,,4300000,407200000,None,7578100000,7578100000,780400000,None,1700000,1348300000,None,None,None,,0.08,0.001,,,,0.13,-0.01,None,None,0.87,2025-03-31,22.17,8339100000,3261000000.0,2968800000,1270500000,204700000,4360500000,4360500000,None,0,None,1133000000,None,None,4770400000,None,None,1054200000,None,None,None,0.205,,None,1361800000,257600000,653500000,None,329400000,None,,,,,1.076,3.173,4.331,,,,,,,,0.0731,,852900000,2025-10-30,quarterly,0.86,USD,post-market,162400000,2681900000,0.0509,0.0538,0.051,18.61,1441000000,4834400000,64000000,None,80.01,78.51,-1.1494,18379400000,4351700000,1826800000,7825700000,14027700000,5998900000,10546900000,10484800000,60.21,None,95.76,65.56
2025-12-28,IR,1.35,7458300000.0,60.21,None,1.326,25.62,,56300000,1541200000,1541200000,,,,,,,,,4300000,407050000,None,7578100000,7578100000,843600000,None,3100000,1335400000,None,None,None,,0.08,0.001,,,,0.13,-0.01,None,None,0.87,2024-12-31,22.17,8148100000,3261000000.0,2968800000,1270500000,204700000,4372800000,4372800000,None,0,None,1055000000,None,None,4754400000,None,None,1054200000,None,None,None,0.205,,None,1361800000,231900000,524800000,None,294300000,None,,,,,1.076,3.173,4.331,,,,,,,,0.0731,,842100000,2025-10-30,quarterly,0.86,USD,post-market,162400000,2503500000,0.0509,0.0538,0.051,18.61,1441000000,3100000,59400000,None,80.01,78.51,-1.1494,18009800000,4163500000,1818900000,7764500000,13846300000,5945600000,10546900000,10179000000,60.21,None,95.76,65.56
2025-12-28,IR,1.35,7458300000.0,60.21,None,1.326,25.62,,55300000,1376900000,1376900000,,,,,,,,,4300000,406900000,None,7578100000,7578100000,743800000,None,2900000,1342200000,None,None,None,,0.08,0.001,,,,0.13,-0.01,None,None,0.87,2024-09-30,22.17,8206200000,3261000000.0,2968800000,1270500000,204700000,4445800000,4445800000,None,0,None,1162500000,None,None,4782500000,None,None,1054200000,None,None,None,0.205,,None,1361800000,309600000,588700000,None,358100000,None,,,,,1.076,3.173,4.331,,,,,,,,0.0731,,853100000,2025-10-30,quarterly,0.86,USD,post-market,162400000,2281800000,0.0509,0.0538,0.051,18.61,1441000000,4840700000,58200000,None,80.01,78.51,-1.1494,18206200000,4191200000,1775600000,7872000000,14015000000,6096400000,10546900000,10267600000,60.21,None,95.76,65.56
2025-12-28,IR,1.35,7458300000.0,60.21,None,1.326,25.62,,47100000,1062500000,1062500000,,,,,,,,,4300000,407400000,None,7578100000,7578100000,748500000,None,4500000,1301400000,None,None,None,,0.08,0.001,,,,0.13,-0.01,None,None,0.87,2024-06-30,22.17,8217100000,3261000000.0,2968800000,1270500000,204700000,4478200000,4478200000,None,0,None,1160000000,None,None,4750900000,None,None,1054200000,None,None,None,0.205,,None,1361800000,319300000,582500000,None,309700000,None,,,,,1.076,3.173,4.331,,,,,,,,0.0731,,None,2025-10-30,quarterly,0.86,USD,post-market,162400000,2068300000,0.0509,0.0538,0.051,18.61,1441000000,4802500000,51600000,10600000,80.01,78.51,-1.1494,17838500000,3843200000,1764600000,7814300000,13995300000,6049700000,10546900000,9958200000,60.21,None,95.76,65.56
2025-12-28,IR,1.35,7458300000.0,60.21,None,1.326,25.62,,42500000,1452300000,1452300000,,,,,,,,,4300000,408200000,None,7578100000,7578100000,694000000,None,31300000,1245200000,None,None,None,,0.08,0.001,,,,0.13,-0.01,None,None,0.87,2024-03-31,22.17,6609900000,3261000000.0,2968800000,1270500000,204700000,3589600000,3589600000,None,0,None,1051800000,None,None,2687000000,None,None,1054200000,None,None,None,0.205,,None,1361800000,257500000,535800000,None,424000000,None,,,,,1.076,3.173,4.331,,,,,,,,0.0731,,None,2025-10-30,quarterly,0.86,USD,post-market,162400000,1891300000,0.0509,0.0538,0.051,18.61,1441000000,2760800000,73800000,26200000,80.01,78.51,-1.1494,15529000000,4006800000,1724600000,5609300000,11522200000,3884700000,10546900000,9855300000,60.21,None,95.76,65.56
2025-12-28,IR,1.35,7458300000.0,60.21,None,1.326,25.62,,41600000,1595500000,1595500000,,,,,,,,,4300000,408200000,None,7578100000,7578100000,801200000,None,30600000,1234200000,None,None,None,,0.08,0.001,,,,0.13,-0.01,None,None,0.87,2023-12-31,22.17,6609700000,3261000000.0,2968800000,1270500000,204700000,3611100000,3611100000,None,0,None,1001100000,None,None,2693000000,None,None,1054200000,None,None,None,0.205,,None,1361800000,219600000,544300000,None,433900000,None,,,,,1.076,3.173,4.331,,,,,,,,0.0731,,None,2025-10-30,quarterly,0.86,USD,post-market,162400000,1697200000,0.0509,0.0538,0.051,18.61,1441000000,2882100000,72200000,23900000,80.01,78.51,-1.1494,15563500000,4050400000,1827300000,5716800000,11513100000,3889500000,10546900000,9783800000,60.21,None,95.76,65.56
2025-12-28,IR,1.35,7458300000.0,60.21,None,1.326,25.62,,40600000,1197500000,1197500000,,,,,,,,,4300000,408600000,None,7578100000,7578100000,663100000,None,33900000,1216100000,None,None,None,,0.08,0.001,,,,0.13,-0.01,None,None,0.87,2023-09-30,22.17,6489800000,3261000000.0,2968800000,1270500000,204700000,3673000000,3673000000,None,0,None,1082900000,None,None,2699300000,None,None,1054200000,None,None,None,0.205,,None,1361800000,236900000,479400000,None,405100000,None,,,,,1.076,3.173,4.331,,,,,,,,0.0731,,685800000,2025-10-30,quarterly,0.86,USD,post-market,162400000,1475500000,0.0509,0.0538,0.051,18.61,1441000000,2773800000,74500000,28200000,80.01,78.51,-1.1494,15154000000,3733400000,1654700000,5534200000,11420600000,3879500000,10546900000,9554000000,60.21,None,95.76,65.56
2025-12-28,IR,1.35,7458300000.0,60.21,None,1.326,25.62,,39800000,1178100000,1178100000,,,,,,,,,4300000,408300000,None,7578100000,7578100000,669200000,None,31300000,1219800000,None,None,None,,0.08,0.001,,,,0.13,-0.01,None,None,0.87,2023-06-30,22.17,6427200000,3261000000.0,2968800000,1270500000,204700000,3659800000,3659800000,None,0,None,1101300000,None,None,4476600000,None,None,1054200000,None,None,None,0.205,,None,1361800000,227800000,584400000,None,1865900000,None,,,,,1.076,3.173,4.331,,,,,,,,0.0731,,1654700000,2025-10-30,quarterly,0.86,USD,post-market,162400000,1275300000,0.0509,0.0538,0.051,18.61,1441000000,4507900000,31300000,39700000,80.01,78.51,-1.1494,15028600000,3727000000,1624100000,5548200000,11301600000,3924100000,10546900000,9414800000,60.21,-1719400000,95.76,65.56
2025-12-28,IR,1.35,7458300000.0,60.21,None,1.326,25.62,,41300000,1119300000,1119300000,,,,,,,,,4300000,409200000,None,7578100000,7578100000,730900000,None,33900000,1243600000,None,None,None,,0.08,0.001,,,,0.13,-0.01,None,None,0.87,2023-03-31,22.17,6385900000,3261000000.0,2968800000,1270500000,204700000,3739100000,3739100000,None,0,None,1122600000,None,None,4481800000,None,None,1054200000,None,None,None,0.205,,None,1361800000,186900000,584500000,None,1893600000,None,,,,,1.076,3.173,4.331,,,,,,,,0.0731,,1582300000,2025-10-30,quarterly,0.86,USD,post-market,162400000,1103900000,0.0509,0.0538,0.051,18.61,1441000000,4515700000,33900000,31500000,80.01,78.51,-1.1494,14995000000,3672400000,1700100000,5613300000,11322600000,3913200000,10546900000,9317300000,60.21,-1719400000,95.76,65.56
2025-12-28,IR,1.35,7458300000.0,60.21,None,1.326,25.62,,39600000,1613000000,1613000000,,,,,,,,,4300000,409300000,None,7578100000,7578100000,778700000,None,36500000,1122000000,None,None,None,,0.08,0.001,,,,0.13,-0.01,None,None,0.87,2022-12-31,22.17,6064200000,3261000000.0,2968800000,1270500000,204700000,3578600000,3578600000,None,0,None,1025400000,None,None,3788300000,None,None,1054200000,None,None,None,0.205,,None,1361800000,206900000,553200000,None,1821200000,None,,,,,1.076,3.173,4.331,,,,,,,,0.0731,,1536100000,2025-10-30,quarterly,0.86,USD,post-market,162400000,950900000,0.0509,0.0538,0.051,18.61,1441000000,3824800000,36500000,34800000,80.01,78.51,-1.1494,14765900000,3967300000,1674000000,5508700000,10798600000,3834700000,10546900000,9195800000,60.21,-1719400000,95.76,65.56
2025-12-28,IR,1.35,7458300000.0,60.21,None,1.326,25.62,,38500000,1459500000,1459500000,,,,,,,,,4300000,408500000,None,7578100000,7578100000,698900000,None,32800000,1032300000,None,None,None,,0.08,0.001,,,,0.13,-0.01,None,None,0.87,2022-09-30,22.17,5789000000,3261000000.0,2968800000,1270500000,204700000,3533600000,3533600000,None,0,None,1012500000,None,None,3787500000,None,None,1054200000,None,None,None,0.205,,None,1361800000,240500000,491600000,None,1899300000,None,,,,,1.076,3.173,4.331,,,,,,,,0.0731,,1432100000,2025-10-30,quarterly,0.86,USD,post-market,162400000,741600000,0.0509,0.0538,0.051,18.61,1441000000,3820300000,32800000,30800000,80.01,78.51,-1.1494,14225600000,3744800000,1523000000,5410600000,10480800000,3887600000,10546900000,8750900000,60.21,-1719400000,95.76,65.56
2025-12-28,IR,1.35,7458300000.0,60.21,None,1.326,25.62,,38700000,1309200000,1309200000,,,,,,,,,4300000,409400000,None,7578100000,7578100000,700900000,None,31600000,1018500000,None,None,None,,0.08,0.001,,,,0.13,-0.01,None,None,0.87,2022-06-30,22.17,5872200000,3261000000.0,2968800000,1270500000,204700000,3676900000,3676900000,None,0,None,1013500000,None,None,3786700000,None,None,1054200000,None,None,None,0.205,,None,1361800000,204600000,462300000,None,1908000000,None,,,,,1.076,3.173,4.331,,,,,,,,0.0731,,1425900000,2025-10-30,quarterly,0.86,USD,post-market,162400000,604600000,0.0509,0.0538,0.051,18.61,1441000000,3818300000,31600000,22900000,80.01,78.51,-1.1494,14221400000,3554900000,1464800000,5377400000,10666500000,3912600000,10546900000,8776900000,60.21,-1719400000,95.76,65.56
2025-12-28,IR,1.35,7458300000.0,60.21,None,1.326,25.62,,35200000,1990200000,1990200000,,,,,,,,,4300000,413100000,None,7578100000,7578100000,701400000,None,40100000,1013900000,None,None,None,,0.08,0.001,,,,0.13,-0.01,None,None,0.87,2022-03-31,22.17,5981400000,3261000000.0,2968800000,1270500000,204700000,3816300000,3816300000,None,0,None,954900000,None,None,4492600000,None,None,1054200000,None,None,None,0.205,,None,1361800000,217500000,446900000,None,1946700000,None,,,,,1.076,3.173,4.331,,,,,,,,0.0731,,1422200000,2025-10-30,quarterly,0.86,USD,post-market,162400000,474100000,0.0509,0.0538,0.051,18.61,1441000000,4532700000,40100000,None,80.01,78.51,-1.1494,15104800000,4186000000,1453600000,6041500000,10918800000,4587900000,10546900000,8992200000,60.21,-1719400000,95.76,65.56
2025-12-28,IR,1.35,7458300000.0,60.21,None,1.326,25.62,,34900000,2109600000,2109600000,,,,,,,,,4300000,413400000,None,7578100000,7578100000,670500000,None,38800000,948600000,None,None,None,,0.08,0.001,,,,0.13,-0.01,None,None,0.87,2021-12-31,22.17,5981600000,3261000000.0,2968800000,1270500000,204700000,3912700000,3912700000,None,0,None,854200000,None,None,4491700000,None,None,1054200000,None,None,None,0.205,,None,1361800000,186900000,516300000,None,1961100000,None,,,,,1.076,3.173,4.331,,,,,,,,0.0731,,1398800000,2025-10-30,quarterly,0.86,USD,post-market,162400000,378600000,0.0509,0.0538,0.051,18.61,1441000000,4530500000,38800000,None,80.01,78.51,-1.1494,15154500000,4114900000,1467700000,6083300000,11039600000,4615600000,10546900000,9001500000,60.21,-1719400000,95.76,65.56
2025-12-28,IR,1.35,7458300000.0,60.21,None,1.326,25.62,,36700000,2033000000,2033000000,,,,,,,,,4200000,418500000,None,7578100000,7578100000,632900000,None,40100000,927000000,None,None,None,,0.08,0.001,,,,0.13,-0.01,None,None,0.87,2021-09-30,22.17,6100600000,3261000000.0,2968800000,1270500000,204700000,3695800000,3695800000,None,0,None,863600000,None,None,4490700000,None,None,1054200000,None,None,None,0.205,,None,1361800000,179300000,743300000,None,2311400000,None,,,,,1.076,3.173,4.331,,,,,,,,0.0731,,1336700000,2025-10-30,quarterly,0.86,USD,post-market,162400000,93800000,0.0509,0.0538,0.051,18.61,1441000000,4530800000,40100000,None,80.01,78.51,-1.1494,14922800000,4030900000,1632600000,6200000000,10891900000,4567400000,10546900000,8653600000,60.21,-1719400000,95.76,65.56
2025-12-28,IR,1.35,7458300000.0,60.21,None,1.326,25.62,,40200000,3669900000,3669900000,,,,,,,,,4200000,426800000,None,7578100000,7578100000,660800000,None,40700000,935800000,None,None,None,,0.08,0.001,,,,0.13,-0.01,None,None,0.87,2021-06-30,22.17,5637000000,3261000000.0,2968800000,1270500000,204700000,3725500000,3725500000,None,0,None,796800000,None,None,3823300000,None,None,1054200000,None,None,None,0.205,,None,1361800000,236200000,932300000,None,303800000,None,,,,,1.076,3.173,4.331,,,,,,,,0.0731,,607200000,2025-10-30,quarterly,0.86,USD,post-market,162400000,-32200000,0.0509,0.0538,0.051,18.61,1441000000,4530500000,40700000,None,80.01,78.51,-1.1494,16176700000,5712400000,1823000000,6830300000,10464300000,5007300000,10546900000,9277900000,60.21,-34600000,95.76,65.56
2025-12-28,IR,1.35,7458300000.0,60.21,None,1.326,25.62,,47600000,1639600000,1639600000,,,,,,,,,4200000,425900000,None,7578100000,7578100000,674200000,None,40600000,978100000,None,None,None,,0.08,0.001,,,,0.13,-0.01,None,None,0.87,2021-03-31,22.17,6154900000,3261000000.0,2968800000,1270500000,204700000,4499100000,4499100000,None,0,None,832500000,None,None,3823200000,None,None,1054200000,None,None,None,0.205,,None,1361800000,199300000,632600000,None,339000000,None,,,,,1.076,3.173,4.331,,,,,,,,0.0731,,713600000,2025-10-30,quarterly,0.86,USD,post-market,162400000,-266100000,0.0509,0.0538,0.051,18.61,1441000000,4536900000,40600000,None,80.01,78.51,-1.1494,15861900000,4153900000,1536300000,6836200000,11708000000,5299900000,10546900000,8956700000,60.21,-1719400000,95.76,65.56
2025-12-28,IR,1.35,7458300000.0,60.21,None,1.326,25.62,,57400000,1750900000,1750900000,,,,,,,,,4200000,424500000,None,7578100000,7578100000,671100000,None,40400000,966600000,None,None,None,,0.08,0.001,,,,0.13,-0.01,None,None,0.87,2020-12-31,22.17,6303600000,3261000000.0,2968800000,1270500000,204700000,4732600000,4732600000,None,0,None,943600000,None,None,4496500000,None,None,1054200000,None,None,None,0.205,,None,1361800000,201000000,614300000,None,2315700000,None,,,,,1.076,3.173,4.331,,,,,,,,0.0731,,1349500000,2025-10-30,quarterly,0.86,USD,post-market,162400000,-175700000,0.0509,0.0538,0.051,18.61,1441000000,4536900000,40400000,None,80.01,78.51,-1.1494,16058600000,3862100000,1498600000,6869100000,12196500000,5370500000,10546900000,9119700000,60.21,-1719400000,95.76,65.56
2025-12-28,IR,1.35,7458300000.0,60.21,None,1.326,25.62,,51200000,1313300000,1313300000,,,,,,,,,4200000,422000000,None,7578100000,7578100000,624700000,None,40100000,934600000,None,None,None,,0.08,0.001,,,,0.13,-0.01,None,None,0.87,2020-09-30,22.17,6205700000,3261000000.0,2968800000,1270500000,204700000,4783900000,4783900000,None,0,None,1007400000,None,None,4494200000,None,None,1054200000,None,None,None,0.205,,None,1361800000,204500000,595700000,None,2258600000,None,,,,,1.076,3.173,4.331,,,,,,,,0.0731,,1314100000,2025-10-30,quarterly,0.86,USD,post-market,162400000,-327300000,0.0509,0.0538,0.051,18.61,1441000000,4534300000,40100000,None,80.01,78.51,-1.1494,15610500000,3459800000,1425800000,6780600000,12150700000,5354800000,10546900000,8771700000,60.21,-1719400000,95.76,65.56
2025-12-28,IR,1.35,7458300000.0,60.21,None,1.326,25.62,,39400000,1173600000,1173600000,,,,,,,,,4200000,417000000,None,7578100000,7578100000,683500000,None,39800000,922200000,None,None,None,,0.08,0.001,,,,0.13,-0.01,None,None,0.87,2020-06-30,22.17,6055100000,3261000000.0,2968800000,1270500000,204700000,4848700000,4848700000,None,0,None,1026400000,None,None,4618200000,None,None,1054200000,None,None,None,0.205,,None,1361800000,204600000,555600000,None,2235900000,None,,,,,1.076,3.173,4.331,,,,,,,,0.0731,,1314700000,2025-10-30,quarterly,0.86,USD,post-market,162400000,-356800000,0.0509,0.0538,0.051,18.61,1441000000,4697400000,79200000,None,80.01,78.51,-1.1494,15433300000,3326800000,1478200000,6791500000,12106500000,5313300000,10546900000,8574900000,60.21,-1719400000,95.76,65.56
2025-12-28,IR,1.35,7458300000.0,60.21,None,1.326,25.62,,47100000,555700000,555700000,,,,,,,,,4200000,277300000,None,7578100000,7578100000,764600000,None,35700000,1027500000,None,None,None,,0.08,0.001,,,,0.13,-0.01,None,None,0.87,2020-03-31,22.17,5503400000,3261000000.0,2968800000,1270500000,204700000,5679700000,5679700000,None,0,None,1088100000,None,None,4624800000,None,None,1054200000,None,None,None,0.205,,None,1361800000,258100000,427600000,None,2419000000,None,,,,,1.076,3.173,4.331,,,,,,,,0.0731,,1326200000,2025-10-30,quarterly,0.86,USD,post-market,162400000,-179200000,0.0509,0.0538,0.051,18.61,1441000000,4660500000,35700000,None,80.01,78.51,-1.1494,15358300000,2929400000,1390000000,6602800000,12428900000,5212800000,10546900000,8686200000,60.21,-1719400000,95.76,65.56
2025-12-28,IR,1.35,7458300000.0,60.21,None,1.326,25.62,,17100000,505500000,505500000,,,,,,,,,2100000,209400000,None,7578100000,7578100000,322900000,None,7600000,459100000,None,None,None,,0.08,0.001,,,,0.13,-0.01,None,None,0.87,2019-12-31,22.17,1287700000,3261000000.0,2968800000,1270500000,204700000,1255000000,1255000000,None,0,None,502500000,None,None,4922900000,None,None,1054200000,None,None,None,0.205,,None,1361800000,76800000,192400000,None,2713100000,None,,,,,1.076,3.173,4.331,,,,,,,,0.0731,,1806200000,2025-10-30,quarterly,0.86,USD,post-market,162400000,-141400000,0.0509,0.0538,0.051,18.61,1441000000,4930500000,7600000,None,80.01,78.51,-1.1494,4628400000,1543900000,574600000,2758500000,3084500000,2183900000,10546900000,1869900000,60.21,-1719400000,95.76,65.56
2025-12-28,IR,1.35,7458300000.0,60.21,None,1.326,25.62,,16600000,406400000,406400000,,,,,,,,,2100000,209000000,None,7578100000,7578100000,336600000,None,7700000,458400000,None,None,None,,0.08,0.001,,,,0.13,-0.01,None,None,0.87,2019-09-30,22.17,1266000000,3261000000.0,2968800000,1270500000,204700000,1266300000,1266300000,None,0,None,539300000,None,None,4921900000,None,None,1054200000,None,None,None,0.205,,None,1361800000,90000000,186600000,None,2663500000,None,,,,,1.076,3.173,4.331,,,,,,,,0.0731,,1779100000,2025-10-30,quarterly,0.86,USD,post-market,162400000,-167100000,0.0509,0.0538,0.051,18.61,1441000000,4929600000,7700000,None,80.01,78.51,-1.1494,4553800000,1494100000,595800000,2763300000,3059700000,2167500000,10546900000,1790500000,60.21,-1719400000,95.76,65.56
2025-12-28,IR,1.35,7458300000.0,60.21,None,1.326,25.62,,17500000,317500000,317500000,,,,,,,,,2100000,208900000,None,7578100000,7578100000,331800000,None,8000000,498600000,None,None,None,,0.08,0.001,,,,0.13,-0.01,None,None,0.87,2019-06-30,22.17,1284900000,3261000000.0,2968800000,1270500000,204700000,1303800000,1303800000,None,0,None,557600000,None,None,4920600000,None,None,1054200000,None,None,None,0.205,,None,1361800000,90200000,190900000,None,2668800000,None,,,,,1.076,3.173,4.331,,,,,,,,0.0731,,1794100000,2025-10-30,quarterly,0.86,USD,post-market,162400000,-208400000,0.0509,0.0538,0.051,18.61,1441000000,4928600000,8000000,None,80.01,78.51,-1.1494,4594300000,1463900000,591300000,2809000000,3130400000,2217700000,10546900000,1785300000,60.21,-1719400000,95.76,65.56
2025-12-28,IR,1.35,7458300000.0,60.21,None,1.326,25.62,,18300000,263700000,263700000,,,,,,,,,2000000,207700000,None,7578100000,7578100000,342400000,None,7900000,509900000,None,None,None,,0.08,0.001,,,,0.13,-0.01,None,None,0.87,2019-03-31,22.17,1283300000,3261000000.0,2968800000,1270500000,204700000,1335300000,1335300000,None,0,None,555100000,None,None,5226500000,None,None,1054200000,None,None,None,0.205,,None,1361800000,69600000,183300000,None,2616000000,None,,,,,1.076,3.173,4.331,,,,,,,,0.0731,,1738400000,2025-10-30,quarterly,0.86,USD,post-market,162400000,-253400000,0.0509,0.0538,0.051,18.61,1441000000,5252700000,26200000,None,80.01,78.51,-1.1494,4566800000,1398300000,616200000,2829100000,3168500000,2212900000,10546900000,1737700000,60.21,-1719400000,95.76,65.56
2025-12-28,IR,1.35,7458300000.0,60.21,None,1.326,25.62,,None,221200000,221200000,,,,,,,,,2000000,210000000,None,7578100000,7578100000,340000000,None,350600000,525400000,None,None,None,,0.08,0.001,,,,0.13,-0.01,None,None,0.87,2018-12-31,22.17,1289500000,3261000000.0,2968800000,1270500000,204700000,1368400000,1368400000,None,0,None,523900000,None,None,3740700000,None,None,1054200000,None,None,None,0.205,,None,1361800000,60700000,178900000,None,2255300000,None,,,,,1.076,3.173,4.331,,,,,,,,0.0731,,1730800000,2025-10-30,quarterly,0.86,USD,post-market,162400000,-308700000,0.0509,0.0538,0.051,18.61,1441000000,3748600000,7900000,None,80.01,78.51,-1.1494,4487100000,1331200000,596400000,2811100000,3155900000,2214700000,10546900000,1676000000,60.21,-1719400000,95.76,65.56
2025-12-28,IR,1.35,7458300000.0,60.21,None,1.326,25.62,,None,269000000,269000000,,,,,,,,,2000000,209100000,None,7578100000,7578100000,320000000,None,350600000,525000000,None,None,None,,0.08,0.001,,,,0.13,-0.01,None,None,0.87,2018-09-30,22.17,1268400000,3261000000.0,2968800000,1270500000,204700000,1356800000,1356800000,None,0,None,550100000,None,None,3739800000,None,None,1054200000,None,None,None,0.205,,None,1361800000,63400000,168400000,None,2287300000,None,,,,,1.076,3.173,4.331,,,,,,,,0.0731,,1673400000,2025-10-30,quarterly,0.86,USD,post-market,162400000,-403200000,0.0509,0.0538,0.051,18.61,1441000000,3747700000,7900000,0,80.01,78.51,-1.1494,4516400000,1407500000,586800000,2893000000,3108900000,2306200000,10546900000,1623400000,60.21,-1719400000,95.76,65.56
2025-12-28,IR,1.35,7458300000.0,60.21,None,1.326,25.62,,None,337800000,337800000,,,,,,,,,2000000,209600000,None,7578100000,7578100000,310900000,None,350600000,495500000,None,None,None,,0.08,0.001,,,,0.13,-0.01,None,None,0.87,2018-06-30,22.17,1276200000,3261000000.0,2968800000,1270500000,204700000,1392300000,1392300000,None,0,None,555600000,None,None,3738900000,None,None,1054200000,None,None,None,0.205,,None,1361800000,56700000,171900000,None,2327200000,None,,,,,1.076,3.173,4.331,,,,,,,,0.0731,,1646800000,2025-10-30,quarterly,0.86,USD,post-market,162400000,-475400000,0.0509,0.0538,0.051,18.61,1441000000,3746800000,7900000,0,80.01,78.51,-1.1494,4604600000,1445600000,571400000,3035500000,3159000000,2464100000,10546900000,1569100000,60.21,-1719300000,95.76,65.56
2025-12-28,IR,1.35,7458300000.0,60.21,None,1.326,25.62,,None,353800000,353800000,,,,,,,,,2000000,209900000,None,7578100000,7578100000,284600000,None,350700000,541600000,None,None,None,,0.08,0.001,,,,0.13,-0.01,None,None,0.87,2018-03-31,22.17,1308300000,3261000000.0,2968800000,1270500000,204700000,1449200000,1449200000,None,0,None,567200000,None,None,3745500000,None,None,1054200000,None,None,None,0.205,,None,1361800000,50800000,223100000,None,2389800000,None,,,,,1.076,3.173,4.331,,,,,,,,0.0731,,1611300000,2025-10-30,quarterly,0.86,USD,post-market,162400000,-535700000,0.0509,0.0538,0.051,18.61,1441000000,3766600000,21100000,0,80.01,78.51,-1.1494,4775400000,1513400000,611100000,3207700000,3262000000,2596600000,10546900000,1567700000,60.21,-1719300000,95.76,65.56
2025-12-28,IR,1.35,7458300000.0,60.21,None,1.326,25.62,,None,393300000,393300000,,,,,,,,,2000000,208405797,None,7578100000,7578100000,269700000,None,1100300000,536300000,None,None,None,,0.08,0.001,,,,0.13,-0.01,None,None,0.87,2017-12-31,22.17,1227600000,3261000000.0,2968800000,1270500000,204700000,1431200000,1431200000,None,0,None,494500000,None,None,2957000000,None,None,1054200000,None,None,None,0.205,,None,1361800000,39500000,228500000,None,2423900000,None,,,,,1.076,3.173,4.331,,,,,,,,0.0731,,1551300000,2025-10-30,quarterly,0.86,USD,post-market,162400000,-577800000,0.0509,0.0538,0.051,18.61,1441000000,2977900000,20900000,0,80.01,78.51,-1.1494,4621200000,1463600000,561800000,3144400000,3157600000,2582600000,10546900000,1476800000,60.21,-1719400000,95.76,65.56
2025-12-28,IR,1.35,7458300000.0,60.21,None,1.326,25.62,,None,303000000,303000000,,,,,,,,,2000000,208100000,None,7578100000,7578100000,263600000,None,1100100000,531600000,None,None,None,,0.08,0.001,,,,0.13,-0.01,None,None,0.87,2017-09-30,22.17,1216900000,3261000000.0,2968800000,1270500000,204700000,1449700000,1449700000,None,0,None,507600000,None,None,2955900000,None,None,1054200000,None,None,None,0.205,,None,1361800000,61200000,219400000,None,2321800000,None,,,,,1.076,3.173,4.331,,,,,,,,0.0731,,1529000000,2025-10-30,quarterly,0.86,USD,post-market,162400000,-721400000,0.0509,0.0538,0.051,18.61,1441000000,2977000000,21100000,0,80.01,78.51,-1.1494,4552600000,1403400000,559600000,3280800000,3149200000,2721200000,10546900000,1271800000,60.21,-1613800000,95.76,65.56
2025-12-28,IR,1.35,7458300000.0,60.21,None,1.326,25.62,,None,245700000,245700000,,,,,,,,,2000000,176900000,None,7578100000,7578100000,246400000,None,4065800000,475200000,None,None,None,,0.08,0.001,,,,0.13,-0.01,None,None,0.87,2017-06-30,22.17,1200100000,3261000000.0,2968800000,1270500000,204700000,1459800000,1459800000,None,0,None,485800000,None,None,3704500000,None,None,1054200000,None,None,None,0.205,,None,1361800000,59800000,189300000,None,2487100000,None,,,,,1.076,3.173,4.331,,,,,,,,0.0731,,1509600000,2025-10-30,quarterly,0.86,USD,post-market,162400000,-749500000,0.0509,0.0538,0.051,18.61,1441000000,3710400000,5900000,0,80.01,78.51,-1.1494,4422900000,1266500000,500700000,3213900000,3156400000,2713200000,10546900000,1209000000,60.21,-1277900000,95.76,65.56
2025-12-28,IR,1.35,7458300000.0,60.21,None,1.326,25.62,,None,225577000,225577000,,,,,,,,,1505000,189732248,None,7578100000,7578100000,217639000,None,4072400000,435818000,None,None,None,,0.08,0.001,,,,0.13,-0.01,None,None,0.87,2017-03-31,22.17,1167454000,3261000000.0,2968800000,1270500000,204700000,1457196000,1457196000,None,0,None,463143000,None,None,3711100000,None,None,1054200000,None,None,None,0.205,,None,1361800000,58222000,184501000,None,2485900000,None,,,,,1.076,3.173,4.331,,,,,,,,0.0731,,1497700000,2025-10-30,quarterly,0.86,USD,post-market,162400000,-603248000,0.0509,0.0538,0.051,18.61,1441000000,3735650000,24550000,0,80.01,78.51,-1.1494,4312567000,1182760000,483308000,4028889000,3129807000,3545581000,10546900000,283678000,60.21,-952500000,95.76,65.56
2025-12-28,IR,1.35,7458300000.0,60.21,None,1.326,25.62,,None,255803000,255803000,,,,,,,,,1505000,189732248,None,7578100000,7578100000,214856000,None,350700000,441578000,None,None,None,,0.08,0.001,,,,0.13,-0.01,None,None,0.87,2016-12-31,22.17,1154652000,3261000000.0,2968800000,1270500000,204700000,1469922000,1469922000,None,0,None,443949000,None,None,3709400000,None,None,1054200000,None,None,None,0.205,,None,1361800000,47183000,215529000,None,2494500000,None,,,,,1.076,3.173,4.331,,,,,,,,0.0731,,1511000000,2025-10-30,quarterly,0.86,USD,post-market,162400000,-596233000,0.0509,0.0538,0.051,18.61,1441000000,3733865000,24465000,0,80.01,78.51,-1.1494,4315948000,1188513000,497849000,4044190000,3127435000,3546341000,10546900000,265908000,60.21,-702700000,95.76,65.56
2025-12-28,IR,1.35,7458300000.0,60.21,None,1.326,25.62,,None,1504600000,1504600000,,,,,,,,,270900000,189732248,None,7578100000,7578100000,3342400000,None,4069900000,2411800000,None,None,None,,0.08,0.001,,,,0.13,-0.01,None,None,0.87,2016-09-30,22.17,5769100000,3261000000.0,2968800000,1270500000,204700000,3835200000,3835200000,None,0,None,1556000000,None,None,3708900000,None,None,1054200000,None,None,None,0.205,,None,1361800000,241800000,1950000000,None,2526500000,None,,,,,1.076,3.173,4.331,,,,,,,,0.0731,,1548900000,2025-10-30,quarterly,0.86,USD,post-market,162400000,7926200000,0.0509,0.0538,0.051,18.61,1441000000,None,361000000,0,80.01,78.51,-1.1494,17719900000,5714500000,3703400000,10888800000,12005400000,7185400000,10546900000,6764100000,60.21,-702600000,95.76,65.56
2025-12-28,IR,1.35,7458300000.0,60.21,None,1.326,25.62,,None,928800000,928800000,,,,,,,,,270400000,189732248,None,7578100000,7578100000,3405900000,None,4086000000,2498000000,None,None,None,,0.08,0.001,,,,0.13,-0.01,None,None,0.87,2016-06-30,22.17,5763700000,3261000000.0,2968800000,1270500000,204700000,3866200000,3866200000,None,0,None,1601300000,None,None,3724800000,None,None,1054200000,None,None,None,0.205,,None,1361800000,364900000,1905800000,None,2529800000,None,,,,,1.076,3.173,4.331,,,,,,,,0.0731,,1560800000,2025-10-30,quarterly,0.86,USD,post-market,162400000,7631800000,0.0509,0.0538,0.051,18.61,1441000000,None,361200000,0,80.01,78.51,-1.1494,17430500000,5393000000,3767100000,10952500000,12037500000,7185400000,10546900000,6414400000,60.21,-702600000,95.76,65.56
2025-12-28,IR,1.35,7458300000.0,60.21,None,1.326,25.62,,None,-228322000,-228322000,,,,,,,,,270000000,189732248,None,7578100000,7578100000,3172100000,None,None,2155100000,None,None,None,,0.08,0.001,,,,0.13,-0.01,None,None,0.87,2016-03-31,22.17,5784400000,3261000000.0,2968800000,1270500000,204700000,3903100000,3903100000,None,0,None,1612700000,None,None,3714600000,None,None,1054200000,None,None,None,0.205,,None,1361800000,432200000,1826300000,None,2538500000,None,,,,,1.076,3.173,4.331,,,,,,,,0.0731,,1582200000,2025-10-30,quarterly,0.86,USD,post-market,162400000,6967300000,0.0509,0.0538,0.051,18.61,1441000000,None,758000000,456644000,80.01,78.51,-1.1494,16952500000,228322000,3930100000,11099800000,-228322000,7169700000,10546900000,405535000,60.21,-702700000,95.76,65.56
2025-12-28,IR,1.35,7458300000.0,60.21,None,1.326,25.62,,None,736800000,736800000,,,,,,,,,269000000,265190200,None,7578100000,7578100000,3144200000,None,350800000,2209200000,None,None,None,,0.08,0.001,,,,0.13,-0.01,None,None,0.87,2015-12-31,22.17,5730200000,3261000000.0,2968800000,1270500000,204700000,3926100000,3926100000,None,0,None,1410700000,None,None,3734800000,None,None,1054200000,None,None,None,0.205,,None,1361800000,252700000,1894900000,None,2580300000,None,,,,,1.076,3.173,4.331,,,,,,,,0.0731,,1575100000,2025-10-30,quarterly,0.86,USD,post-market,162400000,6897900000,0.0509,0.0538,0.051,18.61,1441000000,None,504200000,0,80.01,78.51,-1.1494,16738800000,4609400000,3648400000,10859600000,12129400000,7211200000,10546900000,5816700000,60.21,-452600000,95.76,65.56
2025-12-28,IR,1.35,7458300000.0,60.21,None,1.326,25.62,,None,651500000,651500000,,,,,,,,,5796700000,164288775,None,7578100000,7578100000,1340800000,None,None,2342400000,None,None,None,,0.08,0.001,,,,0.13,-0.01,None,None,0.87,2015-09-30,22.17,5762900000,3261000000.0,2968800000,1270500000,204700000,3968900000,3968900000,None,0,None,1577900000,None,None,3734600000,None,None,1054200000,None,None,None,0.205,,None,1361800000,963000000,2358200000,None,2641700000,None,,,,,1.076,3.173,4.331,,,,,,,,0.0731,,1579600000,2025-10-30,quarterly,0.86,USD,post-market,162400000,6741700000,0.0509,0.0538,0.051,18.61,1441000000,4571600000,837000000,0,80.01,78.51,-1.1494,17824100000,5534800000,4536000000,12027400000,12289300000,7491400000,10546900000,5796700000,60.21,-435900000,95.76,65.56
2025-12-28,IR,1.35,7458300000.0,60.21,None,1.326,25.62,,None,779600000,779600000,,,,,,,,,268700000,269375200,None,7578100000,7578100000,3798000000,None,None,2823400000,None,None,None,,0.08,0.001,,,,0.13,-0.01,None,None,0.87,2015-06-30,22.17,5772500000,3261000000.0,2968800000,1270500000,204700000,4008600000,4008600000,None,0,None,1634500000,None,None,3734600000,None,None,1054200000,None,None,None,0.205,,None,1361800000,291100000,2327100000,None,2669200000,None,,,,,1.076,3.173,4.331,,,,,,,,0.0731,,1586000000,2025-10-30,quarterly,0.86,USD,post-market,162400000,6517600000,0.0509,0.0538,0.051,18.61,1441000000,None,659700000,0,80.01,78.51,-1.1494,17886800000,5528600000,4457700000,11999300000,12358200000,7541600000,10546900000,5827600000,60.21,-202500000,95.76,65.56
2025-12-28,IR,1.35,7458300000.0,60.21,None,1.326,25.62,,None,733900000,733900000,,,,,,,,,268000000,268445800,None,7578100000,7578100000,3175200000,None,None,2486800000,None,None,None,,0.08,0.001,,,,0.13,-0.01,None,None,0.87,2015-03-31,22.17,5734900000,3261000000.0,2968800000,1270500000,204700000,4031300000,4031300000,None,0,None,1613000000,None,None,3741700000,None,None,1054200000,None,None,None,0.205,,None,1361800000,271100000,1819100000,None,2673400000,None,,,,,1.076,3.173,4.331,,,,,,,,0.0731,,1564100000,2025-10-30,quarterly,0.86,USD,post-market,162400000,6515600000,0.0509,0.0538,0.051,18.61,1441000000,None,802300000,0,80.01,78.51,-1.1494,17409000000,5104800000,3977500000,11622500000,12304200000,7645000000,10546900000,5724200000,60.21,-202500000,95.76,65.56
2025-12-28,IR,1.35,7458300000.0,60.21,None,1.326,25.62,,None,1705200000,1705200000,,,,,,,,,266300000,269380900,None,7578100000,7578100000,3183400000,None,366600000,2418800000,None,None,None,,0.08,0.001,,,,0.13,-0.01,None,None,0.87,2014-12-31,22.17,5389800000,3261000000.0,2968800000,1270500000,204700000,3783900000,3783900000,None,0,None,1358900000,None,None,3741700000,None,None,1054200000,None,None,None,0.205,,None,1361800000,225000000,1893400000,None,2671000000,None,,,,,1.076,3.173,4.331,,,,,,,,0.0731,,1477000000,2025-10-30,quarterly,0.86,USD,post-market,162400000,6540800000,0.0509,0.0538,0.051,18.61,1441000000,None,482700000,0,80.01,78.51,-1.1494,17298500000,5707900000,3666100000,11253100000,11590600000,7587000000,10546900000,5987400000,60.21,-202500000,95.76,65.56
2025-12-28,IR,1.35,7458300000.0,60.21,None,1.326,25.62,,None,936700000,936700000,,,,,,,,,265800000,166309472,None,7578100000,7578100000,3249000000,None,None,2605600000,None,None,None,,0.08,0.001,,,,0.13,-0.01,None,None,0.87,2014-09-30,22.17,5447000000,3261000000.0,2968800000,1270500000,204700000,3819400000,3819400000,None,0,None,1419000000,None,None,2646600000,None,None,1054200000,None,None,None,0.205,,None,1361800000,208800000,1802200000,None,2490600000,None,,,,,1.076,3.173,4.331,,,,,,,,0.0731,,1465700000,2025-10-30,quarterly,0.86,USD,post-market,162400000,6351200000,0.0509,0.0538,0.051,18.61,1441000000,None,881000000,0,80.01,78.51,-1.1494,16865600000,5170100000,4130000000,10531900000,11695500000,6401900000,10546900000,6274100000,60.21,0,95.76,65.56
2025-12-28,IR,1.35,7458300000.0,60.21,None,1.326,25.62,,None,929800000,929800000,,,,,,,,,268100000,274193500,None,7578100000,7578100000,3338400000,None,None,2779200000,None,None,None,,0.08,0.001,,,,0.13,-0.01,None,None,0.87,2014-06-30,22.17,5527600000,3261000000.0,2968800000,1270500000,204700000,3856300000,3856300000,None,0,None,1388900000,None,None,2646500000,None,None,1054200000,None,None,None,0.205,,None,1361800000,228600000,1792000000,None,2577000000,None,,,,,1.076,3.173,4.331,,,,,,,,0.0731,,1472700000,2025-10-30,quarterly,0.86,USD,post-market,162400000,6266900000,0.0509,0.0538,0.051,18.61,1441000000,None,915700000,0,80.01,78.51,-1.1494,17159400000,5326500000,4254100000,10719300000,11832900000,6465200000,10546900000,6382300000,60.21,0,95.76,65.56
2025-12-28,IR,1.35,7458300000.0,60.21,None,1.326,25.62,,None,897900000,897900000,,,,,,,,,271200000,282344500,None,7578100000,7578100000,3028700000,None,None,2441500000,None,None,None,,0.08,0.001,,,,0.13,-0.01,None,None,0.87,2014-03-31,22.17,5533300000,3261000000.0,2968800000,1270500000,204700000,3888700000,3888700000,None,0,None,1348400000,None,None,3152300000,None,None,1054200000,None,None,None,0.205,,None,1361800000,198600000,1719900000,None,2598400000,None,,,,,1.076,3.173,4.331,,,,,,,,0.0731,,1468300000,2025-10-30,quarterly,0.86,USD,post-market,162400000,6216500000,0.0509,0.0538,0.051,18.61,1441000000,None,373900000,0,80.01,78.51,-1.1494,16774000000,4886400000,3402600000,10424300000,11887600000,7021700000,10546900000,6285200000,60.21,0,95.76,65.56
2025-12-28,IR,1.35,7458300000.0,60.21,None,1.326,25.62,,None,1937200000,1937200000,,,,,,,,,282700000,300946400,None,7578100000,7578100000,3040900000,None,3521200000,2431000000,None,None,None,,0.08,0.001,,,,0.13,-0.01,None,None,0.87,2013-12-31,22.17,5540600000,3261000000.0,2968800000,1270500000,204700000,3922000000,3922000000,None,0,None,1166100000,None,None,3153500000,None,None,1054200000,None,None,None,0.205,,None,1361800000,182400000,1816500000,None,2628900000,None,,,,,1.076,3.173,4.331,,,,,,,,0.0731,,1468400000,2025-10-30,quarterly,0.86,USD,post-market,162400000,6794500000,0.0509,0.0538,0.051,18.61,1441000000,None,367700000,0,80.01,78.51,-1.1494,17658100000,5716700000,3408600000,10526800000,11941400000,7118200000,10546900000,7068900000,60.21,0,95.76,65.56
2025-12-28,IR,1.35,7458300000.0,60.21,None,1.326,25.62,,None,1083900000,1083900000,,,,,,,,,288700000,295511200,None,7578100000,7578100000,3475400000,None,None,2443100000,None,None,None,,0.08,0.001,,,,0.13,-0.01,None,None,0.87,2013-09-30,22.17,6061800000,3261000000.0,2968800000,1270500000,204700000,4099100000,4099100000,None,0,None,1447500000,None,None,3154100000,None,None,1054200000,None,None,None,0.205,,None,1361800000,655200000,2074800000,None,3159700000,None,,,,,1.076,3.173,4.331,,,,,,,,0.0731,,1651700000,2025-10-30,quarterly,0.86,USD,post-market,162400000,6333700000,0.0509,0.0538,0.051,18.61,1441000000,None,373200000,0,80.01,78.51,-1.1494,19002000000,5629700000,3848600000,11815400000,13372300000,7966800000,10546900000,7094700000,60.21,0,95.76,65.56
2025-12-28,IR,1.35,7458300000.0,60.21,None,1.326,25.62,,None,2200500000,2200500000,,,,,,,,,291900000,301206000,None,7578100000,7578100000,3520200000,None,None,2571300000,None,None,None,,0.08,0.001,,,,0.13,-0.01,None,None,0.87,2013-06-30,22.17,6112600000,3261000000.0,2968800000,1270500000,204700000,4127700000,4127700000,None,0,None,1435000000,None,None,3155100000,None,None,1054200000,None,None,None,0.205,,None,1361800000,621700000,2045200000,None,3187600000,None,,,,,1.076,3.173,4.331,,,,,,,,0.0731,,1663000000,2025-10-30,quarterly,0.86,USD,post-market,162400000,6701500000,0.0509,0.0538,0.051,18.61,1441000000,None,1626700000,0,80.01,78.51,-1.1494,20273700000,6828500000,5146900000,13097500000,13445200000,7950600000,10546900000,7094100000,60.21,0,95.76,65.56
2025-12-28,IR,1.35,7458300000.0,60.21,None,1.326,25.62,,None,225401000,225401000,,,,,,,,,601000,30222889,None,7578100000,7578100000,200203000,None,None,428654000,None,None,None,,0.08,0.001,,,,0.13,-0.01,None,None,0.87,2013-03-31,22.17,668130000,3261000000.0,2968800000,1270500000,204700000,326511000,326511000,None,0,None,372218000,None,None,2271100000,None,None,1054200000,None,None,None,0.205,,None,1361800000,72320999,206071000,None,3205000000,None,,,,,1.076,3.173,4.331,,,,,,,,0.0731,,1653000000,2025-10-30,quarterly,0.86,USD,post-market,162400000,1269453000,0.0509,0.0538,0.051,18.61,1441000000,2577046000,305946000,0,80.01,78.51,-1.1494,2455402000,1098594000,712220000,987343000,1356808000,275123000,10546900000,1466512000,60.21,0,95.76,65.56
2025-12-28,IR,1.35,7458300000.0,60.21,None,1.326,25.62,,None,254000000,254000000,,,,,,,,,601000,30197783,None,7578100000,7578100000,198388000,None,None,444815000,None,None,None,,0.08,0.001,,,,0.13,-0.01,None,None,0.87,2012-12-31,22.17,680900000,3261000000.0,2968800000,1270500000,204700000,339724000,339724000,None,0,None,343197000,None,None,2269300000,None,None,1054200000,None,None,None,0.205,,None,1361800000,63364999,564093000,None,3240200000,None,,,,,1.076,3.173,4.331,,,,,,,,0.0731,,1652600000,2025-10-30,quarterly,0.86,USD,post-market,162400000,1226237000,0.0509,0.0538,0.051,18.61,1441000000,None,963700000,0,80.01,78.51,-1.1494,2490192000,1105377000,762481000,1036029000,1315868000,4001000,10546900000,1451615000,60.21,0,95.76,65.56
2025-12-28,IR,1.35,7458300000.0,60.21,None,1.326,25.62,,None,248933000,248933000,,,,,,,,,600000,30145735,None,7578100000,7578100000,195934000,None,None,2320900000,None,None,None,,0.08,0.001,,,,0.13,-0.01,None,None,0.87,2012-09-30,22.17,677103000,3261000000.0,2968800000,1270500000,204700000,336447000,336447000,None,0,None,353371000,None,None,2271600000,None,None,1054200000,None,None,None,0.205,,None,1361800000,517000000,319156000,None,3088300000,None,,,,,1.076,3.173,4.331,,,,,,,,0.0731,,1618600000,2025-10-30,quarterly,0.86,USD,post-market,162400000,1159634000,0.0509,0.0538,0.051,18.61,1441000000,None,1024600000,0,80.01,78.51,-1.1494,2457229000,1117095000,515090000,1089413000,1306327000,331842000,10546900000,1160234000,60.21,0,95.76,65.56
2025-12-28,IR,1.35,7458300000.0,60.21,None,1.326,25.62,,None,903400000,903400000,,,,,,,,,309100000,314396200,None,7578100000,7578100000,3487200000,None,None,2427900000,None,None,None,,0.08,0.001,,,,0.13,-0.01,None,None,0.87,2012-06-30,22.17,6051100000,3261000000.0,2968800000,1270500000,204700000,4258700000,4258700000,None,0,None,1475000000,None,None,2871500000,None,None,1054200000,None,None,None,0.205,,None,1361800000,564800000,1997400000,None,3088200000,None,,,,,1.076,3.173,4.331,,,,,,,,0.0731,,1609100000,2025-10-30,quarterly,0.86,USD,post-market,162400000,5959400000,0.0509,0.0538,0.051,18.61,1441000000,None,422000000,0,80.01,78.51,-1.1494,18738700000,5371100000,3909200000,11352000000,13367600000,7442800000,10546900000,7295600000,60.21,0,95.76,65.56
2025-12-28,IR,1.35,7458300000.0,60.21,None,1.326,25.62,,None,1089500000,1089500000,,,,,,,,,298600000,312418300,None,7578100000,7578100000,3334800000,None,None,2230500000,None,None,None,,0.08,0.001,,,,0.13,-0.01,None,None,0.87,2012-03-31,22.17,6147200000,3261000000.0,2968800000,1270500000,204700000,4309300000,4309300000,None,0,None,1432600000,None,None,2879300000,None,None,1054200000,None,None,None,0.205,,None,1361800000,615200000,1990600000,None,3134400000,None,,,,,1.076,3.173,4.331,,,,,,,,0.0731,,1640100000,2025-10-30,quarterly,0.86,USD,post-market,162400000,5643200000,0.0509,0.0538,0.051,18.61,1441000000,None,765600000,0,80.01,78.51,-1.1494,18910500000,5367800000,4100400000,11611400000,13542700000,7511000000,10546900000,7207300000,60.21,0,95.76,65.56
2025-12-28,IR,1.35,7458300000.0,60.21,None,1.326,25.62,,None,1160700000,1160700000,,,,,,,,,297100000,339308200,None,7578100000,7578100000,3361200000,None,None,2404900000,None,None,None,,0.08,0.001,,,,0.13,-0.01,None,None,0.87,2011-12-31,22.17,6105100000,3261000000.0,2968800000,1270500000,204700000,4337100000,4337100000,None,0,None,1282000000,None,None,2879300000,None,None,1054200000,None,None,None,0.205,,None,1361800000,335000000,2136000000,None,3204400000,None,,,,,1.076,3.173,4.331,,,,,,,,0.0731,,1640600000,2025-10-30,quarterly,0.86,USD,post-market,162400000,5547800000,0.0509,0.0538,0.051,18.61,1441000000,None,763300000,0,80.01,78.51,-1.1494,18754200000,5182600000,4124500000,11738500000,13571600000,7614000000,10546900000,6924300000,60.21,0,95.76,65.56
2025-12-28,IR,1.35,7458300000.0,60.21,None,1.326,25.62,,None,1403800000,1403800000,,,,,,,,,316000000,316000000,None,7578100000,7578100000,3529300000,None,None,2366100000,None,None,None,,0.08,0.001,,,,0.13,-0.01,None,None,0.87,2011-09-30,22.17,6159800000,3261000000.0,2968800000,1270500000,204700000,4386300000,4386300000,None,0,None,1512900000,None,None,2881000000,None,None,1054200000,None,None,None,0.205,,None,1361800000,653300000,44000000,None,2944900000,None,,,,,1.076,3.173,4.331,,,,,,,,0.0731,,1601200000,2025-10-30,quarterly,0.86,USD,post-market,162400000,5388800000,0.0509,0.0538,0.051,18.61,1441000000,None,760000000,0,80.01,78.51,-1.1494,19502400000,5936100000,4333300000,11817000000,13566300000,7483700000,10546900000,7589300000,60.21,0,95.76,65.56
2025-12-28,IR,1.35,7458300000.0,60.21,None,1.326,25.62,,None,1259800000,1259800000,,,,,,,,,331800000,331800000,None,7578100000,7578100000,3656400000,None,None,2605000000,None,None,None,,0.08,0.001,,,,0.13,-0.01,None,None,0.87,2011-06-30,22.17,6259100000,3261000000.0,2968800000,1270500000,204700000,4440400000,4440400000,None,0,None,1590900000,None,None,2881300000,None,None,1054200000,None,None,None,0.205,,None,1361800000,1356500000,197600000,None,2975300000,None,,,,,1.076,3.173,4.331,,,,,,,,0.0731,,1640300000,2025-10-30,quarterly,0.86,USD,post-market,162400000,5341000000,0.0509,0.0538,0.051,18.61,1441000000,None,753300000,0,80.01,78.51,-1.1494,20540500000,6812200000,4607300000,12165500000,13728300000,7558200000,10546900000,8278200000,60.21,0,95.76,65.56
2025-12-28,IR,1.35,7458300000.0,60.21,None,1.326,25.62,,None,918100000,918100000,,,,,,,,,330900000,330900000,None,7578100000,7578100000,3395600000,None,None,2332600000,None,None,None,,0.08,0.001,,,,0.13,-0.01,None,None,0.87,2011-03-31,22.17,6236200000,3261000000.0,2968800000,1270500000,204700000,4465100000,4465100000,None,0,None,1578300000,None,None,2888300000,None,None,1054200000,None,None,None,0.205,,None,1361800000,1526900000,159900000,None,2999400000,None,,,,,1.076,3.173,4.331,,,,,,,,0.0731,,1661900000,2025-10-30,quarterly,0.86,USD,post-market,162400000,5288700000,0.0509,0.0538,0.051,18.61,1441000000,None,791100000,0,80.01,78.51,-1.1494,20124500000,6355900000,4346600000,11905400000,13768600000,7558800000,10546900000,8108500000,60.21,0,95.76,65.56
2025-12-28,IR,1.35,7458300000.0,60.21,None,1.326,25.62,,None,1014300000,1014300000,,,,,,,,,328200000,331510700,None,7578100000,7578100000,3463300000,None,None,2344200000,None,None,None,,0.08,0.001,,,,0.13,-0.01,None,None,0.87,2010-12-31,22.17,6560200000,3261000000.0,2968800000,1270500000,204700000,4872900000,4872900000,None,0,None,1400800000,None,None,2922300000,None,None,1054200000,None,None,None,0.205,,None,1361800000,611400000,2144700000,None,3092500000,None,,,,,1.076,3.173,4.331,,,,,,,,0.0731,,1776500000,2025-10-30,quarterly,0.86,USD,post-market,162400000,5389400000,0.0509,0.0538,0.051,18.61,1441000000,None,761600000,0,80.01,78.51,-1.1494,19990900000,5370700000,4224900000,11915100000,14620200000,7690200000,10546900000,7964300000,60.21,0,95.76,65.56
2025-12-28,IR,1.35,7458300000.0,60.21,None,1.326,25.62,,None,810700000,810700000,,,,,,,,,323200000,338978100,None,7578100000,7578100000,3570100000,None,None,2466500000,None,None,None,,0.08,0.001,,,,0.13,-0.01,None,None,0.87,2010-09-30,22.17,6560500000,3261000000.0,2968800000,1270500000,204700000,4916100000,4916100000,None,0,None,1539000000,None,None,2922800000,None,None,1054200000,None,None,None,0.205,,None,1361800000,698700000,29600000,None,3351400000,None,,,,,1.076,3.173,4.331,,,,,,,,0.0731,,1786000000,2025-10-30,quarterly,0.86,USD,post-market,162400000,5200300000,0.0509,0.0538,0.051,18.61,1441000000,None,738400000,0,80.01,78.51,-1.1494,20235300000,5514900000,4338100000,12541800000,14720400000,8203700000,10546900000,7573800000,60.21,0,95.76,65.56
2025-12-28,IR,1.35,7458300000.0,60.21,None,1.326,25.62,,None,821600000,821600000,,,,,,,,,322600000,339088400,None,7578100000,7578100000,3873200000,None,None,2821500000,None,None,None,,0.08,0.001,,,,0.13,-0.01,None,None,0.87,2010-06-30,22.17,6446700000,3261000000.0,2968800000,1270500000,204700000,4925600000,4925600000,None,0,None,1429500000,None,None,2909900000,None,None,1054200000,None,None,None,0.205,,None,1361800000,709100000,29100000,None,3580900000,None,,,,,1.076,3.173,4.331,,,,,,,,0.0731,,1783900000,2025-10-30,quarterly,0.86,USD,post-market,162400000,4990700000,0.0509,0.0538,0.051,18.61,1441000000,None,975200000,0,80.01,78.51,-1.1494,20357300000,5781700000,4877500000,13177700000,14575600000,8300200000,10546900000,7051400000,60.21,0,95.76,65.56
2025-12-28,IR,1.35,7458300000.0,60.21,None,1.326,25.62,,None,599100000,599100000,,,,,,,,,321500000,333333300,None,7578100000,7578100000,3198800000,None,None,2172900000,None,None,None,,0.08,0.001,,,,0.13,-0.01,None,None,0.87,2010-03-31,22.17,6544000000,3261000000.0,2968800000,1270500000,204700000,4987300000,4987300000,None,0,None,1364000000,None,None,2923700000,None,None,1054200000,None,None,None,0.205,,None,1361800000,684000000,2004900000,None,3587600000,None,,,,,1.076,3.173,4.331,,,,,,,,0.0731,,1855800000,2025-10-30,quarterly,0.86,USD,post-market,162400000,4816900000,0.0509,0.0538,0.051,18.61,1441000000,None,1007600000,0,80.01,78.51,-1.1494,19716700000,4820000000,4206400000,12565700000,14896700000,8359300000,10546900000,7017400000,60.21,-7124300000,95.76,65.56
2025-12-28,IR,1.35,7458300000.0,60.21,None,1.326,25.62,,None,876700000,876700000,,,,,,,,,320600000,428527500,None,7578100000,7578100000,3101500000,None,None,2120200000,None,None,None,,0.08,0.001,,,,0.13,-0.01,None,None,0.87,2009-12-31,22.17,6606000000,3261000000.0,2968800000,1270500000,204700000,5042800000,5042800000,None,0,None,1193200000,None,None,3219900000,None,None,1054200000,None,None,None,0.205,,None,1361800000,637200000,2022500000,None,3653900000,None,,,,,1.076,3.173,4.331,,,,,,,,0.0731,,1912800000,2025-10-30,quarterly,0.86,USD,post-market,162400000,4837900000,0.0509,0.0538,0.051,18.61,1441000000,None,876700000,0,80.01,78.51,-1.1494,19991000000,4827300000,3978200000,12785300000,15163700000,8807100000,10546900000,7101800000,60.21,-7205700000,95.76,65.56
2025-12-28,IR,1.35,7458300000.0,60.21,None,1.326,25.62,,None,743900000,743900000,,,,,,,,,319500000,331801500,None,7578100000,7578100000,3107600000,None,None,2130400000,None,None,None,,0.08,0.001,,,,0.13,-0.01,None,None,0.87,2009-09-30,22.17,6676100000,3261000000.0,2968800000,1270500000,204700000,5090800000,5090800000,None,0,None,1303700000,None,None,3210000000,None,None,1054200000,None,None,None,0.205,,None,1361800000,594200000,1972000000,None,3590900000,None,,,,,1.076,3.173,4.331,,,,,,,,0.0731,,1909900000,2025-10-30,quarterly,0.86,USD,post-market,162400000,4721500000,0.0509,0.0538,0.051,18.61,1441000000,None,922400000,0,80.01,78.51,-1.1494,20133100000,4772200000,4030000000,12947200000,15360900000,8917200000,10546900000,7081500000,60.21,-7185900000,95.76,65.56
2025-12-28,IR,1.35,7458300000.0,60.21,None,1.326,25.62,,None,792900000,792900000,,,,,,,,,319100000,324993300,None,7578100000,7578100000,1557800000,None,None,2274000000,None,None,None,,0.08,0.001,,,,0.13,-0.01,None,None,0.87,2009-06-30,22.17,6628600000,3261000000.0,2968800000,1270500000,204700000,5119900000,5119900000,None,0,None,1359300000,None,None,3454600000,None,None,1054200000,None,None,None,0.205,,None,1361800000,647800000,1545300000,None,3637200000,None,,,,,1.076,3.173,4.331,,,,,,,,0.0731,,1924600000,2025-10-30,quarterly,0.86,USD,post-market,162400000,4527900000,0.0509,0.0538,0.051,18.61,1441000000,None,1267300000,0,80.01,78.51,-1.1494,20426100000,5074000000,4370400000,13589200000,15352100000,9218800000,10546900000,6735900000,60.21,0,95.76,65.56
2025-12-28,IR,1.35,7458300000.0,60.21,None,1.326,25.62,,None,493600000,493600000,,,,,,,,,319100000,None,None,7578100000,7578100000,933400000,None,None,None,None,None,None,,0.08,0.001,,,,0.13,-0.01,None,None,0.87,2009-03-31,22.17,6543300000,3261000000.0,2968800000,1270500000,204700000,11704200000,11704200000,None,0,None,1559500000,None,None,3449100000,None,None,1054200000,None,None,None,0.205,,None,1361800000,672100000,1993000000,None,None,None,,,,,1.076,3.173,4.331,,,,,,,,0.0731,,1936400000,2025-10-30,quarterly,0.86,USD,post-market,162400000,3813900000,0.0509,0.0538,0.051,18.61,1441000000,None,None,None,80.01,78.51,-1.1494,20356600000,None,4629100000,13857900000,None,None,10546900000,6399900000,60.21,None,95.76,65.56
2025-12-28,IR,1.35,7458300000.0,60.21,None,1.326,25.62,,None,550200000,550200000,,,,,,,,,318800000,22173500,None,7578100000,7578100000,1046500000,None,None,None,None,None,None,,0.08,0.001,,,,0.13,-0.01,None,None,0.87,2008-12-31,22.17,6620100000,3261000000.0,2968800000,1270500000,204700000,11834200000,11834200000,None,0,None,1615100000,None,None,2773700000,None,None,1054200000,None,None,None,0.205,,None,1361800000,805900000,2114500000,None,None,None,,,,,1.076,3.173,4.331,,,,,,,,0.0731,,1968500000,2025-10-30,quarterly,0.86,USD,post-market,162400000,4096600000,0.0509,0.0538,0.051,18.61,1441000000,None,None,None,80.01,78.51,-1.1494,20924500000,None,5511400000,14162400000,None,None,10546900000,6661400000,60.21,None,95.76,65.56
2025-12-28,IR,1.35,7458300000.0,60.21,None,1.326,25.62,,None,741500000,741500000,,,,,,,,,318800000,324082000,None,7578100000,7578100000,1265200000,None,None,None,None,None,None,,0.08,0.001,,,,0.13,-0.01,None,None,0.87,2008-09-30,22.17,9386300000,3261000000.0,2968800000,1270500000,204700000,15487600000,15487600000,None,0,None,1795100000,None,None,2785100000,None,None,1054200000,None,None,None,0.205,,None,1361800000,795100000,2239000000,None,None,None,,,,,1.076,3.173,4.331,,,,,,,,0.0731,,2085300000,2025-10-30,quarterly,0.86,USD,post-market,162400000,8140500000,0.0509,0.0538,0.051,18.61,1441000000,None,None,None,80.01,78.51,-1.1494,25775100000,None,6234800000,14968900000,None,None,10546900000,10702800000,60.21,None,95.76,65.56
2025-12-28,IR,1.35,7458300000.0,60.21,None,1.326,25.62,,None,787300000,787300000,,,,,,,,,318500000,291088900,None,7578100000,7578100000,1348500000,None,None,None,None,None,None,,0.08,0.001,,,,0.13,-0.01,None,None,0.87,2008-06-30,22.17,10174300000,3261000000.0,2968800000,1270500000,204700000,15398300000,15398300000,None,0,None,1800500000,None,None,1189900000,None,None,1054200000,None,None,None,0.205,,None,1361800000,915200000,2102600000,None,None,None,,,,,1.076,3.173,4.331,,,,,,,,0.0731,,2128300000,2025-10-30,quarterly,0.86,USD,post-market,162400000,8225800000,0.0509,0.0538,0.051,18.61,1441000000,None,None,None,80.01,78.51,-1.1494,25883700000,None,8219900000,14987700000,None,None,10546900000,10792500000,60.21,None,95.76,65.56
2025-12-28,IR,1.35,7458300000.0,60.21,None,1.326,25.62,,None,4068300000,4068300000,,,,,,,,,272800000,276281800,None,7578100000,7578100000,768100000,None,None,None,None,None,None,,0.08,0.001,,,,0.13,-0.01,None,None,0.87,2008-03-31,22.17,4110900000,3261000000.0,2968800000,1270500000,204700000,4851200000,4851200000,None,0,None,909000000,None,None,712700000,None,None,1054200000,None,None,None,0.205,,None,1361800000,463200000,980400000,None,None,None,,,,,1.076,3.173,4.331,,,,,,,,0.0731,,935300000,2025-10-30,quarterly,0.86,USD,post-market,162400000,8009200000,0.0509,0.0538,0.051,18.61,1441000000,None,None,None,80.01,78.51,-1.1494,14052100000,None,2498500000,5636700000,None,None,10546900000,8318600000,60.21,None,95.76,65.56
2025-12-28,IR,1.35,7458300000.0,60.21,None,1.326,25.62,,None,4735300000,4735300000,,,,,,,,,272600000,277980100,None,7578100000,7578100000,721200000,None,None,None,None,None,None,,0.08,0.001,,,,0.13,-0.01,None,None,0.87,2007-12-31,22.17,3993300000,3261000000.0,2968800000,1270500000,204700000,4717900000,4717900000,None,0,None,827200000,None,None,712700000,None,None,1054200000,None,None,None,0.205,,None,1361800000,477400000,1179500000,None,None,None,,,,,1.076,3.173,4.331,,,,,,,,0.0731,,904900000,2025-10-30,quarterly,0.86,USD,post-market,162400000,7635300000,0.0509,0.0538,0.051,18.61,1441000000,None,None,100000,80.01,78.51,-1.1494,14376200000,None,3235700000,6370800000,None,None,10546900000,7907900000,60.21,None,95.76,65.56
2025-12-28,IR,1.35,7458300000.0,60.21,None,1.326,25.62,,None,None,None,,,,,,,,,273300000,288809400,None,7578100000,7578100000,772600000,None,None,None,None,None,None,,0.08,0.001,,,,0.13,-0.01,None,None,0.87,2007-09-30,22.17,3936000000,3261000000.0,2968800000,1270500000,204700000,4655500000,4655500000,None,0,None,923000000,None,None,901700000,None,None,1054200000,None,None,None,0.205,,None,1361800000,2455200000,1932600000,None,None,None,,,,,1.076,3.173,4.331,,,,,,,,0.0731,,901300000,2025-10-30,quarterly,0.86,USD,post-market,162400000,4921200000,0.0509,0.0538,0.051,18.61,1441000000,None,None,None,80.01,78.51,-1.1494,12389300000,None,4199400000,7194800000,None,None,10546900000,5194500000,60.21,None,95.76,65.56
2025-12-28,IR,1.35,7458300000.0,60.21,None,1.326,25.62,,None,None,None,,,,,,,,,293400000,304295700,None,7578100000,7578100000,685100000,None,None,None,None,None,None,,0.08,0.001,,,,0.13,-0.01,None,None,0.87,2007-06-30,22.17,3877500000,3261000000.0,2968800000,1270500000,204700000,4584500000,4584500000,None,0,None,919300000,None,None,894500000,None,None,1054200000,None,None,None,0.205,,None,1361800000,2640200000,2206500000,None,None,None,,,,,1.076,3.173,4.331,,,,,,,,0.0731,,873300000,2025-10-30,quarterly,0.86,USD,post-market,162400000,5539000000,0.0509,0.0538,0.051,18.61,1441000000,None,None,None,80.01,78.51,-1.1494,12406300000,None,3578300000,6573900000,None,None,10546900000,5832400000,60.21,None,95.76,65.56
2025-12-28,IR,1.35,7458300000.0,60.21,None,1.326,25.62,,None,None,None,,,,,,,,,305300000,310315300,None,7578100000,7578100000,922700000,None,None,None,None,None,None,,0.08,0.001,,,,0.13,-0.01,None,None,0.87,2007-03-31,22.17,4534500000,3261000000.0,2968800000,1270500000,204700000,5266000000,5266000000,None,0,None,1249500000,None,None,903000000,None,None,1054200000,None,None,None,0.205,,None,1361800000,1163100000,1441700000,None,None,None,,,,,1.076,3.173,4.331,,,,,,,,0.0731,,1149500000,2025-10-30,quarterly,0.86,USD,post-market,162400000,5080800000,0.0509,0.0538,0.051,18.61,1441000000,None,None,None,80.01,78.51,-1.1494,12411000000,None,3551200000,7024900000,None,None,10546900000,5386100000,60.21,None,95.76,65.56
2025-12-28,IR,1.35,7458300000.0,60.21,None,1.326,25.62,,None,362300000,362300000,,,,,,,,,306800000,374894400,None,7578100000,7578100000,1026800000,None,None,None,None,None,None,,0.08,0.001,,,,0.13,-0.01,None,None,0.87,2006-12-31,22.17,4604800000,3261000000.0,2968800000,1270500000,204700000,5341000000,5341000000,None,0,None,1320300000,None,None,905200000,None,None,1054200000,None,None,None,0.205,,None,1361800000,416400000,1118400000,None,None,None,,,,,1.076,3.173,4.331,,,,,,,,0.0731,,1276300000,2025-10-30,quarterly,0.86,USD,post-market,162400000,5098000000,0.0509,0.0538,0.051,18.61,1441000000,None,None,700000,80.01,78.51,-1.1494,12145900000,None,3613600000,6741100000,None,None,10546900000,5404800000,60.21,None,95.76,65.56
2025-12-28,IR,1.35,7458300000.0,60.21,None,1.326,25.62,,None,None,None,,,,,,,,,308900000,319785000,None,7578100000,7578100000,962700000,None,None,None,None,None,None,,0.08,0.001,,,,0.13,-0.01,None,None,0.87,2006-09-30,22.17,4542100000,3261000000.0,2968800000,1270500000,204700000,5257700000,5257700000,None,0,None,1386700000,None,None,1171100000,None,None,1054200000,None,None,None,0.205,,None,1361800000,368200000,1498400000,None,None,None,,,,,1.076,3.173,4.331,,,,,,,,0.0731,,1231400000,2025-10-30,quarterly,0.86,USD,post-market,162400000,5371100000,0.0509,0.0538,0.051,18.61,1441000000,None,None,None,80.01,78.51,-1.1494,11779900000,None,3369500000,6099900000,None,None,10546900000,5680000000,60.21,None,95.76,65.56
2025-12-28,IR,1.35,7458300000.0,60.21,None,1.326,25.62,,None,None,None,,,,,,,,,324800000,330591600,None,7578100000,7578100000,932700000,None,None,None,None,None,None,,0.08,0.001,,,,0.13,-0.01,None,None,0.87,2006-06-30,22.17,4522000000,3261000000.0,2968800000,1270500000,204700000,5241300000,5241300000,None,0,None,1297700000,None,None,1171400000,None,None,1054200000,None,None,None,0.205,,None,1361800000,402700000,1521100000,None,None,None,,,,,1.076,3.173,4.331,,,,,,,,0.0731,,1202600000,2025-10-30,quarterly,0.86,USD,post-market,162400000,5736200000,0.0509,0.0538,0.051,18.61,1441000000,None,None,None,80.01,78.51,-1.1494,11758700000,None,2921300000,5697700000,None,None,10546900000,6061000000,60.21,None,95.76,65.56
2025-12-28,IR,1.35,7458300000.0,60.21,None,1.326,25.62,,None,None,None,,,,,,,,,328400000,332414300,None,7578100000,7578100000,896200000,None,None,None,None,None,None,,0.08,0.001,,,,0.13,-0.01,None,None,0.87,2006-03-31,22.17,4476900000,3261000000.0,2968800000,1270500000,204700000,5272300000,5272300000,None,0,None,1246900000,None,None,1180800000,None,None,1054200000,None,None,None,0.205,,None,1361800000,435400000,1490500000,None,None,None,,,,,1.076,3.173,4.331,,,,,,,,0.0731,,1085800000,2025-10-30,quarterly,0.86,USD,post-market,162400000,5573200000,0.0509,0.0538,0.051,18.61,1441000000,None,None,None,80.01,78.51,-1.1494,11987400000,None,3315900000,6085800000,None,None,10546900000,5901600000,60.21,None,95.76,65.56
2025-12-28,IR,1.35,7458300000.0,60.21,None,1.326,25.62,,None,880600000,880600000,,,,,,,,,330700000,313710700,None,7578100000,7578100000,812500000,None,None,None,None,None,None,,0.08,0.001,,,,0.13,-0.01,None,None,0.87,2005-12-31,22.17,4433400000,3261000000.0,2968800000,1270500000,204700000,5150300000,5150300000,None,0,None,1128800000,None,None,1184300000,None,None,1054200000,None,None,None,0.205,,None,1361800000,403300000,1077700000,None,None,None,,,,,1.076,3.173,4.331,,,,,,,,0.0731,,1076000000,2025-10-30,quarterly,0.86,USD,post-market,162400000,5431300000,0.0509,0.0538,0.051,18.61,1441000000,None,None,156500000,80.01,78.51,-1.1494,11756400000,None,3199700000,5994400000,None,None,10546900000,5762000000,60.21,None,95.76,65.56
2025-12-28,IR,1.35,7458300000.0,60.21,None,1.326,25.62,,None,None,None,,,,,,,,,333900000,339295200,None,7578100000,7578100000,722900000,None,None,None,None,None,None,,0.08,0.001,,,,0.13,-0.01,None,None,0.87,2005-09-30,22.17,4487600000,3261000000.0,2968800000,1270500000,204700000,5214200000,5214200000,None,0,None,1230300000,None,None,1190700000,None,None,1054200000,None,None,None,0.205,,None,1361800000,360500000,1430500000,None,None,None,,,,,1.076,3.173,4.331,,,,,,,,0.0731,,1091800000,2025-10-30,quarterly,0.86,USD,post-market,162400000,None,0.0509,0.0538,0.051,18.61,1441000000,None,None,None,80.01,78.51,-1.1494,11540000000,None,3146800000,5932200000,None,None,10546900000,5607800000,60.21,None,95.76,65.56
2025-12-28,IR,1.35,7458300000.0,60.21,None,1.326,25.62,,56300000,1541200000,1541200000,,,,,,,,,4300000,407200000,None,7578100000,7578100000,843600000,None,3100000,1335400000,None,None,None,,0.08,0.001,,,,0.13,-0.01,None,None,0.87,2024-12-31,22.17,8148100000,3261000000.0,2968800000,1270500000,204700000,4372800000,4372800000,None,0,None,1055000000,None,None,4754400000,None,None,1054200000,None,None,None,0.205,,None,1361800000,231900000,524800000,None,294300000,None,,,,,1.076,3.173,4.331,,,,,,,,0.0731,,842100000,2025-10-30,annual,0.86,USD,post-market,162400000,2503500000,0.0509,0.0538,0.051,18.61,1441000000,3100000,59400000,None,80.01,78.51,-1.1494,18009800000,4163500000,1818900000,7764500000,13846300000,5945600000,10546900000,10179000000,60.21,None,95.76,65.56
2025-12-28,IR,1.35,7458300000.0,60.21,None,1.326,25.62,,41600000,1595500000,1595500000,,,,,,,,,4300000,409000000,None,7578100000,7578100000,801200000,None,30600000,1234200000,None,None,None,,0.08,0.001,,,,0.13,-0.01,None,None,0.87,2023-12-31,22.17,6609700000,3261000000.0,2968800000,1270500000,204700000,3611100000,3611100000,None,0,None,1001100000,None,None,2693000000,None,None,1054200000,None,None,None,0.205,,None,1361800000,219600000,544300000,None,433900000,None,,,,,1.076,3.173,4.331,,,,,,,,0.0731,,711400000,2025-10-30,annual,0.86,USD,post-market,162400000,1697200000,0.0509,0.0538,0.051,18.61,1441000000,2765200000,72200000,157700000,80.01,78.51,-1.1494,15563500000,4050400000,1827300000,5716800000,11513100000,3889500000,10546900000,9783800000,60.21,None,95.76,65.56
2025-12-28,IR,1.35,7458300000.0,60.21,None,1.326,25.62,,39600000,1613000000,1613000000,,,,,,,,,4300000,410200000,None,7578100000,7578100000,778700000,None,36500000,1122000000,None,None,None,,0.08,0.001,,,,0.13,-0.01,None,None,0.87,2022-12-31,22.17,6064200000,3261000000.0,2968800000,1270500000,204700000,3578600000,3578600000,None,0,None,1025400000,None,None,3788300000,None,None,1054200000,None,None,None,0.205,,None,1361800000,206900000,553200000,None,1821200000,None,,,,,1.076,3.173,4.331,,,,,,,,0.0731,,1536100000,2025-10-30,annual,0.86,USD,post-market,162400000,950900000,0.0509,0.0538,0.051,18.61,1441000000,3824800000,36500000,34800000,80.01,78.51,-1.1494,14765900000,3967300000,1674000000,5508700000,10798600000,3834700000,10546900000,9195800000,60.21,-1719400000,95.76,65.56
2025-12-28,IR,1.35,7458300000.0,60.21,None,1.326,25.62,,34900000,2109600000,2109600000,,,,,,,,,4300000,421200000,None,7578100000,7578100000,670500000,None,38800000,948600000,None,None,None,,0.08,0.001,,,,0.13,-0.01,None,None,0.87,2021-12-31,22.17,5981600000,3261000000.0,2968800000,1270500000,204700000,3912700000,3912700000,None,0,None,854200000,None,None,4491700000,None,None,1054200000,None,None,None,0.205,,None,1361800000,186900000,516300000,None,1961100000,None,,,,,1.076,3.173,4.331,,,,,,,,0.0731,,1398800000,2025-10-30,annual,0.86,USD,post-market,162400000,378600000,0.0509,0.0538,0.051,18.61,1441000000,4530500000,38800000,None,80.01,78.51,-1.1494,15154500000,4114900000,1467700000,6083300000,11039600000,4615600000,10546900000,9001500000,60.21,-1719400000,95.76,65.56
2025-12-28,IR,1.35,7458300000.0,60.21,None,1.326,25.62,,57400000,1750900000,1750900000,,,,,,,,,4200000,382800000,None,7578100000,7578100000,671100000,None,40400000,966600000,None,None,None,,0.08,0.001,,,,0.13,-0.01,None,None,0.87,2020-12-31,22.17,6303600000,3261000000.0,2968800000,1270500000,204700000,4732600000,4732600000,None,0,None,943600000,None,None,4496500000,None,None,1054200000,None,None,None,0.205,,None,1361800000,201000000,614300000,None,2315700000,None,,,,,1.076,3.173,4.331,,,,,,,,0.0731,,1349500000,2025-10-30,annual,0.86,USD,post-market,162400000,-175700000,0.0509,0.0538,0.051,18.61,1441000000,4536900000,40400000,None,80.01,78.51,-1.1494,16058600000,3862100000,1498600000,6869100000,12196500000,5370500000,10546900000,9119700000,60.21,-1719400000,95.76,65.56
2025-12-28,IR,1.35,7458300000.0,60.21,None,1.326,25.62,,17100000,505500000,505500000,,,,,,,,,2100000,208900000,None,7578100000,7578100000,322900000,None,7600000,459100000,None,None,None,,0.08,0.001,,,,0.13,-0.01,None,None,0.87,2019-12-31,22.17,1287700000,3261000000.0,2968800000,1270500000,204700000,1255000000,1255000000,None,0,None,502500000,None,None,4922900000,None,None,1054200000,None,None,None,0.205,,None,1361800000,76800000,192400000,None,2713100000,None,,,,,1.076,3.173,4.331,,,,,,,,0.0731,,1806200000,2025-10-30,annual,0.86,USD,post-market,162400000,-141400000,0.0509,0.0538,0.051,18.61,1441000000,4930500000,7600000,None,80.01,78.51,-1.1494,4628400000,1543900000,574600000,2758500000,3084500000,2183900000,10546900000,1869900000,60.21,-1719400000,95.76,65.56
2025-12-28,IR,1.35,7458300000.0,60.21,None,1.326,25.62,,None,221200000,221200000,,,,,,,,,2000000,209100000,None,7578100000,7578100000,340000000,None,7900000,525400000,None,None,None,,0.08,0.001,,,,0.13,-0.01,None,None,0.87,2018-12-31,22.17,1289500000,3261000000.0,2968800000,1270500000,204700000,1368400000,1368400000,None,0,None,523900000,None,None,3740700000,None,None,1054200000,None,None,None,0.205,,None,1361800000,60700000,178900000,None,2255300000,None,,,,,1.076,3.173,4.331,,,,,,,,0.0731,,1730800000,2025-10-30,annual,0.86,USD,post-market,162400000,-308700000,0.0509,0.0538,0.051,18.61,1441000000,3748600000,7900000,None,80.01,78.51,-1.1494,4487100000,1331200000,596400000,2811100000,3155900000,2214700000,10546900000,1676000000,60.21,-1719400000,95.76,65.56
2025-12-28,IR,1.35,7458300000.0,60.21,None,1.326,25.62,,None,393300000,393300000,,,,,,,,,2000000,188400000,None,7578100000,7578100000,269700000,None,20900000,536300000,None,None,None,,0.08,0.001,,,,0.13,-0.01,None,None,0.87,2017-12-31,22.17,1227600000,3261000000.0,2968800000,1270500000,204700000,1431200000,1431200000,None,0,None,494500000,None,None,2957000000,None,None,1054200000,None,None,None,0.205,,None,1361800000,39500000,228500000,None,2423900000,None,,,,,1.076,3.173,4.331,,,,,,,,0.0731,,1551300000,2025-10-30,annual,0.86,USD,post-market,162400000,-577800000,0.0509,0.0538,0.051,18.61,1441000000,2977900000,20900000,0,80.01,78.51,-1.1494,4621200000,1463600000,561800000,3144400000,3157600000,2582600000,10546900000,1476800000,60.21,-1719400000,95.76,65.56
2025-12-28,IR,1.35,7458300000.0,60.21,None,1.326,25.62,,None,255803000,255803000,,,,,,,,,1505000,189732248,None,7578100000,7578100000,214856000,None,24465000,441578000,None,None,None,,0.08,0.001,,,,0.13,-0.01,None,None,0.87,2016-12-31,22.17,1154652000,3261000000.0,2968800000,1270500000,204700000,1469922000,1469922000,None,0,None,443949000,None,None,3709400000,None,26800000,1054200000,None,None,None,0.205,,None,1361800000,47183000,215529000,None,2494500000,None,,,,,1.076,3.173,4.331,,,,,,,,0.0731,,1511000000,2025-10-30,annual,0.86,USD,post-market,162400000,-596233000,0.0509,0.0538,0.051,18.61,1441000000,3733865000,24465000,0,80.01,78.51,-1.1494,4315948000,1188513000,497849000,4044190000,3127435000,3546341000,10546900000,265908000,60.21,-702700000,95.76,65.56
2025-12-28,IR,1.35,7458300000.0,60.21,None,1.326,25.62,,None,228322000,228322000,,,,,,,,,1502000,189732248,None,7578100000,7578100000,156868000,None,350800000,403250000,None,None,None,,0.08,0.001,,,,0.13,-0.01,None,None,0.87,2015-12-31,22.17,1191005000,3261000000.0,2968800000,1270500000,204700000,1644179000,1644179000,None,0,None,474950000,None,None,3734800000,None,None,1054200000,None,None,None,0.205,,None,1361800000,50836000,191018000,None,2580300000,None,,,,,1.076,3.173,4.331,,,,,,,,0.0731,,1575100000,2025-10-30,annual,0.86,USD,post-market,162400000,-559613000,0.0509,0.0538,0.051,18.61,1441000000,3760188000,25388000,0,80.01,78.51,-1.1494,4462046000,1157358000,431279000,4056511000,3304688000,3625232000,10546900000,390233000,60.21,-452600000,95.76,65.56
2025-12-28,IR,1.35,7458300000.0,60.21,None,1.326,25.62,,None,1705200000,1705200000,,,,,,,,,266300000,189732248,None,7578100000,7578100000,3183400000,None,366600000,2418800000,None,None,None,,0.08,0.001,,,,0.13,-0.01,None,None,0.87,2014-12-31,22.17,5389800000,3261000000.0,2968800000,1270500000,204700000,3783900000,3783900000,None,0,None,1358900000,None,None,3741700000,None,None,1054200000,None,None,None,0.205,,None,1361800000,225000000,1893400000,None,2671000000,None,,,,,1.076,3.173,4.331,,,,,,,,0.0731,,1477000000,2025-10-30,annual,0.86,USD,post-market,162400000,6540800000,0.0509,0.0538,0.051,18.61,1441000000,None,482700000,0,80.01,78.51,-1.1494,17298500000,5707900000,3666100000,11253100000,11590600000,7587000000,10546900000,5987400000,60.21,-202500000,95.76,65.56
2025-12-28,IR,1.35,7458300000.0,60.21,None,1.326,25.62,,None,1937200000,1937200000,,,,,,,,,282700000,148000000,None,7578100000,7578100000,3040900000,None,3521200000,2431000000,None,None,None,,0.08,0.001,,,,0.13,-0.01,None,None,0.87,2013-12-31,22.17,5540600000,3261000000.0,2968800000,1270500000,204700000,3922000000,3922000000,None,0,None,1166100000,None,None,3153500000,None,None,1054200000,None,None,None,0.205,,None,1361800000,182400000,1816500000,None,2628900000,None,,,,,1.076,3.173,4.331,,,,,,,,0.0731,,1468400000,2025-10-30,annual,0.86,USD,post-market,162400000,6794500000,0.0509,0.0538,0.051,18.61,1441000000,None,367700000,0,80.01,78.51,-1.1494,17658100000,5716700000,3408600000,10526800000,11941400000,7118200000,10546900000,7068900000,60.21,0,95.76,65.56
2025-12-28,IR,1.35,7458300000.0,60.21,None,1.326,25.62,,None,254000000,254000000,,,,,,,,,601000,30504152,None,7578100000,7578100000,198388000,None,None,444815000,None,None,None,,0.08,0.001,,,,0.13,-0.01,None,None,0.87,2012-12-31,22.17,680900000,3261000000.0,2968800000,1270500000,204700000,339724000,339724000,None,0,None,343197000,None,None,2269300000,None,None,1054200000,None,None,None,0.205,,None,1361800000,63364999,564093000,None,3240200000,None,,,,,1.076,3.173,4.331,,,,,,,,0.0731,,1652600000,2025-10-30,annual,0.86,USD,post-market,162400000,1226237000,0.0509,0.0538,0.051,18.61,1441000000,None,963700000,0,80.01,78.51,-1.1494,2490192000,1105377000,762481000,1036029000,1315868000,4001000,10546900000,1451615000,60.21,0,95.76,65.56
2025-12-28,IR,1.35,7458300000.0,60.21,None,1.326,25.62,,None,1160700000,1160700000,,,,,,,,,297100000,None,None,7578100000,7578100000,3361200000,None,None,2404900000,None,None,None,,0.08,0.001,,,,0.13,-0.01,None,None,0.87,2011-12-31,22.17,6105100000,3261000000.0,2968800000,1270500000,204700000,4337100000,4337100000,None,0,None,1282000000,None,None,2879300000,None,None,1054200000,None,None,None,0.205,,None,1361800000,335000000,2136000000,None,3204400000,None,,,,,1.076,3.173,4.331,,,,,,,,0.0731,,1640600000,2025-10-30,annual,0.86,USD,post-market,162400000,5547800000,0.0509,0.0538,0.051,18.61,1441000000,None,763300000,0,80.01,78.51,-1.1494,18754200000,5182600000,4124500000,11738500000,13571600000,7614000000,10546900000,6924300000,60.21,0,95.76,65.56
2025-12-28,IR,1.35,7458300000.0,60.21,None,1.326,25.62,,None,1014300000,1014300000,,,,,,,,,328200000,None,None,7578100000,7578100000,3463300000,None,None,2344200000,None,None,None,,0.08,0.001,,,,0.13,-0.01,None,None,0.87,2010-12-31,22.17,6560200000,3261000000.0,2968800000,1270500000,204700000,4872900000,4872900000,None,0,None,1400800000,None,None,2922300000,None,None,1054200000,None,None,None,0.205,,None,1361800000,611400000,2144700000,None,3092500000,None,,,,,1.076,3.173,4.331,,,,,,,,0.0731,,1776500000,2025-10-30,annual,0.86,USD,post-market,162400000,5389400000,0.0509,0.0538,0.051,18.61,1441000000,None,761600000,0,80.01,78.51,-1.1494,19990900000,5370700000,4224900000,11915100000,14620200000,7690200000,10546900000,7964300000,60.21,0,95.76,65.56
2025-12-28,IR,1.35,7458300000.0,60.21,None,1.326,25.62,,None,876700000,876700000,,,,,,,,,320600000,None,None,7578100000,7578100000,3101500000,None,None,2120200000,None,None,None,,0.08,0.001,,,,0.13,-0.01,None,None,0.87,2009-12-31,22.17,6606000000,3261000000.0,2968800000,1270500000,204700000,5042800000,5042800000,None,0,None,1193200000,None,None,3219900000,None,None,1054200000,None,None,None,0.205,,None,1361800000,637200000,2022500000,None,3653900000,None,,,,,1.076,3.173,4.331,,,,,,,,0.0731,,1912800000,2025-10-30,annual,0.86,USD,post-market,162400000,4837900000,0.0509,0.0538,0.051,18.61,1441000000,None,876700000,0,80.01,78.51,-1.1494,19991000000,4827300000,3978200000,12785300000,15163700000,8807100000,10546900000,7101800000,60.21,-7205700000,95.76,65.56
2025-12-28,IR,1.35,7458300000.0,60.21,None,1.326,25.62,,None,550200000,550200000,,,,,,,,,318800000,None,None,7578100000,7578100000,1046500000,None,None,None,None,None,None,,0.08,0.001,,,,0.13,-0.01,None,None,0.87,2008-12-31,22.17,6620100000,3261000000.0,2968800000,1270500000,204700000,11834200000,11834200000,None,0,None,1615100000,None,None,2773700000,None,None,1054200000,None,None,None,0.205,,None,1361800000,805900000,2114500000,None,None,None,,,,,1.076,3.173,4.331,,,,,,,,0.0731,,1968500000,2025-10-30,annual,0.86,USD,post-market,162400000,4096600000,0.0509,0.0538,0.051,18.61,1441000000,None,None,None,80.01,78.51,-1.1494,20924500000,None,5511400000,14162400000,None,None,10546900000,6661400000,60.21,None,95.76,65.56
2025-12-28,IR,1.35,7458300000.0,60.21,None,1.326,25.62,,None,4735300000,4735300000,,,,,,,,,272600000,None,None,7578100000,7578100000,721200000,None,None,None,None,None,None,,0.08,0.001,,,,0.13,-0.01,None,None,0.87,2007-12-31,22.17,3993300000,3261000000.0,2968800000,1270500000,204700000,4717900000,4717900000,None,0,None,827200000,None,None,712700000,None,None,1054200000,None,None,None,0.205,,None,1361800000,477400000,1179500000,None,None,None,,,,,1.076,3.173,4.331,,,,,,,,0.0731,,904900000,2025-10-30,annual,0.86,USD,post-market,162400000,7635300000,0.0509,0.0538,0.051,18.61,1441000000,None,None,100000,80.01,78.51,-1.1494,14376200000,None,3235700000,6370800000,None,None,10546900000,7907900000,60.21,None,95.76,65.56
2025-12-28,IR,1.35,7458300000.0,60.21,None,1.326,25.62,,None,362300000,362300000,,,,,,,,,306800000,None,None,7578100000,7578100000,1026800000,None,None,None,None,None,None,,0.08,0.001,,,,0.13,-0.01,None,None,0.87,2006-12-31,22.17,4604800000,3261000000.0,2968800000,1270500000,204700000,5341000000,5341000000,None,0,None,1320300000,None,None,905200000,None,None,1054200000,None,None,None,0.205,,None,1361800000,416400000,1118400000,None,None,None,,,,,1.076,3.173,4.331,,,,,,,,0.0731,,1276300000,2025-10-30,annual,0.86,USD,post-market,162400000,5098000000,0.0509,0.0538,0.051,18.61,1441000000,None,None,700000,80.01,78.51,-1.1494,12145900000,None,3613600000,6741100000,None,None,10546900000,5404800000,60.21,None,95.76,65.56
2025-12-28,IR,1.35,7458300000.0,60.21,None,1.326,25.62,,None,880600000,880600000,,,,,,,,,330700000,None,None,7578100000,7578100000,812500000,None,None,None,None,None,None,,0.08,0.001,,,,0.13,-0.01,None,None,0.87,2005-12-31,22.17,4433400000,3261000000.0,2968800000,1270500000,204700000,5150300000,5150300000,None,0,None,1128800000,None,None,1184300000,None,None,1054200000,None,None,None,0.205,,None,1361800000,403300000,1077700000,None,None,None,,,,,1.076,3.173,4.331,,,,,,,,0.0731,,1076000000,2025-10-30,annual,0.86,USD,post-market,162400000,5431300000,0.0509,0.0538,0.051,18.61,1441000000,None,None,156500000,80.01,78.51,-1.1494,11756400000,None,3199700000,5994400000,None,None,10546900000,5762000000,60.21,None,95.76,65.56
2025-12-28,IR,1.35,7458300000.0,60.21,None,1.326,25.62,29100000,None,880600000,880600000,-203500000,-278500000,None,None,-23600000,None,None,None,330700000,None,None,7578100000,7578100000,812500000,None,None,None,None,None,None,124500000,0.08,0.001,7900000,7900000,None,0.13,-0.01,None,None,0.87,2025-09-30,22.17,4433400000,3261000000.0,2968800000,1270500000,204700000,5150300000,5150300000,None,0,None,1128800000,None,None,1184300000,None,None,245800000,None,None,None,0.205,354600000,None,1361800000,403300000,1077700000,None,None,None,None,None,None,None,1.076,3.173,4.331,None,None,None,None,None,-193100000,None,0.0731,None,1076000000,2025-10-30,quarterly,0.86,USD,post-market,162400000,5431300000,0.0509,0.0538,0.051,18.61,1441000000,None,None,156500000,80.01,78.51,-1.1494,11756400000,None,3199700000,5994400000,None,None,10546900000,5762000000,60.21,None,95.76,65.56
2025-12-28,IR,1.35,7458300000.0,60.21,None,1.326,25.62,35300000,None,880600000,880600000,-513100000,-82300000,None,None,-31900000,None,None,None,330700000,None,None,7578100000,7578100000,812500000,None,None,None,None,None,None,120500000,0.08,0.001,8000000,8000000,None,0.13,-0.01,None,None,0.87,2025-06-30,22.17,4433400000,3261000000.0,2968800000,1270500000,204700000,5150300000,5150300000,None,0,None,1128800000,None,None,1184300000,None,None,-113800000,None,None,None,0.205,245700000,None,1361800000,403300000,1077700000,None,None,None,None,None,None,None,1.076,3.173,4.331,None,None,None,None,None,-500200000,None,0.0731,None,1076000000,2025-10-30,quarterly,0.86,USD,post-market,162400000,5431300000,0.0509,0.0538,0.051,18.61,1441000000,None,None,156500000,80.01,78.51,-1.1494,11756400000,None,3199700000,5994400000,None,None,10546900000,5762000000,60.21,None,95.76,65.56
2025-12-28,IR,1.35,7458300000.0,60.21,None,1.326,25.62,33700000,None,880600000,880600000,-10000000,-197100000,None,None,-54100000,None,None,None,330700000,None,None,7578100000,7578100000,812500000,None,None,None,None,None,None,120000000,0.08,0.001,8100000,8100000,None,0.13,-0.01,None,None,0.87,2025-03-31,22.17,4433400000,3261000000.0,2968800000,1270500000,204700000,5150300000,5150300000,None,0,None,1128800000,None,None,1184300000,None,None,188400000,None,None,None,0.205,256400000,None,1361800000,403300000,1077700000,None,None,None,None,None,None,None,1.076,3.173,4.331,None,None,None,None,None,-10000000,None,0.0731,None,1076000000,2025-10-30,quarterly,0.86,USD,post-market,162400000,5431300000,0.0509,0.0538,0.051,18.61,1441000000,None,None,156500000,80.01,78.51,-1.1494,11756400000,None,3199700000,5994400000,None,None,10546900000,5762000000,60.21,None,95.76,65.56
2025-12-28,IR,1.35,7458300000.0,60.21,None,1.326,25.62,35300000,None,880600000,880600000,-75200000,-234900000,None,None,79900000,None,None,None,330700000,None,None,7578100000,7578100000,812500000,None,None,None,None,None,None,122700000,0.08,0.001,8100000,8100000,None,0.13,-0.01,None,None,0.87,2024-12-31,22.17,4433400000,3261000000.0,2968800000,1270500000,204700000,5150300000,5150300000,None,0,None,1128800000,None,None,1184300000,None,None,229800000,None,None,None,0.205,526200000,None,1361800000,403300000,1077700000,None,None,None,None,None,None,None,1.076,3.173,4.331,None,None,None,None,None,-62500000,None,0.0731,None,1076000000,2025-10-30,quarterly,0.86,USD,post-market,162400000,5431300000,0.0509,0.0538,0.051,18.61,1441000000,None,None,156500000,80.01,78.51,-1.1494,11756400000,None,3199700000,5994400000,None,None,10546900000,5762000000,60.21,None,95.76,65.56
2025-12-28,IR,1.35,7458300000.0,60.21,None,1.326,25.62,29700000,None,880600000,880600000,-79300000,-38700000,None,None,23500000,None,None,None,330700000,None,None,7578100000,7578100000,812500000,None,None,None,None,None,None,124300000,0.08,0.001,8100000,8100000,None,0.13,-0.01,None,None,0.87,2024-09-30,22.17,4433400000,3261000000.0,2968800000,1270500000,204700000,5150300000,5150300000,None,0,None,1128800000,None,None,1184300000,None,None,223400000,None,None,None,0.205,404000000,None,1361800000,403300000,1077700000,None,None,None,None,None,None,None,1.076,3.173,4.331,None,None,None,None,None,-62700000,None,0.0731,None,1076000000,2025-10-30,quarterly,0.86,USD,post-market,162400000,5431300000,0.0509,0.0538,0.051,18.61,1441000000,None,None,156500000,80.01,78.51,-1.1494,11756400000,None,3199700000,5994400000,None,None,10546900000,5762000000,60.21,None,95.76,65.56
2025-12-28,IR,1.35,7458300000.0,60.21,None,1.326,25.62,21800000,None,880600000,880600000,1941600000,-2628500000,None,None,-5400000,None,None,None,330700000,None,None,7578100000,7578100000,812500000,None,None,None,None,None,None,116900000,0.08,0.001,8000000,8000000,None,0.13,-0.01,None,None,0.87,2024-06-30,22.17,4433400000,3261000000.0,2968800000,1270500000,204700000,5150300000,5150300000,None,0,None,1128800000,None,None,1184300000,None,None,185000000,None,None,None,0.205,304900000,None,1361800000,403300000,1077700000,None,None,None,None,None,None,None,1.076,3.173,4.331,None,None,None,None,None,-62600000,None,0.0731,None,1076000000,2025-10-30,quarterly,0.86,USD,post-market,162400000,5431300000,0.0509,0.0538,0.051,18.61,1441000000,None,None,156500000,80.01,78.51,-1.1494,11756400000,None,3199700000,5994400000,None,None,10546900000,5762000000,60.21,None,95.76,65.56
2025-12-28,IR,1.35,7458300000.0,60.21,None,1.326,25.62,62300000,None,880600000,880600000,-79600000,-205600000,None,None,-58200000,None,None,None,330700000,None,None,7578100000,7578100000,812500000,None,None,None,None,None,None,117200000,0.08,0.001,8100000,8100000,None,0.13,-0.01,None,None,0.87,2024-03-31,22.17,4433400000,3261000000.0,2968800000,1270500000,204700000,5150300000,5150300000,None,0,None,1128800000,None,None,1184300000,None,None,202200000,None,None,None,0.205,161600000,None,1361800000,403300000,1077700000,None,None,None,None,None,None,None,1.076,3.173,4.331,None,None,None,None,None,-72900000,None,0.0731,None,1076000000,2025-10-30,quarterly,0.86,USD,post-market,162400000,5431300000,0.0509,0.0538,0.051,18.61,1441000000,None,None,156500000,80.01,78.51,-1.1494,11756400000,None,3199700000,5994400000,None,None,10546900000,5762000000,60.21,None,95.76,65.56
2025-12-28,IR,1.35,7458300000.0,60.21,None,1.326,25.62,29600000,None,880600000,880600000,-143700000,-68800000,None,None,107300000,None,None,None,330700000,None,None,7578100000,7578100000,812500000,None,None,None,None,None,None,116700000,0.08,0.001,8100000,8100000,None,0.13,-0.01,None,None,0.87,2023-12-31,22.17,4433400000,3261000000.0,2968800000,1270500000,204700000,5150300000,5150300000,None,0,None,1128800000,None,None,1184300000,None,None,229800000,None,None,None,0.205,581400000,None,1361800000,403300000,1077700000,None,None,None,None,None,None,None,1.076,3.173,4.331,None,None,None,None,None,-130100000,None,0.0731,None,1076000000,2025-10-30,quarterly,0.86,USD,post-market,162400000,5431300000,0.0509,0.0538,0.051,18.61,1441000000,None,None,156500000,80.01,78.51,-1.1494,11756400000,None,3199700000,5994400000,None,None,10546900000,5762000000,60.21,None,95.76,65.56
2025-12-28,IR,1.35,7458300000.0,60.21,None,1.326,25.62,28600000,None,880600000,880600000,-28100000,-336300000,None,None,39600000,None,None,None,330700000,None,None,7578100000,7578100000,812500000,None,None,None,None,None,None,115700000,0.08,0.001,8100000,8100000,None,0.13,-0.01,None,None,0.87,2023-09-30,22.17,4433400000,3261000000.0,2968800000,1270500000,204700000,5150300000,5150300000,None,0,None,1128800000,None,None,1184300000,None,None,209600000,None,None,None,0.205,397300000,None,1361800000,403300000,1077700000,None,None,None,None,None,None,None,1.076,3.173,4.331,None,None,None,None,None,-100000,None,0.0731,None,1076000000,2025-10-30,quarterly,0.86,USD,post-market,162400000,5431300000,0.0509,0.0538,0.051,18.61,1441000000,None,None,156500000,80.01,78.51,-1.1494,11756400000,None,3199700000,5994400000,None,None,10546900000,5762000000,60.21,None,95.76,65.56
2025-12-28,IR,1.35,7458300000.0,60.21,None,1.326,25.62,24800000,None,880600000,880600000,-76400000,-73900000,-9200000,None,15700000,None,None,None,330700000,None,None,7578100000,7578100000,812500000,None,None,None,None,None,None,111800000,0.08,0.001,8100000,8100000,None,0.13,-0.01,None,None,0.87,2023-06-30,22.17,4433400000,3261000000.0,2968800000,1270500000,204700000,5150300000,5150300000,None,0,None,1128800000,None,None,1184300000,None,None,180800000,None,None,None,0.205,228400000,None,1361800000,403300000,1077700000,None,None,None,None,None,None,None,1.076,3.173,4.331,None,None,None,None,None,-55800000,None,0.0731,None,1076000000,2025-10-30,quarterly,0.86,USD,post-market,162400000,5431300000,0.0509,0.0538,0.051,18.61,1441000000,None,None,156500000,80.01,78.51,-1.1494,11756400000,None,3199700000,5994400000,None,None,10546900000,5762000000,60.21,None,95.76,65.56
2025-12-28,IR,1.35,7458300000.0,60.21,None,1.326,25.62,22400000,None,880600000,880600000,-89300000,-581500000,-541700000,None,-45300000,None,None,None,330700000,None,None,7578100000,7578100000,812500000,None,None,None,None,None,None,114000000,0.08,0.001,8100000,8100000,None,0.13,-0.01,None,None,0.87,2023-03-31,22.17,4433400000,3261000000.0,2968800000,1270500000,204700000,5150300000,5150300000,None,0,None,1128800000,None,None,1184300000,None,None,161100000,None,None,None,0.205,170300000,None,1361800000,403300000,1077700000,None,None,None,None,None,None,None,1.076,3.173,4.331,None,None,None,None,None,-77000000,None,0.0731,None,1076000000,2025-10-30,quarterly,0.86,USD,post-market,162400000,5431300000,0.0509,0.0538,0.051,18.61,1441000000,None,None,156500000,80.01,78.51,-1.1494,11756400000,None,3199700000,5994400000,None,None,10546900000,5762000000,60.21,None,95.76,65.56
2025-12-28,IR,1.35,7458300000.0,60.21,None,1.326,25.62,33500000,None,880600000,880600000,-19200000,-217800000,106500000,None,34600000,None,None,-345400000,330700000,None,None,7578100000,7578100000,812500000,None,None,None,None,None,None,104800000,0.08,0.001,8100000,8100000,None,0.13,-0.01,None,None,0.87,2022-12-31,22.17,4433400000,3261000000.0,2968800000,1270500000,204700000,5150300000,5150300000,None,0,None,1128800000,None,None,1184300000,None,None,204100000,None,None,None,0.205,354700000,None,1361800000,403300000,1077700000,None,None,None,None,None,None,None,1.076,3.173,4.331,None,None,None,None,None,-3300000,None,0.0731,None,1076000000,2025-10-30,quarterly,0.86,USD,post-market,162400000,5431300000,0.0509,0.0538,0.051,18.61,1441000000,None,None,156500000,80.01,78.51,-1.1494,11756400000,None,3199700000,5994400000,None,None,10546900000,5762000000,60.21,None,95.76,65.56
2025-12-28,IR,1.35,7458300000.0,60.21,None,1.326,25.62,21800000,None,880600000,880600000,-20000000,-49600000,31700000,None,-69000000,None,None,None,330700000,None,None,7578100000,7578100000,812500000,None,None,None,None,None,None,115000000,0.08,0.001,8100000,8100000,None,0.13,-0.01,None,None,0.87,2022-09-30,22.17,4433400000,3261000000.0,2968800000,1270500000,204700000,5150300000,5150300000,None,0,None,1128800000,None,None,1184300000,None,None,145500000,None,None,None,0.205,274500000,None,1361800000,403300000,1077700000,None,None,None,None,None,None,None,1.076,3.173,4.331,None,None,None,None,None,-4100000,None,0.0731,None,1076000000,2025-10-30,quarterly,0.86,USD,post-market,162400000,5431300000,0.0509,0.0538,0.051,18.61,1441000000,None,None,156500000,80.01,78.51,-1.1494,11756400000,None,3199700000,5994400000,None,None,10546900000,5762000000,60.21,None,95.76,65.56
2025-12-28,IR,1.35,7458300000.0,60.21,None,1.326,25.62,21400000,None,880600000,880600000,-798700000,-17300000,-220700000,None,-91800000,None,None,None,330700000,None,None,7578100000,7578100000,812500000,None,None,None,None,None,None,104500000,0.08,0.001,8000000,8000000,None,0.13,-0.01,None,None,0.87,2022-06-30,22.17,4433400000,3261000000.0,2968800000,1270500000,204700000,5150300000,5150300000,None,0,None,1128800000,None,None,1184300000,None,None,137800000,None,None,None,0.205,185100000,None,1361800000,403300000,1077700000,None,None,None,None,None,None,None,1.076,3.173,4.331,None,None,None,None,None,-152600000,None,0.0731,None,1076000000,2025-10-30,quarterly,0.86,USD,post-market,162400000,5431300000,0.0509,0.0538,0.051,18.61,1441000000,None,None,156500000,80.01,78.51,-1.1494,11756400000,None,3199700000,5994400000,None,None,10546900000,5762000000,60.21,None,95.76,65.56
2025-12-28,IR,1.35,7458300000.0,60.21,None,1.326,25.62,17900000,None,880600000,880600000,-116100000,-48200000,-806100000,None,-99400000,None,None,None,330700000,None,None,7578100000,7578100000,812500000,None,None,None,None,None,None,108500000,0.08,0.001,8200000,8200000,None,0.13,-0.01,None,None,0.87,2022-03-31,22.17,4433400000,3261000000.0,2968800000,1270500000,204700000,5150300000,5150300000,None,0,None,1128800000,None,None,1184300000,None,None,105900000,None,None,None,0.205,46000000,None,1361800000,403300000,1077700000,None,None,None,None,None,None,None,1.076,3.173,4.331,None,None,None,None,None,-101100000,None,0.0731,None,1076000000,2025-10-30,quarterly,0.86,USD,post-market,162400000,5431300000,0.0509,0.0538,0.051,18.61,1441000000,None,None,156500000,80.01,78.51,-1.1494,11756400000,None,3199700000,5994400000,None,None,10546900000,5762000000,60.21,None,95.76,65.56
2025-12-28,IR,1.35,7458300000.0,60.21,None,1.326,25.62,22900000,None,880600000,880600000,-14800000,-147200000,-579600000,-7200000,-7800000,None,None,-265400000,330700000,None,None,7578100000,7578100000,812500000,None,None,None,None,None,None,111800000,0.08,0.001,8200000,8200000,None,0.13,-0.01,None,None,0.87,2021-12-31,22.17,4433400000,3261000000.0,2968800000,1270500000,204700000,5150300000,5150300000,None,0,None,1128800000,None,None,1184300000,None,None,164000000,None,None,None,0.205,235200000,None,1361800000,403300000,1077700000,None,None,None,None,None,None,None,1.076,3.173,4.331,None,None,None,None,None,-300000,None,0.0731,None,1076000000,2025-10-30,quarterly,0.86,USD,post-market,162400000,5431300000,0.0509,0.0538,0.051,18.61,1441000000,None,None,156500000,80.01,78.51,-1.1494,11756400000,None,3199700000,5994400000,None,None,10546900000,5762000000,60.21,None,95.76,65.56
2025-12-28,IR,1.35,7458300000.0,60.21,None,1.326,25.62,15300000,None,880600000,880600000,-1132100000,-610100000,-173600000,-10100000,-45900000,None,None,None,330700000,None,None,7578100000,7578100000,812500000,None,None,None,None,None,None,102500000,0.08,0.001,145000000,145000000,None,0.13,-0.01,None,None,0.87,2021-09-30,22.17,4433400000,3261000000.0,2968800000,1270500000,204700000,5150300000,5150300000,None,0,None,1128800000,None,None,1184300000,None,None,131000000,None,None,None,0.205,116000000,None,1361800000,403300000,1077700000,None,None,None,None,None,None,None,1.076,3.173,4.331,None,None,None,None,None,-733300000,None,0.0731,None,1076000000,2025-10-30,quarterly,0.86,USD,post-market,162400000,5431300000,0.0509,0.0538,0.051,18.61,1441000000,None,None,156500000,80.01,78.51,-1.1494,11756400000,None,3199700000,5994400000,None,None,10546900000,5762000000,60.21,None,95.76,65.56
2025-12-28,IR,1.35,7458300000.0,60.21,None,1.326,25.62,10900000,None,880600000,880600000,-2300000,1879800000,74400000,15000000,-24600000,None,None,None,330700000,None,None,7578100000,7578100000,812500000,None,None,None,None,None,None,102300000,0.08,0.001,148100000,148100000,None,0.13,-0.01,None,None,0.87,2021-06-30,22.17,4433400000,3261000000.0,2968800000,1270500000,204700000,5150300000,5150300000,None,0,None,1128800000,None,None,1184300000,None,None,137600000,None,None,None,0.205,142000000,None,1361800000,403300000,1077700000,None,None,None,None,None,None,None,1.076,3.173,4.331,None,None,None,None,None,-200000,None,0.0731,None,1076000000,2025-10-30,quarterly,0.86,USD,post-market,162400000,5431300000,0.0509,0.0538,0.051,18.61,1441000000,None,None,156500000,80.01,78.51,-1.1494,11756400000,None,3199700000,5994400000,None,None,10546900000,5762000000,60.21,None,95.76,65.56
2025-12-28,IR,1.35,7458300000.0,60.21,None,1.326,25.62,15000000,None,880600000,880600000,-7800000,-208200000,-451900000,-43400000,-56100000,None,None,None,330700000,None,None,7578100000,7578100000,812500000,None,None,None,None,None,None,105500000,0.08,0.001,143700000,143700000,None,0.13,-0.01,None,None,0.87,2021-03-31,22.17,4433400000,3261000000.0,2968800000,1270500000,204700000,5150300000,5150300000,None,0,None,1128800000,None,None,1184300000,None,None,90100000,None,None,None,0.205,122300000,None,1361800000,403300000,1077700000,None,None,None,None,None,None,None,1.076,3.173,4.331,None,None,None,None,None,-3000000,None,0.0731,None,1076000000,2025-10-30,quarterly,0.86,USD,post-market,162400000,5431300000,0.0509,0.0538,0.051,18.61,1441000000,None,None,156500000,80.01,78.51,-1.1494,11756400000,None,3199700000,5994400000,None,None,10546900000,5762000000,60.21,None,95.76,65.56
2025-12-28,IR,1.35,7458300000.0,60.21,None,1.326,25.62,15200000,None,880600000,880600000,10800000,-15400000,99800000,56900000,76000000,None,None,5900000,330700000,None,None,7578100000,7578100000,812500000,None,None,None,None,None,None,141300000,0.08,0.001,905900000,905900000,None,0.13,-0.01,None,None,0.87,2020-12-31,22.17,4433400000,3261000000.0,2968800000,1270500000,204700000,5150300000,5150300000,None,0,None,1128800000,None,None,1184300000,None,None,151100000,None,None,None,0.205,411800000,None,1361800000,403300000,1077700000,None,None,None,None,None,None,None,1.076,3.173,4.331,None,None,None,None,None,-700000,None,0.0731,None,1076000000,2025-10-30,quarterly,0.86,USD,post-market,162400000,5431300000,0.0509,0.0538,0.051,18.61,1441000000,None,None,156500000,80.01,78.51,-1.1494,11756400000,None,3199700000,5994400000,None,None,10546900000,5762000000,60.21,None,95.76,65.56
2025-12-28,IR,1.35,7458300000.0,60.21,None,1.326,25.62,8100000,None,880600000,880600000,-19000000,-39800000,823300000,26500000,102600000,None,None,None,330700000,None,None,7578100000,7578100000,812500000,None,None,None,None,None,None,114200000,0.08,0.001,127000000,127000000,None,0.13,-0.01,None,None,0.87,2020-09-30,22.17,4433400000,3261000000.0,2968800000,1270500000,204700000,5150300000,5150300000,None,0,None,1128800000,None,None,1184300000,None,None,29900000,None,None,None,0.205,186700000,None,1361800000,403300000,1077700000,None,None,None,None,None,None,None,1.076,3.173,4.331,None,None,None,None,None,-100000,None,0.0731,None,1076000000,2025-10-30,quarterly,0.86,USD,post-market,162400000,5431300000,0.0509,0.0538,0.051,18.61,1441000000,None,None,156500000,80.01,78.51,-1.1494,11756400000,None,3199700000,5994400000,None,None,10546900000,5762000000,60.21,None,95.76,65.56
2025-12-28,IR,1.35,7458300000.0,60.21,None,1.326,25.62,17100000,None,880600000,880600000,378800000,-15800000,-280900000,17000000,15800000,None,None,None,330700000,None,None,7578100000,7578100000,812500000,None,None,None,None,None,None,144500000,0.08,0.001,127400000,127400000,None,0.13,-0.01,None,None,0.87,2020-06-30,22.17,4433400000,3261000000.0,2968800000,1270500000,204700000,5150300000,5150300000,None,0,None,1128800000,None,None,1184300000,None,None,-176600000,None,None,None,0.205,247400000,None,1361800000,403300000,1077700000,None,None,None,None,None,None,None,1.076,3.173,4.331,None,None,None,None,None,-500000,None,0.0731,None,1076000000,2025-10-30,quarterly,0.86,USD,post-market,162400000,5431300000,0.0509,0.0538,0.051,18.61,1441000000,None,None,156500000,80.01,78.51,-1.1494,11756400000,None,3199700000,5994400000,None,None,10546900000,5762000000,60.21,None,95.76,65.56
2025-12-28,IR,1.35,7458300000.0,60.21,None,1.326,25.62,8300000,None,880600000,880600000,-41900000,33100000,1369100000,-32200000,-23600000,None,None,None,330700000,None,None,7578100000,7578100000,812500000,None,None,None,None,None,None,72300000,0.08,0.001,125900000,125900000,None,0.13,-0.01,None,None,0.87,2020-03-31,22.17,4433400000,3261000000.0,2968800000,1270500000,204700000,5150300000,5150300000,None,0,None,1128800000,None,None,1184300000,None,None,-36800000,None,None,None,0.205,68400000,None,1361800000,403300000,1077700000,None,None,None,None,None,None,None,1.076,3.173,4.331,None,None,None,None,None,-800000,None,0.0731,None,1076000000,2025-10-30,quarterly,0.86,USD,post-market,162400000,5431300000,0.0509,0.0538,0.051,18.61,1441000000,None,None,156500000,80.01,78.51,-1.1494,11756400000,None,3199700000,5994400000,None,None,10546900000,5762000000,60.21,None,95.76,65.56
2025-12-28,IR,1.35,7458300000.0,60.21,None,1.326,25.62,9400000,None,880600000,880600000,1600000,-9200000,472700000,16400000,44900000,None,None,-53200000,330700000,None,None,7578100000,7578100000,812500000,None,None,None,None,None,None,45200000,0.08,0.001,909000000,909000000,None,0.13,-0.01,None,None,0.87,2019-12-31,22.17,4433400000,3261000000.0,2968800000,1270500000,204700000,5150300000,5150300000,None,0,None,1128800000,None,None,1184300000,None,None,25700000,None,None,None,0.205,99000000,None,1361800000,403300000,1077700000,None,None,None,None,None,None,None,1.076,3.173,4.331,None,None,None,None,None,-1300000,None,0.0731,None,1076000000,2025-10-30,quarterly,0.86,USD,post-market,162400000,5431300000,0.0509,0.0538,0.051,18.61,1441000000,None,None,156500000,80.01,78.51,-1.1494,11756400000,None,3199700000,5994400000,None,None,10546900000,5762000000,60.21,None,95.76,65.56
2025-12-28,IR,1.35,7458300000.0,60.21,None,1.326,25.62,9100000,None,880600000,880600000,3000000,-20600000,-44700000,-32700000,8800000,None,None,None,330700000,None,None,7578100000,7578100000,812500000,None,None,None,None,None,None,43000000,0.08,0.001,123700000,123700000,None,0.13,-0.01,None,None,0.87,2019-09-30,22.17,4433400000,3261000000.0,2968800000,1270500000,204700000,5150300000,5150300000,None,0,None,1128800000,None,None,1184300000,None,None,41300000,None,None,None,0.205,114200000,None,1361800000,403300000,1077700000,None,None,None,None,None,None,None,1.076,3.173,4.331,None,None,None,None,None,-200000,None,0.0731,None,1076000000,2025-10-30,quarterly,0.86,USD,post-market,162400000,5431300000,0.0509,0.0538,0.051,18.61,1441000000,None,None,156500000,80.01,78.51,-1.1494,11756400000,None,3199700000,5994400000,None,None,10546900000,5762000000,60.21,None,95.76,65.56
2025-12-28,IR,1.35,7458300000.0,60.21,None,1.326,25.62,10500000,None,880600000,880600000,1200000,-9800000,-1031800000,3600000,-1500000,None,None,None,330700000,None,None,7578100000,7578100000,812500000,None,None,None,None,None,None,44400000,0.08,0.001,131700000,131700000,None,0.13,-0.01,None,None,0.87,2019-06-30,22.17,4433400000,3261000000.0,2968800000,1270500000,204700000,5150300000,5150300000,None,0,None,1128800000,None,None,1184300000,None,None,45000000,None,None,None,0.205,61300000,None,1361800000,403300000,1077700000,None,None,None,None,None,None,None,1.076,3.173,4.331,None,None,None,None,None,-8600000,None,0.0731,None,1076000000,2025-10-30,quarterly,0.86,USD,post-market,162400000,5431300000,0.0509,0.0538,0.051,18.61,1441000000,None,None,156500000,80.01,78.51,-1.1494,11756400000,None,3199700000,5994400000,None,None,10546900000,5762000000,60.21,None,95.76,65.56
2025-12-28,IR,1.35,7458300000.0,60.21,None,1.326,25.62,14200000,None,880600000,880600000,-17300000,-14700000,1004000000,2900000,-33500000,None,None,None,330700000,None,None,7578100000,7578100000,812500000,None,None,None,None,None,None,45500000,0.08,0.001,127700000,127700000,None,0.13,-0.01,None,None,0.87,2019-03-31,22.17,4433400000,3261000000.0,2968800000,1270500000,204700000,5150300000,5150300000,None,0,None,1128800000,None,None,1184300000,None,None,47100000,None,None,None,0.205,68800000,None,1361800000,403300000,1077700000,None,None,None,None,None,None,None,1.076,3.173,4.331,None,None,None,None,None,-8500000,None,0.0731,None,1076000000,2025-10-30,quarterly,0.86,USD,post-market,162400000,5431300000,0.0509,0.0538,0.051,18.61,1441000000,None,None,156500000,80.01,78.51,-1.1494,11756400000,None,3199700000,5994400000,None,None,10546900000,5762000000,60.21,None,95.76,65.56
2025-12-28,IR,1.35,7458300000.0,60.21,None,1.326,25.62,20100000,None,880600000,880600000,-100200000,-92400000,-119100000,-10800000,31700000,None,None,-236000000,330700000,None,None,7578100000,7578100000,812500000,None,None,None,None,None,None,45800000,0.08,0.001,872100000,872100000,None,0.13,-0.01,None,None,0.87,2018-12-31,22.17,4433400000,3261000000.0,2968800000,1270500000,204700000,5150300000,5150300000,None,0,None,1128800000,None,None,1184300000,None,None,94500000,None,None,None,0.205,146200000,None,1361800000,403300000,1077700000,None,None,None,None,None,None,None,1.076,3.173,4.331,None,None,None,None,None,-24000000,None,0.0731,None,1076000000,2025-10-30,quarterly,0.86,USD,post-market,162400000,5431300000,0.0509,0.0538,0.051,18.61,1441000000,None,None,156500000,80.01,78.51,-1.1494,11756400000,None,3199700000,5994400000,None,None,10546900000,5762000000,60.21,None,95.76,65.56
2025-12-28,IR,1.35,7458300000.0,60.21,None,1.326,25.62,11200000,None,880600000,880600000,-158300000,-11200000,53000000,-13500000,2100000,None,None,None,330700000,None,None,7578100000,7578100000,812500000,None,None,None,None,None,None,44400000,0.08,0.001,129400000,129400000,None,0.13,-0.01,None,None,0.87,2018-09-30,22.17,4433400000,3261000000.0,2968800000,1270500000,204700000,5150300000,5150300000,None,0,None,1128800000,None,None,1184300000,None,None,72200000,None,None,None,0.205,103800000,None,1361800000,403300000,1077700000,None,None,None,None,None,None,None,1.076,3.173,4.331,None,None,None,None,None,-7500000,None,0.0731,None,1076000000,2025-10-30,quarterly,0.86,USD,post-market,162400000,5431300000,0.0509,0.0538,0.051,18.61,1441000000,None,None,156500000,80.01,78.51,-1.1494,11756400000,None,3199700000,5994400000,None,None,10546900000,5762000000,60.21,None,95.76,65.56
2025-12-28,IR,1.35,7458300000.0,60.21,None,1.326,25.62,10800000,None,880600000,880600000,-106300000,-29400000,-205600000,-67300000,-3900000,None,None,None,330700000,None,None,7578100000,7578100000,812500000,None,None,None,None,None,None,45200000,0.08,0.001,110200000,110200000,None,0.13,-0.01,None,None,0.87,2018-06-30,22.17,4433400000,3261000000.0,2968800000,1270500000,204700000,5150300000,5150300000,None,0,None,1128800000,None,None,1184300000,None,None,60300000,None,None,None,0.205,134300000,None,1361800000,403300000,1077700000,None,None,None,None,None,None,None,1.076,3.173,4.331,None,None,None,None,None,-3000000,None,0.0731,None,1076000000,2025-10-30,quarterly,0.86,USD,post-market,162400000,5431300000,0.0509,0.0538,0.051,18.61,1441000000,None,None,156500000,80.01,78.51,-1.1494,11756400000,None,3199700000,5994400000,None,None,10546900000,5762000000,60.21,None,95.76,65.56
2025-12-28,IR,1.35,7458300000.0,60.21,None,1.326,25.62,10100000,None,880600000,880600000,-8200000,-102000000,-374300000,46000000,-42900000,None,None,None,330700000,None,None,7578100000,7578100000,812500000,None,None,None,None,None,None,45000000,0.08,0.001,111600000,111600000,None,0.13,-0.01,None,None,0.87,2018-03-31,22.17,4433400000,3261000000.0,2968800000,1270500000,204700000,5150300000,5150300000,None,0,None,1128800000,None,None,1184300000,None,None,42400000,None,None,None,0.205,60200000,None,1361800000,403300000,1077700000,None,None,None,None,None,None,None,1.076,3.173,4.331,None,None,None,None,None,-6200000,None,0.0731,None,1076000000,2025-10-30,quarterly,0.86,USD,post-market,162400000,5431300000,0.0509,0.0538,0.051,18.61,1441000000,None,None,156500000,80.01,78.51,-1.1494,11756400000,None,3199700000,5994400000,None,None,10546900000,5762000000,60.21,None,95.76,65.56
2025-12-28,IR,1.35,7458300000.0,60.21,None,1.326,25.62,20400000,None,880600000,880600000,-9200000,-17700000,290400000,18400000,13700000,None,None,-156700000,330700000,None,None,7578100000,7578100000,812500000,None,None,None,None,None,None,46900000,0.08,0.001,112100000,112100000,None,0.13,-0.01,None,None,0.87,2017-12-31,22.17,4433400000,3261000000.0,2968800000,1270500000,204700000,5150300000,5150300000,None,0,None,1128800000,None,None,1184300000,None,None,143600000,None,None,None,0.205,116600000,None,1361800000,403300000,1077700000,None,None,None,None,None,None,None,1.076,3.173,4.331,None,None,None,None,None,-1000000,None,0.0731,None,1076000000,2025-10-30,quarterly,0.86,USD,post-market,162400000,5431300000,0.0509,0.0538,0.051,18.61,1441000000,None,None,156500000,80.01,78.51,-1.1494,11756400000,None,3199700000,5994400000,None,None,10546900000,5762000000,60.21,None,95.76,65.56
2025-12-28,IR,1.35,7458300000.0,60.21,None,1.326,25.62,9600000,None,880600000,880600000,-9000000,-2500000,-51100000,24300000,-15000000,None,None,None,330700000,None,None,7578100000,7578100000,812500000,None,None,None,None,None,None,43400000,0.08,0.001,113200000,113200000,None,0.13,-0.01,None,None,0.87,2017-09-30,22.17,4433400000,3261000000.0,2968800000,1270500000,204700000,5150300000,5150300000,None,0,None,1128800000,None,None,1184300000,None,None,28100000,None,None,None,0.205,63900000,None,1361800000,403300000,1077700000,None,None,None,None,None,None,None,1.076,3.173,4.331,None,None,None,None,None,-4000000,None,0.0731,None,1076000000,2025-10-30,quarterly,0.86,USD,post-market,162400000,5431300000,0.0509,0.0538,0.051,18.61,1441000000,None,None,156500000,80.01,78.51,-1.1494,11756400000,None,3199700000,5994400000,None,None,10546900000,5762000000,60.21,None,95.76,65.56
2025-12-28,IR,1.35,7458300000.0,60.21,None,1.326,25.62,10410000,None,880600000,880600000,14123000,-24049000,-12400000,38400000,-6020000,None,None,None,330700000,None,None,7578100000,7578100000,812500000,None,None,None,None,None,None,43837000,0.08,0.001,102100000,102100000,None,0.13,-0.01,None,None,0.87,2017-06-30,22.17,4433400000,3261000000.0,2968800000,1270500000,204700000,5150300000,5150300000,None,0,None,1128800000,None,None,1184300000,None,None,-146233000,None,None,None,0.205,22586000,None,1361800000,403300000,1077700000,None,None,None,None,None,None,None,1.076,3.173,4.331,None,None,None,None,None,-55000,None,0.0731,None,1076000000,2025-10-30,quarterly,0.86,USD,post-market,162400000,5431300000,0.0509,0.0538,0.051,18.61,1441000000,None,None,156500000,80.01,78.51,-1.1494,11756400000,None,3199700000,5994400000,None,None,10546900000,5762000000,60.21,None,95.76,65.56
2025-12-28,IR,1.35,7458300000.0,60.21,None,1.326,25.62,16390000,None,880600000,880600000,-13323000,-16551000,-392200000,37300000,-15380000,None,None,None,330700000,None,None,7578100000,7578100000,812500000,None,None,None,None,None,None,39663000,0.08,0.001,102700000,102700000,None,0.13,-0.01,None,None,0.87,2017-03-31,22.17,4433400000,3261000000.0,2968800000,1270500000,204700000,5150300000,5150300000,None,0,None,1128800000,None,None,1184300000,None,None,-6967000,None,None,None,0.205,-2586000,None,1361800000,403300000,1077700000,None,None,None,None,None,None,None,1.076,3.173,4.331,None,None,None,None,None,-2500000,None,0.0731,None,1076000000,2025-10-30,quarterly,0.86,USD,post-market,162400000,5431300000,0.0509,0.0538,0.051,18.61,1441000000,None,None,156500000,80.01,78.51,-1.1494,11756400000,None,3199700000,5994400000,None,None,10546900000,5762000000,60.21,None,95.76,65.56
2025-12-28,IR,1.35,7458300000.0,60.21,None,1.326,25.62,28116000,None,880600000,880600000,-12202000,-22276000,210100000,-65800000,27255000,None,None,-101300000,330700000,None,None,7578100000,7578100000,812500000,None,None,None,None,None,None,45825000,0.08,0.001,8000,8000,None,0.13,-0.01,None,None,0.87,2016-12-31,22.17,4433400000,3261000000.0,2968800000,1270500000,204700000,5150300000,5150300000,None,0,None,1128800000,None,None,1184300000,None,None,-4290000,None,None,None,0.205,58844000,None,1361800000,403300000,1077700000,None,None,None,None,None,None,None,1.076,3.173,4.331,None,None,None,None,None,-1509000,None,0.0731,None,1076000000,2025-10-30,quarterly,0.86,USD,post-market,162400000,5431300000,0.0509,0.0538,0.051,18.61,1441000000,None,None,156500000,80.01,78.51,-1.1494,11756400000,None,3199700000,5994400000,None,None,10546900000,5762000000,60.21,None,95.76,65.56
2025-12-28,IR,1.35,7458300000.0,60.21,None,1.326,25.62,20300000,None,880600000,880600000,-8300000,-34000000,575800000,6200000,13200000,None,None,None,330700000,None,None,7578100000,7578100000,812500000,None,None,None,None,None,None,42900000,0.08,0.001,83100000,83100000,None,0.13,-0.01,None,None,0.87,2016-09-30,22.17,4433400000,3261000000.0,2968800000,1270500000,204700000,5150300000,5150300000,None,0,None,1128800000,None,None,1184300000,None,None,-13000000,None,None,None,0.205,37800000,None,1361800000,403300000,1077700000,None,None,None,None,None,None,None,1.076,3.173,4.331,None,None,None,None,None,-2000000,None,0.0731,None,1076000000,2025-10-30,quarterly,0.86,USD,post-market,162400000,5431300000,0.0509,0.0538,0.051,18.61,1441000000,None,None,156500000,80.01,78.51,-1.1494,11756400000,None,3199700000,5994400000,None,None,10546900000,5762000000,60.21,None,95.76,65.56
2025-12-28,IR,1.35,7458300000.0,60.21,None,1.326,25.62,15317000,None,880600000,880600000,-5009000,-15281000,315900000,-19600000,1603000,None,None,None,330700000,None,None,7578100000,7578100000,812500000,None,None,None,None,None,None,42757000,0.08,0.001,80300000,80300000,None,0.13,-0.01,None,None,0.87,2016-06-30,22.17,4433400000,3261000000.0,2968800000,1270500000,204700000,5150300000,5150300000,None,0,None,1128800000,None,None,1184300000,None,None,-4105000,None,None,None,0.205,38258000,None,1361800000,403300000,1077700000,None,None,None,None,None,None,None,1.076,3.173,4.331,None,None,None,None,None,-114000,None,0.0731,None,1076000000,2025-10-30,quarterly,0.86,USD,post-market,162400000,5431300000,0.0509,0.0538,0.051,18.61,1441000000,None,None,156500000,80.01,78.51,-1.1494,11756400000,None,3199700000,5994400000,None,None,10546900000,5762000000,60.21,None,95.76,65.56
2025-12-28,IR,1.35,7458300000.0,60.21,None,1.326,25.62,10683000,None,880600000,880600000,-17491000,-10519000,-123900000,22000000,-18603000,None,None,None,330700000,None,None,7578100000,7578100000,812500000,None,None,None,None,None,None,41243000,0.08,0.001,82200000,82200000,None,0.13,-0.01,None,None,0.87,2016-03-31,22.17,4433400000,3261000000.0,2968800000,1270500000,204700000,5150300000,5150300000,None,0,None,1128800000,None,None,1184300000,None,None,-9895000,None,None,None,0.205,30742000,None,1361800000,403300000,1077700000,None,None,None,None,None,None,None,1.076,3.173,4.331,None,None,None,None,None,-10486000,None,0.0731,None,1076000000,2025-10-30,quarterly,0.86,USD,post-market,162400000,5431300000,0.0509,0.0538,0.051,18.61,1441000000,None,None,156500000,80.01,78.51,-1.1494,11756400000,None,3199700000,5994400000,None,None,10546900000,5762000000,60.21,None,95.76,65.56
2025-12-28,IR,1.35,7458300000.0,60.21,None,1.326,25.62,76300000,None,880600000,880600000,-414200000,-82400000,85300000,-16200000,-6300000,None,None,-79800000,330700000,None,None,7578100000,7578100000,812500000,None,None,None,None,None,None,94900000,0.08,0.001,540000000,540000000,None,0.13,-0.01,None,None,0.87,2015-12-31,22.17,4433400000,3261000000.0,2968800000,1270500000,204700000,5150300000,5150300000,None,0,None,1128800000,None,None,1184300000,None,None,238500000,None,None,None,0.205,598100000,None,1361800000,403300000,1077700000,None,None,None,None,None,None,None,1.076,3.173,4.331,None,None,None,None,None,-422200000,None,0.0731,None,1076000000,2025-10-30,quarterly,0.86,USD,post-market,162400000,5431300000,0.0509,0.0538,0.051,18.61,1441000000,None,None,156500000,80.01,78.51,-1.1494,11756400000,None,3199700000,5994400000,None,None,10546900000,5762000000,60.21,None,95.76,65.56
2025-12-28,IR,1.35,7458300000.0,60.21,None,1.326,25.62,58000000,None,880600000,880600000,-125900000,-59200000,-128100000,-26000000,0,None,None,None,330700000,None,None,7578100000,7578100000,812500000,None,None,None,None,None,None,88500000,0.08,0.001,76100000,76100000,None,0.13,-0.01,None,None,0.87,2015-09-30,22.17,4433400000,3261000000.0,2968800000,1270500000,204700000,5150300000,5150300000,None,0,None,1128800000,None,None,1184300000,None,None,300900000,None,None,None,0.205,83000000,None,1361800000,403300000,1077700000,None,None,None,None,None,None,None,1.076,3.173,4.331,None,None,None,None,None,233400000,None,0.0731,None,1076000000,2025-10-30,quarterly,0.86,USD,post-market,162400000,5431300000,0.0509,0.0538,0.051,18.61,1441000000,None,None,156500000,80.01,78.51,-1.1494,11756400000,None,3199700000,5994400000,None,None,10546900000,5762000000,60.21,None,95.76,65.56
2025-12-28,IR,1.35,7458300000.0,60.21,None,1.326,25.62,59600000,None,880600000,880600000,-207000000,-57900000,45700000,15400000,0,None,None,None,330700000,None,None,7578100000,7578100000,812500000,None,None,None,None,None,None,92800000,0.08,0.001,77500000,77500000,None,0.13,-0.01,None,None,0.87,2015-06-30,22.17,4433400000,3261000000.0,2968800000,1270500000,204700000,5150300000,5150300000,None,0,None,1128800000,None,None,1184300000,None,None,82900000,None,None,None,0.205,295200000,None,1361800000,403300000,1077700000,None,None,None,None,None,None,None,1.076,3.173,4.331,None,None,None,None,None,0,None,0.0731,None,1076000000,2025-10-30,quarterly,0.86,USD,post-market,162400000,5431300000,0.0509,0.0538,0.051,18.61,1441000000,None,None,156500000,80.01,78.51,-1.1494,11756400000,None,3199700000,5994400000,None,None,10546900000,5762000000,60.21,None,95.76,65.56
2025-12-28,IR,1.35,7458300000.0,60.21,None,1.326,25.62,55700000,None,880600000,880600000,256800000,-993400000,-971300000,-109500000,0,None,None,None,330700000,None,None,7578100000,7578100000,812500000,None,None,None,None,None,None,87900000,0.08,0.001,73800000,73800000,None,0.13,-0.01,None,None,0.87,2015-03-31,22.17,4433400000,3261000000.0,2968800000,1270500000,204700000,5150300000,5150300000,None,0,None,1128800000,None,None,1184300000,None,None,55400000,None,None,None,0.205,-125200000,None,1361800000,403300000,1077700000,None,None,None,None,None,None,None,1.076,3.173,4.331,None,None,None,None,None,0,None,0.0731,None,1076000000,2025-10-30,quarterly,0.86,USD,post-market,162400000,5431300000,0.0509,0.0538,0.051,18.61,1441000000,None,None,156500000,80.01,78.51,-1.1494,11756400000,None,3199700000,5994400000,None,None,10546900000,5762000000,60.21,None,95.76,65.56
2025-12-28,IR,1.35,7458300000.0,60.21,None,1.326,25.62,82800000,None,880600000,880600000,428500000,-76000000,768500000,-59600000,-230000000,None,None,-119900000,330700000,None,None,7578100000,7578100000,812500000,None,None,None,None,None,None,81900000,0.08,0.001,484800000,484800000,None,0.13,-0.01,None,None,0.87,2014-12-31,22.17,4433400000,3261000000.0,2968800000,1270500000,204700000,5150300000,5150300000,None,0,None,1128800000,None,None,1184300000,None,None,260200000,None,None,None,0.205,475600000,None,1361800000,403300000,1077700000,None,None,None,None,None,None,None,1.076,3.173,4.331,None,None,None,None,None,-1294100000,None,0.0731,None,1076000000,2025-10-30,quarterly,0.86,USD,post-market,162400000,5431300000,0.0509,0.0538,0.051,18.61,1441000000,None,None,156500000,80.01,78.51,-1.1494,11756400000,None,3199700000,5994400000,None,None,10546900000,5762000000,60.21,None,95.76,65.56
2025-12-28,IR,1.35,7458300000.0,60.21,None,1.326,25.62,58100000,None,880600000,880600000,-232800000,-56800000,6900000,-81000000,0,None,None,None,330700000,None,None,7578100000,7578100000,812500000,None,None,None,None,None,None,82300000,0.08,0.001,346900000,346900000,None,0.13,-0.01,None,None,0.87,2014-09-30,22.17,4433400000,3261000000.0,2968800000,1270500000,204700000,5150300000,5150300000,None,0,None,1128800000,None,None,1184300000,None,None,291300000,None,None,None,0.205,377500000,None,1361800000,403300000,1077700000,None,None,None,None,None,None,None,1.076,3.173,4.331,None,None,None,None,None,1021600000,None,0.0731,None,1076000000,2025-10-30,quarterly,0.86,USD,post-market,162400000,5431300000,0.0509,0.0538,0.051,18.61,1441000000,None,None,156500000,80.01,78.51,-1.1494,11756400000,None,3199700000,5994400000,None,None,10546900000,5762000000,60.21,None,95.76,65.56
2025-12-28,IR,1.35,7458300000.0,60.21,None,1.326,25.62,42100000,None,880600000,880600000,-203600000,-12000000,31900000,1400000,0,None,None,None,330700000,None,None,7578100000,7578100000,812500000,None,None,None,None,None,None,85900000,0.08,0.001,78100000,78100000,None,0.13,-0.01,None,None,0.87,2014-06-30,22.17,4433400000,3261000000.0,2968800000,1270500000,204700000,5150300000,5150300000,None,0,None,1128800000,None,None,1184300000,None,None,310400000,None,None,None,0.205,246100000,None,1361800000,403300000,1077700000,None,None,None,None,None,None,None,1.076,3.173,4.331,None,None,None,None,None,-205100000,None,0.0731,None,1076000000,2025-10-30,quarterly,0.86,USD,post-market,162400000,5431300000,0.0509,0.0538,0.051,18.61,1441000000,None,None,156500000,80.01,78.51,-1.1494,11756400000,None,3199700000,5994400000,None,None,10546900000,5762000000,60.21,None,95.76,65.56
2025-12-28,IR,1.35,7458300000.0,60.21,None,1.326,25.62,50500000,None,880600000,880600000,-851600000,-52200000,-1039300000,-9500000,0,None,None,None,330700000,None,None,7578100000,7578100000,812500000,None,None,None,None,None,None,82300000,0.08,0.001,69600000,69600000,None,0.13,-0.01,None,None,0.87,2014-03-31,22.17,4433400000,3261000000.0,2968800000,1270500000,204700000,5150300000,5150300000,None,0,None,1128800000,None,None,1184300000,None,None,83600000,None,None,None,0.205,-126000000,None,1361800000,403300000,1077700000,None,None,None,None,None,None,None,1.076,3.173,4.331,None,None,None,None,None,-784200000,None,0.0731,None,1076000000,2025-10-30,quarterly,0.86,USD,post-market,162400000,5431300000,0.0509,0.0538,0.051,18.61,1441000000,None,None,156500000,80.01,78.51,-1.1494,11756400000,None,3199700000,5994400000,None,None,10546900000,5762000000,60.21,None,95.76,65.56
2025-12-28,IR,1.35,7458300000.0,60.21,None,1.326,25.62,54600000,None,880600000,880600000,868900000,-64900000,1027000000,3700000,-39400000,None,None,-214300000,330700000,None,None,7578100000,7578100000,812500000,None,None,None,None,None,None,51600000,0.08,0.001,56800000,56800000,None,0.13,-0.01,None,None,0.87,2013-12-31,22.17,4433400000,3261000000.0,2968800000,1270500000,204700000,5150300000,5150300000,None,0,None,1128800000,None,None,1184300000,None,None,53800000,None,None,None,0.205,219300000,None,1361800000,403300000,1077700000,None,None,None,None,None,None,None,1.076,3.173,4.331,None,None,None,None,None,-357400000,None,0.0731,None,1076000000,2025-10-30,quarterly,0.86,USD,post-market,162400000,5431300000,0.0509,0.0538,0.051,18.61,1441000000,None,None,156500000,80.01,78.51,-1.1494,11756400000,None,3199700000,5994400000,None,None,10546900000,5762000000,60.21,None,95.76,65.56
2025-12-28,IR,1.35,7458300000.0,60.21,None,1.326,25.62,48400000,None,880600000,880600000,-1567500000,-20000000,-1116600000,-51400000,0,None,None,None,330700000,None,None,7578100000,7578100000,812500000,None,None,None,None,None,None,93500000,0.08,0.001,69100000,69100000,None,0.13,-0.01,None,None,0.87,2013-09-30,22.17,4433400000,3261000000.0,2968800000,1270500000,204700000,5150300000,5150300000,None,0,None,1128800000,None,None,1184300000,None,None,165900000,None,None,None,0.205,522300000,None,1361800000,403300000,1077700000,None,None,None,None,None,None,None,1.076,3.173,4.331,None,None,None,None,None,-243800000,None,0.0731,None,1076000000,2025-10-30,quarterly,0.86,USD,post-market,162400000,5431300000,0.0509,0.0538,0.051,18.61,1441000000,None,None,156500000,80.01,78.51,-1.1494,11756400000,None,3199700000,5994400000,None,None,10546900000,5762000000,60.21,None,95.76,65.56
2025-12-28,IR,1.35,7458300000.0,60.21,None,1.326,25.62,67800000,None,880600000,880600000,1018600000,-63300000,1367600000,-24500000,0,None,None,None,330700000,None,None,7578100000,7578100000,812500000,None,None,None,None,None,None,93900000,0.08,0.001,65200000,65200000,None,0.13,-0.01,None,None,0.87,2013-06-30,22.17,4433400000,3261000000.0,2968800000,1270500000,204700000,5150300000,5150300000,None,0,None,1128800000,None,None,1184300000,None,None,324700000,None,None,None,0.205,436800000,None,1361800000,403300000,1077700000,None,None,None,None,None,None,None,1.076,3.173,4.331,None,None,None,None,None,-449700000,None,0.0731,None,1076000000,2025-10-30,quarterly,0.86,USD,post-market,162400000,5431300000,0.0509,0.0538,0.051,18.61,1441000000,None,None,156500000,80.01,78.51,-1.1494,11756400000,None,3199700000,5994400000,None,None,10546900000,5762000000,60.21,None,95.76,65.56
2025-12-28,IR,1.35,7458300000.0,60.21,None,1.326,25.62,6834000,None,880600000,880600000,-56371000,-6481000,-49200000,-600000,-34314000,None,None,None,330700000,None,None,7578100000,7578100000,812500000,None,None,None,None,None,None,14896000,0.08,0.001,2462000,2462000,None,0.13,-0.01,None,None,0.87,2013-03-31,22.17,4433400000,3261000000.0,2968800000,1270500000,204700000,5150300000,5150300000,None,0,None,1128800000,None,None,1184300000,None,None,45683000,None,None,None,0.205,38009000,None,1361800000,403300000,1077700000,None,None,None,None,None,None,None,1.076,3.173,4.331,None,None,None,None,None,-67000,None,0.0731,None,1076000000,2025-10-30,quarterly,0.86,USD,post-market,162400000,5431300000,0.0509,0.0538,0.051,18.61,1441000000,None,None,156500000,80.01,78.51,-1.1494,11756400000,None,3199700000,5994400000,None,None,10546900000,5762000000,60.21,None,95.76,65.56
2025-12-28,IR,1.35,7458300000.0,60.21,None,1.326,25.62,12714000,None,880600000,880600000,-72779000,-11762000,-47500000,-2100000,13556000,None,None,-35200000,330700000,None,None,7578100000,7578100000,812500000,None,None,None,None,None,None,14923000,0.08,0.001,2461000,2461000,None,0.13,-0.01,None,None,0.87,2012-12-31,22.17,4433400000,3261000000.0,2968800000,1270500000,204700000,5150300000,5150300000,None,0,None,1128800000,None,None,1184300000,None,None,69064000,None,None,None,0.205,86423000,None,1361800000,403300000,1077700000,None,None,None,None,None,None,None,1.076,3.173,4.331,None,None,None,None,None,-309000,None,0.0731,None,1076000000,2025-10-30,quarterly,0.86,USD,post-market,162400000,5431300000,0.0509,0.0538,0.051,18.61,1441000000,None,None,156500000,80.01,78.51,-1.1494,11756400000,None,3199700000,5994400000,None,None,10546900000,5762000000,60.21,None,95.76,65.56
2025-12-28,IR,1.35,7458300000.0,60.21,None,1.326,25.62,8691000,None,880600000,880600000,-58429000,-8583000,26200000,9700000,-6699000,None,None,None,330700000,None,None,7578100000,7578100000,812500000,None,None,None,None,None,None,14358000,0.08,0.001,2380000,2380000,None,0.13,-0.01,None,None,0.87,2012-09-30,22.17,4433400000,3261000000.0,2968800000,1270500000,204700000,5150300000,5150300000,None,0,None,1128800000,None,None,1184300000,None,None,64103000,None,None,None,0.205,87609000,None,1361800000,403300000,1077700000,None,None,None,None,None,None,None,1.076,3.173,4.331,None,None,None,None,None,-294000,None,0.0731,None,1076000000,2025-10-30,quarterly,0.86,USD,post-market,162400000,5431300000,0.0509,0.0538,0.051,18.61,1441000000,None,None,156500000,80.01,78.51,-1.1494,11756400000,None,3199700000,5994400000,None,None,10546900000,5762000000,60.21,None,95.76,65.56
2025-12-28,IR,1.35,7458300000.0,60.21,None,1.326,25.62,60900000,None,880600000,880600000,-438400000,-16100000,-186100000,-20800000,0,None,None,None,330700000,None,None,7578100000,7578100000,812500000,None,None,None,None,None,None,95100000,0.08,0.001,59200000,59200000,None,0.13,-0.01,None,None,0.87,2012-06-30,22.17,4433400000,3261000000.0,2968800000,1270500000,204700000,5150300000,5150300000,None,0,None,1128800000,None,None,1184300000,None,None,372900000,None,None,None,0.205,223400000,None,1361800000,403300000,1077700000,None,None,None,None,None,None,None,1.076,3.173,4.331,None,None,None,None,None,-23000000,None,0.0731,None,1076000000,2025-10-30,quarterly,0.86,USD,post-market,162400000,5431300000,0.0509,0.0538,0.051,18.61,1441000000,None,None,156500000,80.01,78.51,-1.1494,11756400000,None,3199700000,5994400000,None,None,10546900000,5762000000,60.21,None,95.76,65.56
2025-12-28,IR,1.35,7458300000.0,60.21,None,1.326,25.62,52900000,None,880600000,880600000,-41900000,-49700000,-71200000,4000000,0,None,None,None,330700000,None,None,7578100000,7578100000,812500000,None,None,None,None,None,None,98000000,0.08,0.001,51100000,51100000,None,0.13,-0.01,None,None,0.87,2012-03-31,22.17,4433400000,3261000000.0,2968800000,1270500000,204700000,5150300000,5150300000,None,0,None,1128800000,None,None,1184300000,None,None,102200000,None,None,None,0.205,82200000,None,1361800000,403300000,1077700000,None,None,None,None,None,None,None,1.076,3.173,4.331,None,None,None,None,None,12900000,None,0.0731,None,1076000000,2025-10-30,quarterly,0.86,USD,post-market,162400000,5431300000,0.0509,0.0538,0.051,18.61,1441000000,None,None,156500000,80.01,78.51,-1.1494,11756400000,None,3199700000,5994400000,None,None,10546900000,5762000000,60.21,None,95.76,65.56
2025-12-28,IR,1.35,7458300000.0,60.21,None,1.326,25.62,113800000,None,880600000,880600000,-596100000,-92000000,-243100000,-1000000,-14300000,None,None,8100000,330700000,None,None,7578100000,7578100000,812500000,None,None,None,None,None,None,100600000,0.08,0.001,39100000,39100000,None,0.13,-0.01,None,None,0.87,2011-12-31,22.17,4433400000,3261000000.0,2968800000,1270500000,204700000,5150300000,5150300000,None,0,None,1128800000,None,None,1184300000,None,None,248100000,None,None,None,0.205,467200000,None,1361800000,403300000,1077700000,None,None,None,None,None,None,None,1.076,3.173,4.331,None,None,None,None,None,-580300000,None,0.0731,None,1076000000,2025-10-30,quarterly,0.86,USD,post-market,162400000,5431300000,0.0509,0.0538,0.051,18.61,1441000000,None,None,156500000,80.01,78.51,-1.1494,11756400000,None,3199700000,5994400000,None,None,10546900000,5762000000,60.21,None,95.76,65.56
2025-12-28,IR,1.35,7458300000.0,60.21,None,1.326,25.62,50300000,None,880600000,880600000,-554500000,301100000,144000000,-12400000,0,None,None,None,330700000,None,None,7578100000,7578100000,812500000,None,None,None,None,None,None,103200000,0.08,0.001,44300000,44300000,None,0.13,-0.01,None,None,0.87,2011-09-30,22.17,4433400000,3261000000.0,2968800000,1270500000,204700000,5150300000,5150300000,None,0,None,1128800000,None,None,1184300000,None,None,93400000,None,None,None,0.205,420200000,None,1361800000,403300000,1077700000,None,None,None,None,None,None,None,1.076,3.173,4.331,None,None,None,None,None,-514100000,None,0.0731,None,1076000000,2025-10-30,quarterly,0.86,USD,post-market,162400000,5431300000,0.0509,0.0538,0.051,18.61,1441000000,None,None,156500000,80.01,78.51,-1.1494,11756400000,None,3199700000,5994400000,None,None,10546900000,5762000000,60.21,None,95.76,65.56
2025-12-28,IR,1.35,7458300000.0,60.21,None,1.326,25.62,38000000,None,880600000,880600000,-96400000,-6100000,341700000,5200000,0,None,None,None,330700000,None,None,7578100000,7578100000,812500000,None,None,None,None,None,None,100600000,0.08,0.001,58300000,58300000,None,0.13,-0.01,None,None,0.87,2011-06-30,22.17,4433400000,3261000000.0,2968800000,1270500000,204700000,5150300000,5150300000,None,0,None,1128800000,None,None,1184300000,None,None,99300000,None,None,None,0.205,384500000,None,1361800000,403300000,1077700000,None,None,None,None,None,None,None,1.076,3.173,4.331,None,None,None,None,None,9900000,None,0.0731,None,1076000000,2025-10-30,quarterly,0.86,USD,post-market,162400000,5431300000,0.0509,0.0538,0.051,18.61,1441000000,None,None,156500000,80.01,78.51,-1.1494,11756400000,None,3199700000,5994400000,None,None,10546900000,5762000000,60.21,None,95.76,65.56
2025-12-28,IR,1.35,7458300000.0,60.21,None,1.326,25.62,40800000,None,880600000,880600000,600000,-39900000,-96200000,6700000,0,None,None,None,330700000,None,None,7578100000,7578100000,812500000,None,None,None,None,None,None,98300000,0.08,0.001,23100000,23100000,None,0.13,-0.01,None,None,0.87,2011-03-31,22.17,4433400000,3261000000.0,2968800000,1270500000,204700000,5150300000,5150300000,None,0,None,1128800000,None,None,1184300000,None,None,-71500000,None,None,None,0.205,-41700000,None,1361800000,403300000,1077700000,None,None,None,None,None,None,None,1.076,3.173,4.331,None,None,None,None,None,36000000,None,0.0731,None,1076000000,2025-10-30,quarterly,0.86,USD,post-market,162400000,5431300000,0.0509,0.0538,0.051,18.61,1441000000,None,None,156500000,80.01,78.51,-1.1494,11756400000,None,3199700000,5994400000,None,None,10546900000,5762000000,60.21,None,95.76,65.56
2025-12-28,IR,1.35,7458300000.0,60.21,None,1.326,25.62,62200000,None,880600000,880600000,87000000,-68400000,203600000,6500000,-219000000,None,None,-240300000,330700000,None,None,7578100000,7578100000,812500000,None,None,None,None,None,None,107700000,0.08,0.001,33800000,33800000,None,0.13,-0.01,None,None,0.87,2010-12-31,22.17,4433400000,3261000000.0,2968800000,1270500000,204700000,5150300000,5150300000,None,0,None,1128800000,None,None,1184300000,None,None,219500000,None,None,None,0.205,173800000,None,1361800000,403300000,1077700000,None,None,None,None,None,None,None,1.076,3.173,4.331,None,None,None,None,None,97800000,None,0.0731,None,1076000000,2025-10-30,quarterly,0.86,USD,post-market,162400000,5431300000,0.0509,0.0538,0.051,18.61,1441000000,None,None,156500000,80.01,78.51,-1.1494,11756400000,None,3199700000,5994400000,None,None,10546900000,5762000000,60.21,None,95.76,65.56
2025-12-28,IR,1.35,7458300000.0,60.21,None,1.326,25.62,45000000,None,880600000,880600000,-250300000,-38100000,-10900000,18700000,0,None,None,None,330700000,None,None,7578100000,7578100000,812500000,None,None,None,None,None,None,107000000,0.08,0.001,23700000,23700000,None,0.13,-0.01,None,None,0.87,2010-09-30,22.17,4433400000,3261000000.0,2968800000,1270500000,204700000,5150300000,5150300000,None,0,None,1128800000,None,None,1184300000,None,None,237600000,None,None,None,0.205,287600000,None,1361800000,403300000,1077700000,None,None,None,None,None,None,None,1.076,3.173,4.331,None,None,None,None,None,10400000,None,0.0731,None,1076000000,2025-10-30,quarterly,0.86,USD,post-market,162400000,5431300000,0.0509,0.0538,0.051,18.61,1441000000,None,None,156500000,80.01,78.51,-1.1494,11756400000,None,3199700000,5994400000,None,None,10546900000,5762000000,60.21,None,95.76,65.56
2025-12-28,IR,1.35,7458300000.0,60.21,None,1.326,25.62,38000000,None,880600000,880600000,-57200000,-36600000,222500000,-4600000,0,None,None,None,330700000,None,None,7578100000,7578100000,812500000,None,None,None,None,None,None,110300000,0.08,0.001,30900000,30900000,None,0.13,-0.01,None,None,0.87,2010-06-30,22.17,4433400000,3261000000.0,2968800000,1270500000,204700000,5150300000,5150300000,None,0,None,1128800000,None,None,1184300000,None,None,202000000,None,None,None,0.205,347300000,None,1361800000,403300000,1077700000,None,None,None,None,None,None,None,1.076,3.173,4.331,None,None,None,None,None,26700000,None,0.0731,None,1076000000,2025-10-30,quarterly,0.86,USD,post-market,162400000,5431300000,0.0509,0.0538,0.051,18.61,1441000000,None,None,156500000,80.01,78.51,-1.1494,11756400000,None,3199700000,5994400000,None,None,10546900000,5762000000,60.21,None,95.76,65.56
2025-12-28,IR,1.35,7458300000.0,60.21,None,1.326,25.62,34300000,None,880600000,880600000,-183200000,-35900000,-277600000,3900000,0,None,None,None,330700000,None,None,7578100000,7578100000,812500000,None,None,None,None,None,None,112100000,0.08,0.001,22500000,22500000,None,0.13,-0.01,None,None,0.87,2010-03-31,22.17,4433400000,3261000000.0,2968800000,1270500000,204700000,5150300000,5150300000,None,0,None,1128800000,None,None,1184300000,None,None,6000000,None,None,None,0.205,-52400000,None,1361800000,403300000,1077700000,None,None,None,None,None,None,None,1.076,3.173,4.331,None,None,None,None,None,10400000,None,0.0731,None,1076000000,2025-10-30,quarterly,0.86,USD,post-market,162400000,5431300000,0.0509,0.0538,0.051,18.61,1441000000,None,None,156500000,80.01,78.51,-1.1494,11756400000,None,3199700000,5994400000,None,None,10546900000,5762000000,60.21,None,95.76,65.56
2025-12-28,IR,1.35,7458300000.0,60.21,None,1.326,25.62,204200000,None,880600000,880600000,-1208100000,-182700000,None,None,430800000,None,None,None,330700000,None,None,7578100000,7578100000,812500000,None,None,None,None,None,None,0,0.08,0.001,160800000,160800000,None,0.13,-0.01,None,None,0.87,2009-12-31,22.17,4433400000,3261000000.0,2968800000,1270500000,204700000,5150300000,5150300000,None,0,None,1128800000,None,None,1184300000,None,None,139400000,None,None,None,0.205,1734600000,None,1361800000,403300000,1077700000,None,None,None,None,None,None,None,1.076,3.173,4.331,None,None,None,None,None,0,None,0.0731,None,1076000000,2025-10-30,quarterly,0.86,USD,post-market,162400000,5431300000,0.0509,0.0538,0.051,18.61,1441000000,None,None,156500000,80.01,78.51,-1.1494,11756400000,None,3199700000,5994400000,None,None,10546900000,5762000000,60.21,None,95.76,65.56
2025-12-28,IR,1.35,7458300000.0,60.21,None,1.326,25.62,156100000,None,880600000,880600000,-1158500000,-137300000,None,None,0,None,None,None,330700000,None,None,7578100000,7578100000,812500000,None,None,None,None,None,None,0,0.08,0.001,137800000,137800000,None,0.13,-0.01,None,None,0.87,2009-09-30,22.17,4433400000,3261000000.0,2968800000,1270500000,204700000,5150300000,5150300000,None,0,None,1128800000,None,None,1184300000,None,None,216600000,None,None,None,0.205,1480200000,None,1361800000,403300000,1077700000,None,None,None,None,None,None,None,1.076,3.173,4.331,None,None,None,None,None,0,None,0.0731,None,1076000000,2025-10-30,quarterly,0.86,USD,post-market,162400000,5431300000,0.0509,0.0538,0.051,18.61,1441000000,None,None,156500000,80.01,78.51,-1.1494,11756400000,None,3199700000,5994400000,None,None,10546900000,5762000000,60.21,None,95.76,65.56
2025-12-28,IR,1.35,7458300000.0,60.21,None,1.326,25.62,113800000,None,880600000,880600000,-541800000,-99100000,None,None,0,None,None,None,330700000,None,None,7578100000,7578100000,812500000,None,None,None,None,None,None,0,0.08,0.001,114900000,114900000,None,0.13,-0.01,None,None,0.87,2009-06-30,22.17,4433400000,3261000000.0,2968800000,1270500000,204700000,5150300000,5150300000,None,0,None,1128800000,None,None,1184300000,None,None,122100000,None,None,None,0.205,879400000,None,1361800000,403300000,1077700000,None,None,None,None,None,None,None,1.076,3.173,4.331,None,None,None,None,None,0,None,0.0731,None,1076000000,2025-10-30,quarterly,0.86,USD,post-market,162400000,5431300000,0.0509,0.0538,0.051,18.61,1441000000,None,None,156500000,80.01,78.51,-1.1494,11756400000,None,3199700000,5994400000,None,None,10546900000,5762000000,60.21,None,95.76,65.56
2025-12-28,IR,1.35,7458300000.0,60.21,None,1.326,25.62,58900000,None,880600000,880600000,None,None,None,None,None,None,None,None,330700000,None,None,7578100000,7578100000,812500000,None,None,None,None,None,None,None,0.08,0.001,57400000,57400000,None,0.13,-0.01,None,None,0.87,2009-03-31,22.17,4433400000,3261000000.0,2968800000,1270500000,204700000,5150300000,5150300000,None,0,None,1128800000,None,None,1184300000,None,None,None,None,None,None,0.205,40900000,None,1361800000,403300000,1077700000,None,None,None,None,None,None,None,1.076,3.173,4.331,None,None,None,None,None,None,None,0.0731,None,1076000000,2025-10-30,quarterly,0.86,USD,post-market,162400000,5431300000,0.0509,0.0538,0.051,18.61,1441000000,None,None,156500000,80.01,78.51,-1.1494,11756400000,None,3199700000,5994400000,None,None,10546900000,5762000000,60.21,None,95.76,65.56
2025-12-28,IR,1.35,7458300000.0,60.21,None,1.326,25.62,306000000,None,880600000,880600000,2778100000,None,None,None,120700000,None,None,None,330700000,None,None,7578100000,7578100000,812500000,None,None,None,None,None,None,None,0.08,0.001,212900000,212900000,None,0.13,-0.01,None,None,0.87,2008-12-31,22.17,4433400000,3261000000.0,2968800000,1270500000,204700000,5150300000,5150300000,None,0,None,1128800000,None,None,1184300000,None,None,None,None,None,None,0.205,330900000,None,1361800000,403300000,1077700000,None,None,None,None,None,None,None,1.076,3.173,4.331,None,None,None,None,None,None,None,0.0731,None,1076000000,2025-10-30,quarterly,0.86,USD,post-market,162400000,5431300000,0.0509,0.0538,0.051,18.61,1441000000,None,None,156500000,80.01,78.51,-1.1494,11756400000,None,3199700000,5994400000,None,None,10546900000,5762000000,60.21,None,95.76,65.56
2025-12-28,IR,1.35,7458300000.0,60.21,None,1.326,25.62,196200000,None,880600000,880600000,3202800000,None,None,None,None,None,None,None,330700000,None,None,7578100000,7578100000,812500000,None,None,None,None,None,None,None,0.08,0.001,155500000,155500000,None,0.13,-0.01,None,None,0.87,2008-09-30,22.17,4433400000,3261000000.0,2968800000,1270500000,204700000,5150300000,5150300000,None,0,None,1128800000,None,None,1184300000,None,None,227700000,None,None,None,0.205,None,None,1361800000,403300000,1077700000,None,None,None,None,None,None,None,1.076,3.173,4.331,None,None,None,None,None,None,None,0.0731,None,1076000000,2025-10-30,quarterly,0.86,USD,post-market,162400000,5431300000,0.0509,0.0538,0.051,18.61,1441000000,None,None,156500000,80.01,78.51,-1.1494,11756400000,None,3199700000,5994400000,None,None,10546900000,5762000000,60.21,None,95.76,65.56
2025-12-28,IR,1.35,7458300000.0,60.21,None,1.326,25.62,104700000,None,880600000,880600000,3685000000,None,None,None,None,None,None,None,330700000,None,None,7578100000,7578100000,812500000,None,None,None,None,None,None,None,0.08,0.001,98200000,98200000,None,0.13,-0.01,None,None,0.87,2008-06-30,22.17,4433400000,3261000000.0,2968800000,1270500000,204700000,5150300000,5150300000,None,0,None,1128800000,None,None,1184300000,None,None,256100000,None,None,None,0.205,None,None,1361800000,403300000,1077700000,None,None,None,None,None,None,None,1.076,3.173,4.331,None,None,None,None,None,None,None,0.0731,None,1076000000,2025-10-30,quarterly,0.86,USD,post-market,162400000,5431300000,0.0509,0.0538,0.051,18.61,1441000000,None,None,156500000,80.01,78.51,-1.1494,11756400000,None,3199700000,5994400000,None,None,10546900000,5762000000,60.21,None,95.76,65.56
2025-12-28,IR,1.35,7458300000.0,60.21,None,1.326,25.62,37400000,None,880600000,880600000,None,None,None,None,None,None,None,None,330700000,None,None,7578100000,7578100000,812500000,None,None,None,None,None,None,None,0.08,0.001,49100000,49100000,None,0.13,-0.01,None,None,0.87,2008-03-31,22.17,4433400000,3261000000.0,2968800000,1270500000,204700000,5150300000,5150300000,None,0,None,1128800000,None,None,1184300000,None,None,181600000,None,None,None,0.205,None,None,1361800000,403300000,1077700000,None,None,None,None,None,None,None,1.076,3.173,4.331,None,None,None,None,None,None,None,0.0731,None,1076000000,2025-10-30,quarterly,0.86,USD,post-market,162400000,5431300000,0.0509,0.0538,0.051,18.61,1441000000,None,None,156500000,80.01,78.51,-1.1494,11756400000,None,3199700000,5994400000,None,None,10546900000,5762000000,60.21,None,95.76,65.56
2025-12-28,IR,1.35,7458300000.0,60.21,None,1.326,25.62,119700000,None,880600000,880600000,None,5994700000,None,None,75400000,None,None,None,330700000,None,None,7578100000,7578100000,812500000,None,None,None,None,None,None,None,0.08,0.001,209800000,209800000,None,0.13,-0.01,None,None,0.87,2007-12-31,22.17,4433400000,3261000000.0,2968800000,1270500000,204700000,5150300000,5150300000,None,0,None,1128800000,None,None,1184300000,None,None,2518500000,None,None,None,0.205,896100000,None,1361800000,403300000,1077700000,None,None,None,None,None,None,None,1.076,3.173,4.331,None,None,None,None,None,None,None,0.0731,None,1076000000,2025-10-30,quarterly,0.86,USD,post-market,162400000,5431300000,0.0509,0.0538,0.051,18.61,1441000000,None,None,156500000,80.01,78.51,-1.1494,11756400000,None,3199700000,5994400000,None,None,10546900000,5762000000,60.21,None,95.76,65.56
2025-12-28,IR,1.35,7458300000.0,60.21,None,1.326,25.62,88500000,None,880600000,880600000,None,1167400000,None,None,None,None,None,None,330700000,None,None,7578100000,7578100000,812500000,None,None,None,None,None,None,None,0.08,0.001,160900000,160900000,None,0.13,-0.01,None,None,0.87,2007-09-30,22.17,4433400000,3261000000.0,2968800000,1270500000,204700000,5150300000,5150300000,None,0,None,1128800000,None,None,1184300000,None,None,266600000,None,None,None,0.205,456800000,None,1361800000,403300000,1077700000,None,None,None,None,None,None,None,1.076,3.173,4.331,None,None,None,None,None,None,None,0.0731,None,1076000000,2025-10-30,quarterly,0.86,USD,post-market,162400000,5431300000,0.0509,0.0538,0.051,18.61,1441000000,None,None,156500000,80.01,78.51,-1.1494,11756400000,None,3199700000,5994400000,None,None,10546900000,5762000000,60.21,None,95.76,65.56
2025-12-28,IR,1.35,7458300000.0,60.21,None,1.326,25.62,57800000,None,880600000,880600000,None,1208500000,None,None,None,None,None,None,330700000,None,None,7578100000,7578100000,812500000,None,None,None,None,None,None,None,0.08,0.001,109600000,109600000,None,0.13,-0.01,None,None,0.87,2007-06-30,22.17,4433400000,3261000000.0,2968800000,1270500000,204700000,5150300000,5150300000,None,0,None,1128800000,None,None,1184300000,None,None,964100000,None,None,None,0.205,198200000,None,1361800000,403300000,1077700000,None,None,None,None,None,None,None,1.076,3.173,4.331,None,None,None,None,None,None,None,0.0731,None,1076000000,2025-10-30,quarterly,0.86,USD,post-market,162400000,5431300000,0.0509,0.0538,0.051,18.61,1441000000,None,None,156500000,80.01,78.51,-1.1494,11756400000,None,3199700000,5994400000,None,None,10546900000,5762000000,60.21,None,95.76,65.56
2025-12-28,IR,1.35,7458300000.0,60.21,None,1.326,25.62,47000000,None,880600000,880600000,None,None,None,None,None,None,None,None,330700000,None,None,7578100000,7578100000,812500000,None,None,None,None,None,None,None,0.08,0.001,55300000,55300000,None,0.13,-0.01,None,None,0.87,2007-03-31,22.17,4433400000,3261000000.0,2968800000,1270500000,204700000,5150300000,5150300000,None,0,None,1128800000,None,None,1184300000,None,None,217500000,None,None,None,0.205,45800000,None,1361800000,403300000,1077700000,None,None,None,None,None,None,None,1.076,3.173,4.331,None,None,None,None,None,None,None,0.0731,None,1076000000,2025-10-30,quarterly,0.86,USD,post-market,162400000,5431300000,0.0509,0.0538,0.051,18.61,1441000000,None,None,156500000,80.01,78.51,-1.1494,11756400000,None,3199700000,5994400000,None,None,10546900000,5762000000,60.21,None,95.76,65.56
2025-12-28,IR,1.35,7458300000.0,60.21,None,1.326,25.62,212300000,None,880600000,880600000,None,None,None,None,None,None,None,None,330700000,None,None,7578100000,7578100000,812500000,None,None,None,None,None,None,None,0.08,0.001,217600000,217600000,None,0.13,-0.01,None,None,0.87,2006-12-31,22.17,4433400000,3261000000.0,2968800000,1270500000,204700000,5150300000,5150300000,None,0,None,1128800000,None,None,1184300000,None,None,221900000,None,None,None,0.205,972200000,None,1361800000,403300000,1077700000,None,None,None,None,None,None,None,1.076,3.173,4.331,None,None,None,None,None,None,None,0.0731,None,1076000000,2025-10-30,quarterly,0.86,USD,post-market,162400000,5431300000,0.0509,0.0538,0.051,18.61,1441000000,None,None,156500000,80.01,78.51,-1.1494,11756400000,None,3199700000,5994400000,None,None,10546900000,5762000000,60.21,None,95.76,65.56
2025-12-28,IR,1.35,7458300000.0,60.21,None,1.326,25.62,146400000,None,880600000,880600000,None,None,None,None,None,None,None,None,330700000,None,None,7578100000,7578100000,812500000,None,None,None,None,None,None,None,0.08,0.001,162500000,162500000,None,0.13,-0.01,None,None,0.87,2006-09-30,22.17,4433400000,3261000000.0,2968800000,1270500000,204700000,5150300000,5150300000,None,0,None,1128800000,None,None,1184300000,None,None,243900000,None,None,None,0.205,513700000,None,1361800000,403300000,1077700000,None,None,None,None,None,None,None,1.076,3.173,4.331,None,None,None,None,None,None,None,0.0731,None,1076000000,2025-10-30,quarterly,0.86,USD,post-market,162400000,5431300000,0.0509,0.0538,0.051,18.61,1441000000,None,None,156500000,80.01,78.51,-1.1494,11756400000,None,3199700000,5994400000,None,None,10546900000,5762000000,60.21,None,95.76,65.56
2025-12-28,IR,1.35,7458300000.0,60.21,None,1.326,25.62,90900000,None,880600000,880600000,None,37700000,None,None,None,None,None,None,330700000,None,None,7578100000,7578100000,812500000,None,None,None,None,None,None,None,0.08,0.001,105000000,105000000,None,0.13,-0.01,None,None,0.87,2006-06-30,22.17,4433400000,3261000000.0,2968800000,1270500000,204700000,5150300000,5150300000,None,0,None,1128800000,None,None,1184300000,None,None,313500000,None,None,None,0.205,216100000,None,1361800000,403300000,1077700000,None,None,None,None,None,None,None,1.076,3.173,4.331,None,None,None,None,None,None,None,0.0731,None,1076000000,2025-10-30,quarterly,0.86,USD,post-market,162400000,5431300000,0.0509,0.0538,0.051,18.61,1441000000,None,None,156500000,80.01,78.51,-1.1494,11756400000,None,3199700000,5994400000,None,None,10546900000,5762000000,60.21,None,95.76,65.56
2025-12-28,IR,1.35,7458300000.0,60.21,None,1.326,25.62,34100000,None,880600000,880600000,None,51100000,None,None,None,None,None,None,330700000,None,None,7578100000,7578100000,812500000,None,None,None,None,None,None,None,0.08,0.001,52300000,52300000,None,0.13,-0.01,None,None,0.87,2006-03-31,22.17,4433400000,3261000000.0,2968800000,1270500000,204700000,5150300000,5150300000,None,0,None,1128800000,None,None,1184300000,None,None,253200000,None,None,None,0.205,23100000,None,1361800000,403300000,1077700000,None,None,None,None,None,None,None,1.076,3.173,4.331,None,None,None,None,None,None,None,0.0731,None,1076000000,2025-10-30,quarterly,0.86,USD,post-market,162400000,5431300000,0.0509,0.0538,0.051,18.61,1441000000,None,None,156500000,80.01,78.51,-1.1494,11756400000,None,3199700000,5994400000,None,None,10546900000,5762000000,60.21,None,95.76,65.56
2025-12-28,IR,1.35,7458300000.0,60.21,None,1.326,25.62,111800000,None,880600000,880600000,None,None,None,None,600000,None,None,None,330700000,None,None,7578100000,7578100000,812500000,None,None,None,None,None,None,None,0.08,0.001,192100000,192100000,None,0.13,-0.01,None,None,0.87,2005-12-31,22.17,4433400000,3261000000.0,2968800000,1270500000,204700000,5150300000,5150300000,None,0,None,1128800000,None,None,1184300000,None,None,291500000,None,None,None,0.205,809100000,None,1361800000,403300000,1077700000,None,None,None,None,None,None,None,1.076,3.173,4.331,None,None,None,None,None,None,None,0.0731,None,1076000000,2025-10-30,quarterly,0.86,USD,post-market,162400000,5431300000,0.0509,0.0538,0.051,18.61,1441000000,None,None,156500000,80.01,78.51,-1.1494,11756400000,None,3199700000,5994400000,None,None,10546900000,5762000000,60.21,None,95.76,65.56
2025-12-28,IR,1.35,7458300000.0,60.21,None,1.326,25.62,81500000,None,880600000,880600000,None,None,None,None,None,None,None,None,330700000,None,None,7578100000,7578100000,812500000,None,None,None,None,None,None,None,0.08,0.001,139200000,139200000,None,0.13,-0.01,None,None,0.87,2005-09-30,22.17,4433400000,3261000000.0,2968800000,1270500000,204700000,5150300000,5150300000,None,0,None,1128800000,None,None,1184300000,None,None,254200000,None,None,None,0.205,393500000,None,1361800000,403300000,1077700000,None,None,None,None,None,None,None,1.076,3.173,4.331,None,None,None,None,None,None,None,0.0731,None,1076000000,2025-10-30,quarterly,0.86,USD,post-market,162400000,5431300000,0.0509,0.0538,0.051,18.61,1441000000,None,None,156500000,80.01,78.51,-1.1494,11756400000,None,3199700000,5994400000,None,None,10546900000,5762000000,60.21,None,95.76,65.56
2025-12-28,IR,1.35,7458300000.0,60.21,None,1.326,25.62,149100000,None,880600000,880600000,1707500000,-3107700000,None,None,39800000,None,None,None,330700000,None,None,7578100000,7578100000,812500000,None,None,None,None,None,None,482000000,0.08,0.001,32300000,32300000,None,0.13,-0.01,None,None,0.87,2024-12-31,22.17,4433400000,3261000000.0,2968800000,1270500000,204700000,5150300000,5150300000,None,0,None,1128800000,None,None,1184300000,None,None,846300000,None,None,None,0.205,1396700000,None,1361800000,403300000,1077700000,None,None,None,None,None,None,None,1.076,3.173,4.331,None,None,None,None,None,-260700000,None,0.0731,None,1076000000,2025-10-30,annual,0.86,USD,post-market,162400000,5431300000,0.0509,0.0538,0.051,18.61,1441000000,None,None,156500000,80.01,78.51,-1.1494,11756400000,None,3199700000,5994400000,None,None,10546900000,5762000000,60.21,None,95.76,65.56
2025-12-28,IR,1.35,7458300000.0,60.21,None,1.326,25.62,105400000,None,880600000,880600000,-337500000,-1060500000,None,None,117300000,None,None,None,330700000,None,None,7578100000,7578100000,812500000,None,None,None,None,None,None,459100000,0.08,0.001,32400000,32400000,None,0.13,-0.01,None,None,0.87,2023-12-31,22.17,4433400000,3261000000.0,2968800000,1270500000,204700000,5150300000,5150300000,None,0,None,1128800000,None,None,1184300000,None,None,778700000,None,None,None,0.205,1377400000,None,1361800000,403300000,1077700000,None,None,None,None,None,None,None,1.076,3.173,4.331,None,None,None,None,None,-263000000,None,0.0731,None,1076000000,2025-10-30,annual,0.86,USD,post-market,162400000,5431300000,0.0509,0.0538,0.051,18.61,1441000000,None,None,156500000,80.01,78.51,-1.1494,11756400000,None,3199700000,5994400000,None,None,10546900000,5762000000,60.21,None,95.76,65.56
2025-12-28,IR,1.35,7458300000.0,60.21,None,1.326,25.62,94600000,None,880600000,880600000,-954000000,-332900000,-888600000,None,-225600000,None,None,-345400000,330700000,None,None,7578100000,7578100000,812500000,None,None,None,None,None,None,432800000,0.08,0.001,32400000,32400000,None,0.13,-0.01,None,None,0.87,2022-12-31,22.17,4433400000,3261000000.0,2968800000,1270500000,204700000,5150300000,5150300000,None,0,None,1128800000,None,None,1184300000,None,None,593300000,None,None,None,0.205,860300000,None,1361800000,403300000,1077700000,None,None,None,None,None,None,None,1.076,3.173,4.331,None,None,None,None,None,-261100000,None,0.0731,None,1076000000,2025-10-30,annual,0.86,USD,post-market,162400000,5431300000,0.0509,0.0538,0.051,18.61,1441000000,None,None,156500000,80.01,78.51,-1.1494,11756400000,None,3199700000,5994400000,None,None,10546900000,5762000000,60.21,None,95.76,65.56
2025-12-28,IR,1.35,7458300000.0,60.21,None,1.326,25.62,64100000,None,880600000,880600000,-1157000000,914300000,-1130700000,-45700000,-134400000,None,None,-265400000,330700000,None,None,7578100000,7578100000,812500000,None,None,None,None,None,None,422100000,0.08,0.001,8200000,8200000,None,0.13,-0.01,None,None,0.87,2021-12-31,22.17,4433400000,3261000000.0,2968800000,1270500000,204700000,5150300000,5150300000,None,0,None,1128800000,None,None,1184300000,None,None,523400000,None,None,None,0.205,615500000,None,1361800000,403300000,1077700000,None,None,None,None,None,None,None,1.076,3.173,4.331,None,None,None,None,None,-736800000,None,0.0731,None,1076000000,2025-10-30,annual,0.86,USD,post-market,162400000,5431300000,0.0509,0.0538,0.051,18.61,1441000000,None,None,156500000,80.01,78.51,-1.1494,11756400000,None,3199700000,5994400000,None,None,10546900000,5762000000,60.21,None,95.76,65.56
2025-12-28,IR,1.35,7458300000.0,60.21,None,1.326,25.62,48700000,None,880600000,880600000,328700000,-37900000,2011300000,68200000,170800000,None,None,5900000,330700000,None,None,7578100000,7578100000,812500000,None,None,None,None,None,None,500900000,0.08,0.001,22700000,22700000,None,0.13,-0.01,None,None,0.87,2020-12-31,22.17,4433400000,3261000000.0,2968800000,1270500000,204700000,5150300000,5150300000,None,0,None,1128800000,None,None,1184300000,None,None,-32400000,None,None,None,0.205,914300000,None,1361800000,403300000,1077700000,None,None,None,None,None,None,None,1.076,3.173,4.331,None,None,None,None,None,-2100000,None,0.0731,None,1076000000,2025-10-30,annual,0.86,USD,post-market,162400000,5431300000,0.0509,0.0538,0.051,18.61,1441000000,None,None,156500000,80.01,78.51,-1.1494,11756400000,None,3199700000,5994400000,None,None,10546900000,5762000000,60.21,None,95.76,65.56
2025-12-28,IR,1.35,7458300000.0,60.21,None,1.326,25.62,43200000,None,880600000,880600000,-11500000,-54300000,400200000,-9800000,18700000,None,None,-53200000,330700000,None,None,7578100000,7578100000,812500000,None,None,None,None,None,None,178100000,0.08,0.001,42700000,42700000,None,0.13,-0.01,None,None,0.87,2019-12-31,22.17,4433400000,3261000000.0,2968800000,1270500000,204700000,5150300000,5150300000,None,0,None,1128800000,None,None,1184300000,None,None,159100000,None,None,None,0.205,343300000,None,1361800000,403300000,1077700000,None,None,None,None,None,None,None,1.076,3.173,4.331,None,None,None,None,None,-18600000,None,0.0731,None,1076000000,2025-10-30,annual,0.86,USD,post-market,162400000,5431300000,0.0509,0.0538,0.051,18.61,1441000000,None,None,156500000,80.01,78.51,-1.1494,11756400000,None,3199700000,5994400000,None,None,10546900000,5762000000,60.21,None,95.76,65.56
2025-12-28,IR,1.35,7458300000.0,60.21,None,1.326,25.62,52200000,None,880600000,880600000,-373000000,-235000000,-646000000,-45600000,-13000000,None,None,-236000000,330700000,None,None,7578100000,7578100000,812500000,None,None,None,None,None,None,180400000,0.08,0.001,520900000,520900000,None,0.13,-0.01,None,None,0.87,2018-12-31,22.17,4433400000,3261000000.0,2968800000,1270500000,204700000,5150300000,5150300000,None,0,None,1128800000,None,None,1184300000,None,None,269400000,None,None,None,0.205,444500000,None,1361800000,403300000,1077700000,None,None,None,None,None,None,None,1.076,3.173,4.331,None,None,None,None,None,-40700000,None,0.0731,None,1076000000,2025-10-30,annual,0.86,USD,post-market,162400000,5431300000,0.0509,0.0538,0.051,18.61,1441000000,None,None,156500000,80.01,78.51,-1.1494,11756400000,None,3199700000,5994400000,None,None,10546900000,5762000000,60.21,None,95.76,65.56
2025-12-28,IR,1.35,7458300000.0,60.21,None,1.326,25.62,56800000,None,880600000,880600000,-17400000,-60800000,-165300000,118400000,-22700000,None,None,-156700000,330700000,None,None,7578100000,7578100000,812500000,None,None,None,None,None,None,173800000,0.08,0.001,2010700000,2010700000,None,0.13,-0.01,None,None,0.87,2017-12-31,22.17,4433400000,3261000000.0,2968800000,1270500000,204700000,5150300000,5150300000,None,0,None,1128800000,None,None,1184300000,None,None,18500000,None,None,None,0.205,200500000,None,1361800000,403300000,1077700000,None,None,None,None,None,None,None,1.076,3.173,4.331,None,None,None,None,None,-3600000,None,0.0731,None,1076000000,2025-10-30,annual,0.86,USD,post-market,162400000,5431300000,0.0509,0.0538,0.051,18.61,1441000000,None,None,156500000,80.01,78.51,-1.1494,11756400000,None,3199700000,5994400000,None,None,10546900000,5762000000,60.21,None,95.76,65.56
2025-12-28,IR,1.35,7458300000.0,60.21,None,1.326,25.62,74416000,None,880600000,880600000,-43002000,-82076000,977900000,-57200000,23455000,None,None,-101300000,330700000,None,None,7578100000,7578100000,812500000,None,None,None,None,None,None,172725000,0.08,0.001,992000,992000,None,0.13,-0.01,None,None,0.87,2016-12-31,22.17,4433400000,3261000000.0,2968800000,1270500000,204700000,5150300000,5150300000,None,0,None,1128800000,None,None,1184300000,None,None,-31290000,None,None,None,0.205,165644000,None,1361800000,403300000,1077700000,None,None,None,None,None,None,None,1.076,3.173,4.331,None,None,None,None,None,-14100000,None,0.0731,None,1076000000,2025-10-30,annual,0.86,USD,post-market,162400000,5431300000,0.0509,0.0538,0.051,18.61,1441000000,None,None,156500000,80.01,78.51,-1.1494,11756400000,None,3199700000,5994400000,None,None,10546900000,5762000000,60.21,None,95.76,65.56
2025-12-28,IR,1.35,7458300000.0,60.21,None,1.326,25.62,71000000,None,880600000,880600000,-35000000,-84000000,-968400000,-136300000,-27800000,None,None,-79800000,330700000,None,None,7578100000,7578100000,812500000,None,None,None,None,None,None,163000000,0.08,0.001,47600000,47600000,None,0.13,-0.01,None,None,0.87,2015-12-31,22.17,4433400000,3261000000.0,2968800000,1270500000,204700000,5150300000,5150300000,None,0,None,1128800000,None,None,1184300000,None,None,-352000000,None,None,None,0.205,172100000,None,1361800000,403300000,1077700000,None,None,None,None,None,None,None,1.076,3.173,4.331,None,None,None,None,None,-2100000,None,0.0731,None,1076000000,2025-10-30,annual,0.86,USD,post-market,162400000,5431300000,0.0509,0.0538,0.051,18.61,1441000000,None,None,156500000,80.01,78.51,-1.1494,11756400000,None,3199700000,5994400000,None,None,10546900000,5762000000,60.21,None,95.76,65.56
2025-12-28,IR,1.35,7458300000.0,60.21,None,1.326,25.62,73546000,None,880600000,880600000,-3698000,-155406000,-232000000,-148700000,-51008000,None,None,-119900000,330700000,None,None,7578100000,7578100000,812500000,None,None,None,None,None,None,160350000,0.08,0.001,391301000,391301000,None,0.13,-0.01,None,None,0.87,2014-12-31,22.17,4433400000,3261000000.0,2968800000,1270500000,204700000,5150300000,5150300000,None,0,None,1128800000,None,None,1184300000,None,None,-135925000,None,None,None,0.205,141805000,None,1361800000,403300000,1077700000,None,None,None,None,None,None,None,1.076,3.173,4.331,None,None,None,None,None,-3210000,None,0.0731,None,1076000000,2025-10-30,annual,0.86,USD,post-market,162400000,5431300000,0.0509,0.0538,0.051,18.61,1441000000,None,None,156500000,80.01,78.51,-1.1494,11756400000,None,3199700000,5994400000,None,None,10546900000,5762000000,60.21,None,95.76,65.56
2025-12-28,IR,1.35,7458300000.0,60.21,None,1.326,25.62,242200000,None,880600000,880600000,346600000,-215400000,1228800000,-72800000,-39400000,None,None,-214300000,330700000,None,None,7578100000,7578100000,812500000,None,None,None,None,None,None,333700000,0.08,0.001,257900000,257900000,None,0.13,-0.01,None,None,0.87,2013-12-31,22.17,4433400000,3261000000.0,2968800000,1270500000,204700000,5150300000,5150300000,None,0,None,1128800000,None,None,1184300000,None,None,653900000,None,None,None,0.205,1170400000,None,1361800000,403300000,1077700000,None,None,None,None,None,None,None,1.076,3.173,4.331,None,None,None,None,None,-960200000,None,0.0731,None,1076000000,2025-10-30,annual,0.86,USD,post-market,162400000,5431300000,0.0509,0.0538,0.051,18.61,1441000000,None,None,156500000,80.01,78.51,-1.1494,11756400000,None,3199700000,5994400000,None,None,10546900000,5762000000,60.21,None,95.76,65.56
2025-12-28,IR,1.35,7458300000.0,60.21,None,1.326,25.62,49750000,None,880600000,880600000,-151626000,-40723000,-278600000,-9200000,-27718000,None,None,-35200000,330700000,None,None,7578100000,7578100000,812500000,None,None,None,None,None,None,63778000,0.08,0.001,9916000,9916000,None,0.13,-0.01,None,None,0.87,2012-12-31,22.17,4433400000,3261000000.0,2968800000,1270500000,204700000,5150300000,5150300000,None,0,None,1128800000,None,None,1184300000,None,None,263266000,None,None,None,0.205,288809000,None,1361800000,403300000,1077700000,None,None,None,None,None,None,None,1.076,3.173,4.331,None,None,None,None,None,-115516000,None,0.0731,None,1076000000,2025-10-30,annual,0.86,USD,post-market,162400000,5431300000,0.0509,0.0538,0.051,18.61,1441000000,None,None,156500000,80.01,78.51,-1.1494,11756400000,None,3199700000,5994400000,None,None,10546900000,5762000000,60.21,None,95.76,65.56
2025-12-28,IR,1.35,7458300000.0,60.21,None,1.326,25.62,242900000,None,880600000,880600000,-1246400000,163100000,146400000,-1500000,-14300000,None,None,8100000,330700000,None,None,7578100000,7578100000,812500000,None,None,None,None,None,None,402700000,0.08,0.001,164800000,164800000,None,0.13,-0.01,None,None,0.87,2011-12-31,22.17,4433400000,3261000000.0,2968800000,1270500000,204700000,5150300000,5150300000,None,0,None,1128800000,None,None,1184300000,None,None,369300000,None,None,None,0.205,1230200000,None,1361800000,403300000,1077700000,None,None,None,None,None,None,None,1.076,3.173,4.331,None,None,None,None,None,-1048500000,None,0.0731,None,1076000000,2025-10-30,annual,0.86,USD,post-market,162400000,5431300000,0.0509,0.0538,0.051,18.61,1441000000,None,None,156500000,80.01,78.51,-1.1494,11756400000,None,3199700000,5994400000,None,None,10546900000,5762000000,60.21,None,95.76,65.56
2025-12-28,IR,1.35,7458300000.0,60.21,None,1.326,25.62,179500000,None,880600000,880600000,-403700000,-179000000,137600000,24500000,-219000000,None,None,-240300000,330700000,None,None,7578100000,7578100000,812500000,None,None,None,None,None,None,437100000,0.08,0.001,110900000,110900000,None,0.13,-0.01,None,None,0.87,2010-12-31,22.17,4433400000,3261000000.0,2968800000,1270500000,204700000,5150300000,5150300000,None,0,None,1128800000,None,None,1184300000,None,None,665100000,None,None,None,0.205,756300000,None,1361800000,403300000,1077700000,None,None,None,None,None,None,None,1.076,3.173,4.331,None,None,None,None,None,145300000,None,0.0731,None,1076000000,2025-10-30,annual,0.86,USD,post-market,162400000,5431300000,0.0509,0.0538,0.051,18.61,1441000000,None,None,156500000,80.01,78.51,-1.1494,11756400000,None,3199700000,5994400000,None,None,10546900000,5762000000,60.21,None,95.76,65.56
2025-12-28,IR,1.35,7458300000.0,60.21,None,1.326,25.62,204200000,None,880600000,880600000,-1208100000,-182700000,326500000,-17300000,430800000,None,None,427200000,330700000,None,None,7578100000,7578100000,812500000,None,None,None,None,None,None,424900000,0.08,0.001,181000000,181000000,None,0.13,-0.01,None,None,0.87,2009-12-31,22.17,4433400000,3261000000.0,2968800000,1270500000,204700000,5150300000,5150300000,None,0,None,1128800000,None,None,1184300000,None,None,476200000,None,None,None,0.205,1751500000,None,1361800000,403300000,1077700000,None,None,None,None,None,None,None,1.076,3.173,4.331,None,None,None,None,None,27200000,None,0.0731,None,1076000000,2025-10-30,annual,0.86,USD,post-market,162400000,5431300000,0.0509,0.0538,0.051,18.61,1441000000,None,None,156500000,80.01,78.51,-1.1494,11756400000,None,3199700000,5994400000,None,None,10546900000,5762000000,60.21,None,95.76,65.56
2025-12-28,IR,1.35,7458300000.0,60.21,None,1.326,25.62,306000000,None,880600000,880600000,2778100000,None,None,None,120700000,None,None,None,330700000,None,None,7578100000,7578100000,812500000,None,None,None,None,None,None,None,0.08,0.001,212900000,212900000,None,0.13,-0.01,None,None,0.87,2008-12-31,22.17,4433400000,3261000000.0,2968800000,1270500000,204700000,5150300000,5150300000,None,0,None,1128800000,None,None,1184300000,None,None,None,None,None,None,0.205,330900000,None,1361800000,403300000,1077700000,None,None,None,None,None,None,None,1.076,3.173,4.331,None,None,None,None,None,None,None,0.0731,None,1076000000,2025-10-30,annual,0.86,USD,post-market,162400000,5431300000,0.0509,0.0538,0.051,18.61,1441000000,None,None,156500000,80.01,78.51,-1.1494,11756400000,None,3199700000,5994400000,None,None,10546900000,5762000000,60.21,None,95.76,65.56
2025-12-28,IR,1.35,7458300000.0,60.21,None,1.326,25.62,119700000,None,880600000,880600000,None,5994700000,None,None,75400000,None,None,None,330700000,None,None,7578100000,7578100000,812500000,None,None,None,None,None,None,None,0.08,0.001,209800000,209800000,None,0.13,-0.01,None,None,0.87,2007-12-31,22.17,4433400000,3261000000.0,2968800000,1270500000,204700000,5150300000,5150300000,None,0,None,1128800000,None,None,1184300000,None,None,3966700000,None,None,None,0.205,896100000,None,1361800000,403300000,1077700000,None,None,None,None,None,None,None,1.076,3.173,4.331,None,None,None,None,None,None,None,0.0731,None,1076000000,2025-10-30,annual,0.86,USD,post-market,162400000,5431300000,0.0509,0.0538,0.051,18.61,1441000000,None,None,156500000,80.01,78.51,-1.1494,11756400000,None,3199700000,5994400000,None,None,10546900000,5762000000,60.21,None,95.76,65.56
2025-12-28,IR,1.35,7458300000.0,60.21,None,1.326,25.62,212300000,None,880600000,880600000,None,None,None,None,None,None,None,None,330700000,None,None,7578100000,7578100000,812500000,None,None,None,None,None,None,None,0.08,0.001,217600000,217600000,None,0.13,-0.01,None,None,0.87,2006-12-31,22.17,4433400000,3261000000.0,2968800000,1270500000,204700000,5150300000,5150300000,None,0,None,1128800000,None,None,1184300000,None,None,1032500000,None,None,None,0.205,972200000,None,1361800000,403300000,1077700000,None,None,None,None,None,None,None,1.076,3.173,4.331,None,None,None,None,None,None,None,0.0731,None,1076000000,2025-10-30,annual,0.86,USD,post-market,162400000,5431300000,0.0509,0.0538,0.051,18.61,1441000000,None,None,156500000,80.01,78.51,-1.1494,11756400000,None,3199700000,5994400000,None,None,10546900000,5762000000,60.21,None,95.76,65.56
2025-12-28,IR,1.35,7458300000.0,60.21,None,1.326,25.62,111800000,None,880600000,880600000,None,None,None,None,600000,None,None,None,330700000,None,None,7578100000,7578100000,812500000,None,None,None,None,None,None,None,0.08,0.001,192100000,192100000,None,0.13,-0.01,None,None,0.87,2005-12-31,22.17,4433400000,3261000000.0,2968800000,1270500000,204700000,5150300000,5150300000,None,0,None,1128800000,None,None,1184300000,None,None,1054200000,None,None,None,0.205,809100000,None,1361800000,403300000,1077700000,None,None,None,None,None,None,None,1.076,3.173,4.331,None,None,None,None,None,None,None,0.0731,None,1076000000,2025-10-30,annual,0.86,USD,post-market,162400000,5431300000,0.0509,0.0538,0.051,18.61,1441000000,None,None,156500000,80.01,78.51,-1.1494,11756400000,None,3199700000,5994400000,None,None,10546900000,5762000000,60.21,None,95.76,65.56
