date,symbol,eps,revenue_ttm,pe_ratio,accumulateddepreciationamortizationppe,beta,book_value,capitalexpenditures,capitalleaseobligations,cashandcashequivalentsatcarryingvalue,cashandshortterminvestments,cashflowfromfinancing,cashflowfrominvestment,changeincashandcashequivalents,changeinexchangerate,changeininventory,changeinoperatingassets,changeinoperatingliabilities,changeinreceivables,commonstock,commonstocksharesoutstanding,comprehensiveincomenetoftax,costofgoodsandservicessold,costofrevenue,currentaccountspayable,currentdebt,currentlongtermdebt,currentnetreceivables,deferredrevenue,depreciation,depreciationandamortization,depreciationdepletionandamortization,dividend_per_share,dividend_yield,dividendpayout,dividendpayoutcommonstock,dividendpayoutpreferredstock,earnings_growth_yoy,earnings_surprise,ebit,ebitda,estimated_eps,fiscaldateending,forward_pe,goodwill,gross_profit_ttm,grossprofit,incomebeforetax,incometaxexpense,intangibleassets,intangibleassetsexcludinggoodwill,interestanddebtexpense,interestexpense,interestincome,inventory,investmentincomenet,investments,longtermdebt,longtermdebtnoncurrent,longterminvestments,netincome,netincomefromcontinuingoperations,netinterestincome,noninterestincome,operating_margin_ttm,operatingcashflow,operatingexpenses,operatingincome,othercurrentassets,othercurrentliabilities,othernoncurrentassets,othernoncurrentliabilities,othernonoperatingincome,paymentsforoperatingactivities,paymentsforrepurchaseofcommonstock,paymentsforrepurchaseofequity,paymentsforrepurchaseofpreferredstock,peg_ratio,price_to_book,price_to_sales_ttm,proceedsfromissuanceofcommonstock,proceedsfromissuanceoflongtermdebtandcapitalsecuritiesnet,proceedsfromissuanceofpreferredstock,proceedsfromoperatingactivities,proceedsfromrepaymentsofshorttermdebt,proceedsfromrepurchaseofequity,proceedsfromsaleoftreasurystock,profit_margin,profitloss,propertyplantequipment,report_date,report_type,reported_eps,reportedcurrency,reporttime,researchanddevelopment,retainedearnings,return_on_assets_ttm,return_on_equity_ttm,revenue_growth_yoy,revenue_per_share_ttm,sellinggeneralandadministrative,shortlongtermdebttotal,shorttermdebt,shortterminvestments,sma_200,sma_50,surprise_pct,totalassets,totalcurrentassets,totalcurrentliabilities,totalliabilities,totalnoncurrentassets,totalnoncurrentliabilities,totalrevenue,totalshareholderequity,trailing_pe,treasurystock,week_52_high,week_52_low
1996-03-31,ITW,,,,,,,,,,,,,,,,,,,,,,,,,,,,,,,,,,,,,,0.01,,,0.19,,,,,,,,,,,,,,,,,,,,,,,,,,,,,,,,,,,,,,,,,,,,,,,,,1996-04-17,,0.2,,pre-market,,,,,,,,,,,,,5.2632,,,,,,,,,,,,
1996-06-30,ITW,,,,,,,,,,,,,,,,,,,,,,,,,,,,,,,,,,,,,,0.0,,,0.26,,,,,,,,,,,,,,,,,,,,,,,,,,,,,,,,,,,,,,,,,,,,,,,,,1996-07-18,,0.26,,pre-market,,,,,,,,,,,,,0.0,,,,,,,,,,,,
1996-09-30,ITW,,,,,,,,,,,,,,,,,,,,,,,,,,,,,,,,,,,,,,0.01,,,0.24,,,,,,,,,,,,,,,,,,,,,,,,,,,,,,,,,,,,,,,,,,,,,,,,,1996-10-16,,0.25,,pre-market,,,,,,,,,,,,,4.1667,,,,,,,,,,,,
1996-12-31,ITW,,,,,,,,,,,,,,,,,,,,,,,,,,,,,,,,,,,,,,0.0,,,0.27,,,,,,,,,,,,,,,,,,,,,,,,,,,,,,,,,,,,,,,,,,,,,,,,,1997-01-29,,0.27,,pre-market,,,,,,,,,,,,,0.0,,,,,,,,,,,,
1997-03-31,ITW,,,,,,,,,,,,,,,,,,,,,,,,,,,,,,,,,,,,,,0.01,,,0.24,,,,,,,,,,,,,,,,,,,,,,,,,,,,,,,,,,,,,,,,,,,,,,,,,1997-04-16,,0.25,,pre-market,,,,,,,,,,,,,4.1667,,,,,,,,,,,,
1997-06-30,ITW,,,,,,,,,,,,,,,,,,,,,,,,,,,,,,,,,,,,,,0.0,,,0.31,,,,,,,,,,,,,,,,,,,,,,,,,,,,,,,,,,,,,,,,,,,,,,,,,1997-07-17,,0.31,,pre-market,,,,,,,,,,,,,0.0,,,,,,,,,,,,
1997-09-30,ITW,,,,,,,,,,,,,,,,,,,,,,,,,,,,,,,,,,,,,,0.01,,,0.29,,,,,,,,,,,,,,,,,,,,,,,,,,,,,,,,,,,,,,,,,,,,,,,,,1997-10-16,,0.3,,pre-market,,,,,,,,,,,,,3.4483,,,,,,,,,,,,
1997-12-31,ITW,,,,,,,,,,,,,,,,,,,,,,,,,,,,,,,,,,,,,,0.0,,,0.32,,,,,,,,,,,,,,,,,,,,,,,,,,,,,,,,,,,,,,,,,,,,,,,,,1998-01-28,,0.32,,pre-market,,,,,,,,,,,,,0.0,,,,,,,,,,,,
1998-03-31,ITW,,,,,,,,,,,,,,,,,,,,,,,,,,,,,,,,,,,,,,0.02,,,0.28,,,,,,,,,,,,,,,,,,,,,,,,,,,,,,,,,,,,,,,,,,,,,,,,,1998-04-21,,0.3,,pre-market,,,,,,,,,,,,,7.1429,,,,,,,,,,,,
1998-06-30,ITW,,,,,,,,,,,,,,,,,,,,,,,,,,,,,,,,,,,,,,0.0,,,0.35,,,,,,,,,,,,,,,,,,,,,,,,,,,,,,,,,,,,,,,,,,,,,,,,,1998-07-21,,0.35,,pre-market,,,,,,,,,,,,,0.0,,,,,,,,,,,,
1998-09-30,ITW,,,,,,,,,,,,,,,,,,,,,,,,,,,,,,,,,,,,,,0.0,,,0.33,,,,,,,,,,,,,,,,,,,,,,,,,,,,,,,,,,,,,,,,,,,,,,,,,1998-10-20,,0.33,,pre-market,,,,,,,,,,,,,0.0,,,,,,,,,,,,
1998-12-31,ITW,,,,,,,,,,,,,,,,,,,,,,,,,,,,,,,,,,,,,,0.01,,,0.36,,,,,,,,,,,,,,,,,,,,,,,,,,,,,,,,,,,,,,,,,,,,,,,,,1999-01-28,,0.37,,pre-market,,,,,,,,,,,,,2.7778,,,,,,,,,,,,
1999-03-31,ITW,,,,,,,,,,,,,,,,,,,,,,,,,,,,,,,,,,,,,,0.01,,,0.32,,,,,,,,,,,,,,,,,,,,,,,,,,,,,,,,,,,,,,,,,,,,,,,,,1999-04-20,,0.33,,pre-market,,,,,,,,,,,,,3.125,,,,,,,,,,,,
1999-06-30,ITW,,,,,,,,,,,,,,,,,,,,,,,,,,,,,,,,,,,,,,0.01,,,0.39,,,,,,,,,,,,,,,,,,,,,,,,,,,,,,,,,,,,,,,,,,,,,,,,,1999-07-20,,0.4,,pre-market,,,,,,,,,,,,,2.5641,,,,,,,,,,,,
1999-09-30,ITW,,,,,,,,,,,,,,,,,,,,,,,,,,,,,,,,,,,,,,0.0,,,0.37,,,,,,,,,,,,,,,,,,,,,,,,,,,,,,,,,,,,,,,,,,,,,,,,,1999-10-19,,0.37,,pre-market,,,,,,,,,,,,,0.0,,,,,,,,,,,,
1999-12-31,ITW,,,,,,,,,,,,,,,,,,,,,,,,,,,,,,,,,,,,,,0.0,,,0.41,,,,,,,,,,,,,,,,,,,,,,,,,,,,,,,,,,,,,,,,,,,,,,,,,2000-02-01,,0.41,,pre-market,,,,,,,,,,,,,0.0,,,,,,,,,,,,
2000-03-31,ITW,,,,,,,,,,,,,,,,,,,,,,,,,,,,,,,,,,,,,,0.01,,,0.35,,,,,,,,,,,,,,,,,,,,,,,,,,,,,,,,,,,,,,,,,,,,,,,,,2000-04-19,,0.36,,pre-market,,,,,,,,,,,,,2.8571,,,,,,,,,,,,
2000-06-30,ITW,,,,,,,,,,,,,,,,,,,,,,,,,,,,,,,,,,,,,,0.0,,,0.45,,,,,,,,,,,,,,,,,,,,,,,,,,,,,,,,,,,,,,,,,,,,,,,,,2000-07-20,,0.45,,pre-market,,,,,,,,,,,,,0.0,,,,,,,,,,,,
2000-09-30,ITW,,,,,,,,,,,,,,,,,,,,,,,,,,,,,,,,,,,,,,0.01,,,0.43,,,,,,,,,,,,,,,,,,,,,,,,,,,,,,,,,,,,,,,,,,,,,,,,,2000-10-18,,0.44,,pre-market,,,,,,,,,,,,,2.3256,,,,,,,,,,,,
2000-12-31,ITW,,,,,,,,,,,,,,,,,,,,,,,,,,,,,,,,,,,,,,-0.01,,,0.34,,,,,,,,,,,,,,,,,,,,,,,,,,,,,,,,,,,,,,,,,,,,,,,,,2001-01-30,,0.33,,pre-market,,,,,,,,,,,,,-2.9412,,,,,,,,,,,,
2001-03-31,ITW,,,,,,,,,,,,,,,,,,,,,,,,,,,,,,,,,,,,,,0.0,,,0.3,,,,,,,,,,,,,,,,,,,,,,,,,,,,,,,,,,,,,,,,,,,,,,,,,2001-04-19,,0.3,,pre-market,,,,,,,,,,,,,0.0,,,,,,,,,,,,
2001-06-30,ITW,,,,,,,,,,,,,,,,,,,,,,,,,,,,,,,,,,,,,,-0.01,,,0.39,,,,,,,,,,,,,,,,,,,,,,,,,,,,,,,,,,,,,,,,,,,,,,,,,2001-07-19,,0.38,,pre-market,,,,,,,,,,,,,-2.5641,,,,,,,,,,,,
2001-09-30,ITW,,,,,,,,,,,,,,,,,,,,,,,,,,,,,,,,,,,,,,0.0,,,0.33,,,,,,,,,,,,,,,,,,,,,,,,,,,,,,,,,,,,,,,,,,,,,,,,,2001-10-17,,0.33,,pre-market,,,,,,,,,,,,,0.0,,,,,,,,,,,,
2001-12-31,ITW,,,,,,,,,,,,,,,,,,,,,,,,,,,,,,,,,,,,,,-0.01,,,0.32,,,,,,,,,,,,,,,,,,,,,,,,,,,,,,,,,,,,,,,,,,,,,,,,,2002-01-29,,0.31,,pre-market,,,,,,,,,,,,,-3.125,,,,,,,,,,,,
2002-03-31,ITW,,,,,,,,,,,,,,,,,,,,,,,,,,,,,,,,,,,,,,0.02,,,0.3,,,,,,,,,,,,,,,,,,,,,,,,,,,,,,,,,,,,,,,,,,,,,,,,,2002-04-17,,0.32,,pre-market,,,,,,,,,,,,,6.6667,,,,,,,,,,,,
2002-06-30,ITW,,,,,,,,,,,,,,,,,,,,,,,,,,,,,,,,,,,,,,0.01,,,0.42,,,,,,,,,,,,,,,,,,,,,,,,,,,,,,,,,,,,,,,,,,,,,,,,,2002-07-18,,0.43,,pre-market,,,,,,,,,,,,,2.381,,,,,,,,,,,,
2002-09-30,ITW,,,,,,,,,,,,,,,,,,,,,,,,,,,,,,,,,,,,,,0.01,,,0.39,,,,,,,,,,,,,,,,,,,,,,,,,,,,,,,,,,,,,,,,,,,,,,,,,2002-10-16,,0.4,,pre-market,,,,,,,,,,,,,2.5641,,,,,,,,,,,,
2002-12-31,ITW,,,,,,,,,,,,,,,,,,,,,,,,,,,,,,,,,,,,,,0.01,,,0.36,,,,,,,,,,,,,,,,,,,,,,,,,,,,,,,,,,,,,,,,,,,,,,,,,2003-01-29,,0.37,,pre-market,,,,,,,,,,,,,2.7778,,,,,,,,,,,,
2003-03-31,ITW,,,,,,,,,,,,,,,,,,,,,,,,,,,,,,,,,,,,,,0.01,,,0.32,,,,,,,,,,,,,,,,,,,,,,,,,,,,,,,,,,,,,,,,,,,,,,,,,2003-04-16,,0.33,,pre-market,,,,,,,,,,,,,3.125,,,,,,,,,,,,
2003-06-30,ITW,,,,,,,,,,,,,,,,,,,,,,,,,,,,,,,,,,,,,,0.02,,,0.44,,,,,,,,,,,,,,,,,,,,,,,,,,,,,,,,,,,,,,,,,,,,,,,,,2003-07-22,,0.46,,pre-market,,,,,,,,,,,,,4.5455,,,,,,,,,,,,
2003-09-30,ITW,,,,,,,,,,,,,,,,,,,,,,,,,,,,,,,,,,,,,,0.03,,,0.41,,,,,,,,,,,,,,,,,,,,,,,,,,,,,,,,,,,,,,,,,,,,,,,,,2003-10-16,,0.44,,pre-market,,,,,,,,,,,,,7.3171,,,,,,,,,,,,
2003-12-31,ITW,,,,,,,,,,,,,,,,,,,,,,,,,,,,,,,,,,,,,,0.01,,,0.46,,,,,,,,,,,,,,,,,,,,,,,,,,,,,,,,,,,,,,,,,,,,,,,,,2004-01-29,,0.47,,pre-market,,,,,,,,,,,,,2.1739,,,,,,,,,,,,
2004-03-31,ITW,,,,,,,,,,,,,,,,,,,,,,,,,,,,,,,,,,,,,,0.06,,,0.41,,,,,,,,,,,,,,,,,,,,,,,,,,,,,,,,,,,,,,,,,,,,,,,,,2004-04-20,,0.47,,pre-market,,,,,,,,,,,,,14.6341,,,,,,,,,,,,
2004-06-30,ITW,,,,,,,,,,,,,,,,,,,,,,,,,,,,,,,,,,,,,,-0.01,,,0.59,,,,,,,,,,,,,,,,,,,,,,,,,,,,,,,,,,,,,,,,,,,,,,,,,2004-07-21,,0.58,,pre-market,,,,,,,,,,,,,-1.6949,,,,,,,,,,,,
2004-09-30,ITW,,,,,,,,,,,,,,,,,,,,,,,,,,,,,,,,,,,,,,0.0,,,0.55,,,,,,,,,,,,,,,,,,,,,,,,,,,,,,,,,,,,,,,,,,,,,,,,,2004-10-19,,0.55,,pre-market,,,,,,,,,,,,,0.0,,,,,,,,,,,,
2004-12-31,ITW,,,,,,,,,,,,,,,,,,,,,,,,,,,,,,,,,,,,,,0.0,,,0.61,,,,,,,,,,,,,,,,,,,,,,,,,,,,,,,,,,,,,,,,,,,,,,,,,2005-01-27,,0.61,,pre-market,,,,,,,,,,,,,0.0,,,,,,,,,,,,
2005-03-31,ITW,,,,,,,,,,,,,,,,,,,,,,,,,,,,,,,,,,,,,,-0.01,,,0.54,,,,,,,,,,,,,,,,,,,,,,,,,,,,,,,,,,,,,,,,,,,,,,,,,2005-04-19,,0.53,,pre-market,,,,,,,,,,,,,-1.8519,,,,,,,,,,,,
2005-06-30,ITW,,,,,,,,,,,,,,,,,,,,,,,,,,,,,,,,,,,,,,0.02,,,0.63,,,,,,,,,,,,,,,,,,,,,,,,,,,,,,,,,,,,,,,,,,,,,,,,,2005-07-21,,0.65,,pre-market,,,,,,,,,,,,,3.1746,,,,,,,,,,,,
2005-09-30,ITW,,,,,,,,,,,,,,,,,,,,,,,,,,,,,,,,,,,,,,0.04,,,0.68,,,,,,,,,,,,,,,,,,,,,,,,,,,,,,,,,,,,,,,,,,,,,,,,,2005-10-19,,0.72,,pre-market,,,,,,,,,,,,,5.8824,,,,,,,,,,,,
2005-12-31,ITW,,,,,,,,,,,,,,,,,,,,,,,,,,,,,,,,,,,,,,0.01,,,0.7,,,,,,,,,,,,,,,,,,,,,,,,,,,,,,,,,,,,,,,,,,,,,,,,,2006-01-31,,0.71,,pre-market,,,,,,,,,,,,,1.4286,,,,,,,,,,,,
2006-03-31,ITW,,,,,,,,,,,,,,,,,,,,,,,,,,,,,,,,,,,,,,0.02,,,0.63,,,,,,,,,,,,,,,,,,,,,,,,,,,,,,,,,,,,,,,,,,,,,,,,,2006-04-20,,0.65,,pre-market,,,,,,,,,,,,,3.1746,,,,,,,,,,,,
2006-06-30,ITW,,,,,,,,,,,,,,,,,,,,,,,,,,,,,,,,,,,,,,0.03,,,0.78,,,,,,,,,,,,,,,,,,,,,,,,,,,,,,,,,,,,,,,,,,,,,,,,,2006-07-20,,0.81,,pre-market,,,,,,,,,,,,,3.8462,,,,,,,,,,,,
2006-09-30,ITW,,,,,,,,,,,,,,,,,,,,,,,,,,,,,,,,,,,,,,-0.01,,,0.79,,,,,,,,,,,,,,,,,,,,,,,,,,,,,,,,,,,,,,,,,,,,,,,,,2006-10-18,,0.78,,pre-market,,,,,,,,,,,,,-1.2658,,,,,,,,,,,,
2006-12-31,ITW,,,,,,,,,,,,,,,,,,,,,,,,,,,,,,,,,,,,,,0.04,,,0.73,,,,,,,,,,,,,,,,,,,,,,,,,,,,,,,,,,,,,,,,,,,,,,,,,2007-01-30,,0.77,,pre-market,,,,,,,,,,,,,5.4795,,,,,,,,,,,,
2007-03-31,ITW,,,,,,,,,,,,,,,,,,,,,,,,,,,,,,,,,,,,,,0.0,,,0.71,,,,,,,,,,,,,,,,,,,,,,,,,,,,,,,,,,,,,,,,,,,,,,,,,2007-04-18,,0.71,,pre-market,,,,,,,,,,,,,0.0,,,,,,,,,,,,
2007-06-30,ITW,,,,,,,,,,,,,,,,,,,,,,,,,,,,,,,,,,,,,,0.02,,,0.88,,,,,,,,,,,,,,,,,,,,,,,,,,,,,,,,,,,,,,,,,,,,,,,,,2007-07-19,,0.9,,pre-market,,,,,,,,,,,,,2.2727,,,,,,,,,,,,
2007-09-30,ITW,,,,,,,,,,,,,,,,,,,,,,,,,,,,,,,,,,,,,,0.01,,,0.88,,,,,,,,,,,,,,,,,,,,,,,,,,,,,,,,,,,,,,,,,,,,,,,,,2007-10-17,,0.89,,pre-market,,,,,,,,,,,,,1.1364,,,,,,,,,,,,
2007-12-31,ITW,,,,,,,,,,,,,,,,,,,,,,,,,,,,,,,,,,,,,,0.03,,,0.84,,,,,,,,,,,,,,,,,,,,,,,,,,,,,,,,,,,,,,,,,,,,,,,,,2008-01-30,,0.87,,pre-market,,,,,,,,,,,,,3.5714,,,,,,,,,,,,
2008-03-31,ITW,,,,,,,,,,,,,,,,,,,,,,,,,,,,,,,,,,,,,,-0.03,,,0.6,,,,,,,,,,,,,,,,,,,,,,,,,,,,,,,,,,,,,,,,,,,,,,,,,2008-04-16,,0.57,,pre-market,,,,,,,,,,,,,-5.0,,,,,,,,,,,,
2008-06-30,ITW,,,,,,,,,,,,,,,,,,,,,,,,,,,,,,,,,,,,,,0.04,,,0.97,,,,,,,,,,,,,,,,,,,,,,,,,,,,,,,,,,,,,,,,,,,,,,,,,2008-07-17,,1.01,,pre-market,,,,,,,,,,,,,4.1237,,,,,,,,,,,,
2008-09-30,ITW,,,,,,,,,,,,,,,,,,,,,,,,,,,,,,,,,,,,,,-0.01,,,0.88,,,,,,,,,,,,,,,,,,,,,,,,,,,,,,,,,,,,,,,,,,,,,,,,,2008-10-16,,0.87,,pre-market,,,,,,,,,,,,,-1.1364,,,,,,,,,,,,
2008-12-31,ITW,,,,,,,,,,,,,,,,,,,,,,,,,,,,,,,,,,,,,,-0.06,,,0.52,,,,,,,,,,,,,,,,,,,,,,,,,,,,,,,,,,,,,,,,,,,,,,,,,2009-01-29,,0.46,,pre-market,,,,,,,,,,,,,-11.5385,,,,,,,,,,,,
2009-03-31,ITW,,,,,,,,,,,,,,,,,,,,,,,,,,,,,,,,,,,,,,-0.24,,,0.16,,,,,,,,,,,,,,,,,,,,,,,,,,,,,,,,,,,,,,,,,,,,,,,,,2009-04-16,,-0.08,,pre-market,,,,,,,,,,,,,-150.0,,,,,,,,,,,,
2009-06-30,ITW,,,,,,,,,,,,,,,,,,,,,,,,,,,,,,,,,,,,,,0.0,,,0.36,,,,,,,,,,,,,,,,,,,,,,,,,,,,,,,,,,,,,,,,,,,,,,,,,2009-07-22,,0.36,,pre-market,,,,,,,,,,,,,0.0,,,,,,,,,,,,
2009-09-30,ITW,,,,,,,,,,,,,,,,,,,,,,,,,,,,,,,,,,,,,,0.07,,,0.53,,,,,,,,,,,,,,,,,,,,,,,,,,,,,,,,,,,,,,,,,,,,,,,,,2009-10-20,,0.6,,pre-market,,,,,,,,,,,,,13.2075,,,,,,,,,,,,
2009-12-31,ITW,,,,,,,,,,,,,,,,,,,,,,,,,,,,,,,,,,,,,,0.25,,,0.76,,,,,,,,,,,,,,,,,,,,,,,,,,,,,,,,,,,,,,,,,,,,,,,,,2010-01-27,,1.01,,pre-market,,,,,,,,,,,,,32.8947,,,,,,,,,,,,
2010-03-31,ITW,,,,,,,,,,,,,,,,,,,,,,,,,,,,,,,,,,,,,,0.03,,,0.55,,,,,,,,,,,,,,,,,,,,,,,,,,,,,,,,,,,,,,,,,,,,,,,,,2010-04-20,,0.58,,pre-market,,,,,,,,,,,,,5.4545,,,,,,,,,,,,
2010-06-30,ITW,,,,,,,,,,,,,,,,,,,,,,,,,,,,,,,,,,,,,,0.0,,,0.83,,,,,,,,,,,,,,,,,,,,,,,,,,,,,,,,,,,,,,,,,,,,,,,,,2010-07-20,,0.83,,pre-market,,,,,,,,,,,,,0.0,,,,,,,,,,,,
2010-09-30,ITW,,,,,,,,,,,,,,,,,,,,,,,,,,,,,,,,,,,,,,0.01,,,0.82,,,,,,,,,,,,,,,,,,,,,,,,,,,,,,,,,,,,,,,,,,,,,,,,,2010-10-19,,0.83,,pre-market,,,,,,,,,,,,,1.2195,,,,,,,,,,,,
2010-12-31,ITW,,,,,,,,,,,,,,,,,,,,,,,,,,,,,,,,,,,,,,-0.01,,,0.8,,,,,,,,,,,,,,,,,,,,,,,,,,,,,,,,,,,,,,,,,,,,,,,,,2011-01-31,,0.79,,pre-market,,,,,,,,,,,,,-1.25,,,,,,,,,,,,
2011-03-31,ITW,,,,,,,,,,,,,,,,,,,,,,,,,,,,,,,,,,,,,,0.27,,,0.97,,,,,,,,,,,,,,,,,,,,,,,,,,,,,,,,,,,,,,,,,,,,,,,,,2011-04-26,,1.24,,pre-market,,,,,,,,,,,,,27.8351,,,,,,,,,,,,
2011-06-30,ITW,,,,,,,,,,,,,,,,,,,,,,,,,,,,,,,,,,,,,,-0.05,,,1.04,,,,,,,,,,,,,,,,,,,,,,,,,,,,,,,,,,,,,,,,,,,,,,,,,2011-07-26,,0.99,,pre-market,,,,,,,,,,,,,-4.8077,,,,,,,,,,,,
2011-09-30,ITW,,,,,,,,,,,,,,,,,,,,,,,,,,,,,,,,,,,,,,0.05,,,0.99,,,,,,,,,,,,,,,,,,,,,,,,,,,,,,,,,,,,,,,,,,,,,,,,,2011-10-25,,1.04,,pre-market,,,,,,,,,,,,,5.0505,,,,,,,,,,,,
2011-12-31,ITW,,,,,,,,,,,,,,,,,,,,,,,,,,,,,,,,,,,,,,0.02,,,0.89,,,,,,,,,,,,,,,,,,,,,,,,,,,,,,,,,,,,,,,,,,,,,,,,,2012-01-31,,0.91,,pre-market,,,,,,,,,,,,,2.2472,,,,,,,,,,,,
2012-03-31,ITW,,,,,,,,,,,,,,,,,,,,,,,,,,,,,,,,,,,,,,0.05,,,0.95,,,,,,,,,,,,,,,,,,,,,,,,,,,,,,,,,,,,,,,,,,,,,,,,,2012-04-24,,1.0,,pre-market,,,,,,,,,,,,,5.2632,,,,,,,,,,,,
2012-06-30,ITW,,,,,,,,,,,,,,,,,,,,,,,,,,,,,,,,,,,,,,0.53,,,1.32,,,,,,,,,,,,,,,,,,,,,,,,,,,,,,,,,,,,,,,,,,,,,,,,,2012-07-24,,1.85,,pre-market,,,,,,,,,,,,,40.1515,,,,,,,,,,,,
2012-09-30,ITW,,,,,,,,,,,,,,,,,,,,,,,,,,,,,,,,,,,,,,0.06,,,1.06,,,,,,,,,,,,,,,,,,,,,,,,,,,,,,,,,,,,,,,,,,,,,,,,,2012-10-23,,1.12,,pre-market,,,,,,,,,,,,,5.6604,,,,,,,,,,,,
2012-12-31,ITW,,,,,,,,,,,,,,,,,,,,,,,,,,,,,,,,,,,,,,0.17,,,1.94,,,,,,,,,,,,,,,,,,,,,,,,,,,,,,,,,,,,,,,,,,,,,,,,,2013-01-29,,2.11,,pre-market,,,,,,,,,,,,,8.7629,,,,,,,,,,,,
2013-03-31,ITW,,,,,,,,,,,,,,,,,,,,,,,,,,,,,,,,,,,,,,-0.18,,,0.96,,,,,,,,,,,,,,,,,,,,,,,,,,,,,,,,,,,,,,,,,,,,,,,,,2013-04-23,,0.78,,pre-market,,,,,,,,,,,,,-18.75,,,,,,,,,,,,
2013-06-30,ITW,,,,,,,,,,,,,,,,,,,,,,,,,,,,,,,,,,,,,,-0.07,,,1.1,,,,,,,,,,,,,,,,,,,,,,,,,,,,,,,,,,,,,,,,,,,,,,,,,2013-07-23,,1.03,,pre-market,,,,,,,,,,,,,-6.3636,,,,,,,,,,,,
2013-09-30,ITW,,,,,,,,,,,,,,,,,,,,,,,,,,,,,,,,,,,,,,0.06,,,0.95,,,,,,,,,,,,,,,,,,,,,,,,,,,,,,,,,,,,,,,,,,,,,,,,,2013-10-21,,1.01,,post-market,,,,,,,,,,,,,6.3158,,,,,,,,,,,,
2013-12-31,ITW,,,,,,,,,,,,,,,,,,,,,,,,,,,,,,,,,,,,,,-0.05,,,0.98,,,,,,,,,,,,,,,,,,,,,,,,,,,,,,,,,,,,,,,,,,,,,,,,,2014-01-28,,0.93,,pre-market,,,,,,,,,,,,,-5.102,,,,,,,,,,,,
2014-03-31,ITW,,,,,,,,,,,,,,,,,,,,,,,,,,,,,,,,,,,,,,0.13,,,0.98,,,,,,,,,,,,,,,,,,,,,,,,,,,,,,,,,,,,,,,,,,,,,,,,,2014-04-22,,1.11,,pre-market,,,,,,,,,,,,,13.2653,,,,,,,,,,,,
2014-06-30,ITW,,,,,,,,,,,,,,,,,,,,,,,,,,,,,,,,,,,,,,-0.28,,,3.94,,,,,,,,,,,,,,,,,,,,,,,,,,,,,,,,,,,,,,,,,,,,,,,,,2014-07-29,,3.66,,pre-market,,,,,,,,,,,,,-7.1066,,,,,,,,,,,,
2014-09-30,ITW,,,,,,,,,,,,,,,,,,,,,,,,,,,,,,,,,,,,,,0.11,,,1.23,,,,,,,,,,,,,,,,,,,,,,,,,,,,,,,,,,,,,,,,,,,,,,,,,2014-10-21,,1.34,,pre-market,,,,,,,,,,,,,8.9431,,,,,,,,,,,,
2014-12-31,ITW,,,,,,,,,,,,,,,,,,,,,,,,,,,,,,,,,,,,,,0.03,,,1.13,,,,,,,,,,,,,,,,,,,,,,,,,,,,,,,,,,,,,,,,,,,,,,,,,2015-01-27,,1.16,,pre-market,,,,,,,,,,,,,2.6549,,,,,,,,,,,,
2015-03-31,ITW,,,,,,,,,,,,,,,,,,,,,,,,,,,,,,,,,,,,,,0.04,,,1.17,,,,,,,,,,,,,,,,,,,,,,,,,,,,,,,,,,,,,,,,,,,,,,,,,2015-04-21,,1.21,,pre-market,,,,,,,,,,,,,3.4188,,,,,,,,,,,,
2015-06-30,ITW,,,,,,,,,,,,,,,,,,,,,,,,,,,,,,,,,,,,,,0.02,,,1.28,,,,,,,,,,,,,,,,,,,,,,,,,,,,,,,,,,,,,,,,,,,,,,,,,2015-07-22,,1.3,,pre-market,,,,,,,,,,,,,1.5625,,,,,,,,,,,,
2015-09-30,ITW,,,,,,,,,,,,,,,,,,,,,,,,,,,,,,,,,,,,,,0.03,,,1.36,,,,,,,,,,,,,,,,,,,,,,,,,,,,,,,,,,,,,,,,,,,,,,,,,2015-10-21,,1.39,,pre-market,,,,,,,,,,,,,2.2059,,,,,,,,,,,,
2015-12-31,ITW,,,,,,,,,,,,,,,,,,,,,,,,,,,,,,,,,,,,,,0.02,,,1.21,,,,,,,,,,,,,,,,,,,,,,,,,,,,,,,,,,,,,,,,,,,,,,,,,2016-01-27,,1.23,,pre-market,,,,,,,,,,,,,1.6529,,,,,,,,,,,,
2016-03-31,ITW,,,,,,,,,,,,,,,,,,,,,,,,,,,,,,,,,,,,,,0.03,,,1.26,,,,,,,,,,,,,,,,,,,,,,,,,,,,,,,,,,,,,,,,,,,,,,,,,2016-04-20,,1.29,,pre-market,,,,,,,,,,,,,2.381,,,,,,,,,,,,
2016-06-30,ITW,,,,,,,,,,,,,,,,,,,,,,,,,,,,,,,,,,,,,,0.06,,,1.4,,,,,,,,,,,,,,,,,,,,,,,,,,,,,,,,,,,,,,,,,,,,,,,,,2016-07-20,,1.46,,pre-market,,,,,,,,,,,,,4.2857,,,,,,,,,,,,
2016-09-30,ITW,,,,,,,,,,,,,,,,,,,,,,,,,,,,,,,,,,,,,,0.01,,,1.49,,,,,,,,,,,,,,,,,,,,,,,,,,,,,,,,,,,,,,,,,,,,,,,,,2016-10-20,,1.5,,pre-market,,,,,,,,,,,,,0.6711,,,,,,,,,,,,
2016-12-31,ITW,,,,,,,,,,,,,,,,,,,,,,,,,,,,,,,,,,,,,,0.08,,,1.37,,,,,,,,,,,,,,,,,,,,,,,,,,,,,,,,,,,,,,,,,,,,,,,,,2017-01-25,,1.45,,pre-market,,,,,,,,,,,,,5.8394,,,,,,,,,,,,
2017-03-31,ITW,,,,,,,,,,,,,,,,,,,,,,,,,,,,,,,,,,,,,,0.09,,,1.45,,,,,,,,,,,,,,,,,,,,,,,,,,,,,,,,,,,,,,,,,,,,,,,,,2017-04-24,,1.54,,pre-market,,,,,,,,,,,,,6.2069,,,,,,,,,,,,
2017-06-30,ITW,,,,,,,,,,,,,,,,,,,,,,,,,,,,,,,,,,,,,,0.06,,,1.63,,,,,,,,,,,,,,,,,,,,,,,,,,,,,,,,,,,,,,,,,,,,,,,,,2017-07-24,,1.69,,pre-market,,,,,,,,,,,,,3.681,,,,,,,,,,,,
2017-09-30,ITW,,,,,,,,,,,,,,,,,,,,,,,,,,,,,,,,,,,,,,0.2,,,1.65,,,,,,,,,,,,,,,,,,,,,,,,,,,,,,,,,,,,,,,,,,,,,,,,,2017-10-23,,1.85,,pre-market,,,,,,,,,,,,,12.1212,,,,,,,,,,,,
2017-12-31,ITW,,,,,,,,,,,,,,,,,,,,,,,,,,,,,,,,,,,,,,-1.83,,,1.61,,,,,,,,,,,,,,,,,,,,,,,,,,,,,,,,,,,,,,,,,,,,,,,,,2018-01-24,,-0.22,,pre-market,,,,,,,,,,,,,-113.6646,,,,,,,,,,,,
2018-03-31,ITW,,,,,,,,,,,,,,,,,,,,,,,,,,,,,,,,,,,,,,0.04,,,1.86,,,,,,,,,,,,,,,,,,,,,,,,,,,,,,,,,,,,,,,,,,,,,,,,,2018-04-26,,1.9,,pre-market,,,,,,,,,,,,,2.1505,,,,,,,,,,,,
2018-06-30,ITW,,,,,,,,,,,,,,,,,,,,,,,,,,,,,,,,,,,,,,0.0,,,1.97,,,,,,,,,,,,,,,,,,,,,,,,,,,,,,,,,,,,,,,,,,,,,,,,,2018-07-23,,1.97,,pre-market,,,,,,,,,,,,,0.0,,,,,,,,,,,,
2018-09-30,ITW,,,,,,,,,,,,,,,,,,,,,,,,,,,,,,,,,,,,,,0.02,,,1.88,,,,,,,,,,,,,,,,,,,,,,,,,,,,,,,,,,,,,,,,,,,,,,,,,2018-10-24,,1.9,,pre-market,,,,,,,,,,,,,1.0638,,,,,,,,,,,,
2018-12-31,ITW,,,,,,,,,,,,,,,,,,,,,,,,,,,,,,,,,,,,,,0.01,,,1.82,,,,,,,,,,,,,,,,,,,,,,,,,,,,,,,,,,,,,,,,,,,,,,,,,2019-02-01,,1.83,,pre-market,,,,,,,,,,,,,0.5495,,,,,,,,,,,,
2019-03-31,ITW,,,,,,,,,,,,,,,,,,,,,,,,,,,,,,,,,,,,,,-0.01,,,1.82,,,,,,,,,,,,,,,,,,,,,,,,,,,,,,,,,,,,,,,,,,,,,,,,,2019-04-25,,1.81,,pre-market,,,,,,,,,,,,,-0.5495,,,,,,,,,,,,
2019-06-30,ITW,,,,,,,,,,,,,,,,,,,,,,,,,,,,,,,,,,,,,,-0.07,,,1.98,,,,,,,,,,,,,,,,,,,,,,,,,,,,,,,,,,,,,,,,,,,,,,,,,2019-07-26,,1.91,,pre-market,,,,,,,,,,,,,-3.5354,,,,,,,,,,,,
2019-09-30,ITW,,,,,,,,,,,,,,,,,,,,,,,,,,,,,,,,,,,,,,0.09,,,1.95,,,,,,,,,,,,,,,,,,,,,,,,,,,,,,,,,,,,,,,,,,,,,,,,,2019-10-25,,2.04,,pre-market,,,,,,,,,,,,,4.6154,,,,,,,,,,,,
2019-12-31,ITW,,,,,,,,,,,,,,,,,,,,,,,,,,,,,,,,,,,,,,0.13,,,1.86,,,,,,,,,,,,,,,,,,,,,,,,,,,,,,,,,,,,,,,,,,,,,,,,,2020-01-31,,1.99,,pre-market,,,,,,,,,,,,,6.9892,,,,,,,,,,,,
2020-03-31,ITW,,,,,,,,,,,,,,,,,,,,,,,,,,,,,,,,,,,,,,0.06,,,1.71,,,,,,,,,,,,,,,,,,,,,,,,,,,,,,,,,,,,,,,,,,,,,,,,,2020-05-05,,1.77,,pre-market,,,,,,,,,,,,,3.5088,,,,,,,,,,,,
2020-06-30,ITW,,,,,,,,,,,,,,,,,,,,,,,,,,,,,,,,,,,,,,0.31,,,0.7,,,,,,,,,,,,,,,,,,,,,,,,,,,,,,,,,,,,,,,,,,,,,,,,,2020-07-31,,1.01,,pre-market,,,,,,,,,,,,,44.2857,,,,,,,,,,,,
2020-09-30,ITW,,,,,,,,,,,,,,,,,,,,,,,,,,,,,,,,,,,,,,0.36,,,1.47,,,,,,,,,,,,,,,,,,,,,,,,,,,,,,,,,,,,,,,,,,,,,,,,,2020-10-23,,1.83,,pre-market,,,,,,,,,,,,,24.4898,,,,,,,,,,,,
2020-12-31,ITW,,,,,,,,,,,,,,,,,,,,,,,,,,,,,,,,,,,,,,0.24,,,1.78,,,,,,,,,,,,,,,,,,,,,,,,,,,,,,,,,,,,,,,,,,,,,,,,,2021-02-05,,2.02,,pre-market,,,,,,,,,,,,,13.4831,,,,,,,,,,,,
2021-03-31,ITW,,,,,,,,,,,,,,,,,,,,,,,,,,,,,,,,,,,,,,0.21,,,1.9,,,,,,,,,,,,,,,,,,,,,,,,,,,,,,,,,,,,,,,,,,,,,,,,,2021-04-30,,2.11,,pre-market,,,,,,,,,,,,,11.0526,,,,,,,,,,,,
2021-06-30,ITW,,,,,,,,,,,,,,,,,,,,,,,,,,,,,,,,,,,,,,0.36,,,2.09,,,,,,,,,,,,,,,,,,,,,,,,,,,,,,,,,,,,,,,,,,,,,,,,,2021-07-30,,2.45,,pre-market,,,,,,,,,,,,,17.2249,,,,,,,,,,,,
2021-09-30,ITW,,,,,,,,,,,,,,,,,,,,,,,,,,,,,,,,,,,,,,0.01,,,2.01,,,,,,,,,,,,,,,,,,,,,,,,,,,,,,,,,,,,,,,,,,,,,,,,,2021-10-28,,2.02,,pre-market,,,,,,,,,,,,,0.4975,,,,,,,,,,,,
2021-12-31,ITW,,,,,,,,,,,,,,,,,,,,,,,,,,,,,,,,,,,,,,0.03,,,1.9,,,,,,,,,,,,,,,,,,,,,,,,,,,,,,,,,,,,,,,,,,,,,,,,,2022-02-03,,1.93,,pre-market,,,,,,,,,,,,,1.5789,,,,,,,,,,,,
2022-03-31,ITW,,,,,,,,,,,,,,,,,,,,,,,,,,,,,,,,,,,,,,0.04,,,2.07,,,,,,,,,,,,,,,,,,,,,,,,,,,,,,,,,,,,,,,,,,,,,,,,,2022-05-03,,2.11,,pre-market,,,,,,,,,,,,,1.9324,,,,,,,,,,,,
2022-06-30,ITW,,,,,,,,,,,,,,,,,,,,,,,,,,,,,,,,,,,,,,0.16,,,2.21,,,,,,,,,,,,,,,,,,,,,,,,,,,,,,,,,,,,,,,,,,,,,,,,,2022-08-02,,2.37,,pre-market,,,,,,,,,,,,,7.2398,,,,,,,,,,,,
2022-09-30,ITW,,,,,,,,,,,,,,,,,,,,,,,,,,,,,,,,,,,,,,0.1,,,2.25,,,,,,,,,,,,,,,,,,,,,,,,,,,,,,,,,,,,,,,,,,,,,,,,,2022-10-25,,2.35,,pre-market,,,,,,,,,,,,,4.4444,,,,,,,,,,,,
2022-12-31,ITW,,,,,,,,,,,,,,,,,,,,,,,,,,,,,,,,,,,,,,0.38,,,2.57,,,,,,,,,,,,,,,,,,,,,,,,,,,,,,,,,,,,,,,,,,,,,,,,,2023-02-02,,2.95,,pre-market,,,,,,,,,,,,,14.786,,,,,,,,,,,,
2023-03-31,ITW,,,,,,,,,,,,,,,,,,,,,,,,,,,,,,,,,,,,,,0.11,,,2.22,,,,,,,,,,,,,,,,,,,,,,,,,,,,,,,,,,,,,,,,,,,,,,,,,2023-05-02,,2.33,,pre-market,,,,,,,,,,,,,4.955,,,,,,,,,,,,
2023-06-30,ITW,,,,,,,,,,,,,,,,,,,,,,,,,,,,,,,,,,,,,,0.08,,,2.4,,,,,,,,,,,,,,,,,,,,,,,,,,,,,,,,,,,,,,,,,,,,,,,,,2023-08-01,,2.48,,pre-market,,,,,,,,,,,,,3.3333,,,,,,,,,,,,
2023-09-30,ITW,,,,,,,,,,,,,,,,,,,,,,,,,,,,,,,,,,,,,,0.1,,,2.45,,,,,,,,,,,,,,,,,,,,,,,,,,,,,,,,,,,,,,,,,,,,,,,,,2023-10-24,,2.55,,pre-market,,,,,,,,,,,,,4.0816,,,,,,,,,,,,
2023-12-31,ITW,,,,,,,,,,,,,,,,,,,,,,,,,,,,,,,,,,,,,,-0.04,,,2.42,,,,,,,,,,,,,,,,,,,,,,,,,,,,,,,,,,,,,,,,,,,,,,,,,2024-02-01,,2.38,,pre-market,,,,,,,,,,,,,-1.6529,,,,,,,,,,,,
2024-03-31,ITW,,,,,,,,,,,,,,,,,,,,,,,,,,,,,,,,,,,,,,0.37,,,2.36,,,,,,,,,,,,,,,,,,,,,,,,,,,,,,,,,,,,,,,,,,,,,,,,,2024-04-30,,2.73,,pre-market,,,,,,,,,,,,,15.678,,,,,,,,,,,,
2024-06-30,ITW,,,,,,,,,,,,,,,,,,,,,,,,,,,,,,,,,,,,,,0.07,,,2.47,,,,,,,,,,,,,,,,,,,,,,,,,,,,,,,,,,,,,,,,,,,,,,,,,2024-07-30,,2.54,,pre-market,,,,,,,,,,,,,2.834,,,,,,,,,,,,
2024-09-30,ITW,,,,,,,,,,,,,,,,,,,,,,,,,,,,,,,,,,,,,,1.39,,,2.52,,,,,,,,,,,,,,,,,,,,,,,,,,,,,,,,,,,,,,,,,,,,,,,,,2024-10-30,,3.91,,pre-market,,,,,,,,,,,,,55.1587,,,,,,,,,,,,
2024-12-31,ITW,,,,,,,,,,,,,,,,,,,,,,,,,,,,,,,,,,,,,,0.05,,,2.49,,,,,,,,,,,,,,,,,,,,,,,,,,,,,,,,,,,,,,,,,,,,,,,,,2025-02-05,,2.54,,pre-market,,,,,,,,,,,,,2.008,,,,,,,,,,,,
2025-03-31,ITW,,,,,,,,,,,,,,,,,,,,,,,,,,,,,,,,,,,,,,0.03,,,2.35,,,,,,,,,,,,,,,,,,,,,,,,,,,,,,,,,,,,,,,,,,,,,,,,,2025-04-30,,2.38,,pre-market,,,,,,,,,,,,,1.2766,,,,,,,,,,,,
2025-06-30,ITW,,,,,,,,,,,,,,,,,,,,,,,,,,,,,,,,,,,,,,0.01,,,2.57,,,,,,,,,,,,,,,,,,,,,,,,,,,,,,,,,,,,,,,,,,,,,,,,,2025-07-30,,2.58,,pre-market,,,,,,,,,,,,,0.3891,,,,,,,,,,,,
2025-09-30,ITW,,,,,,,,,,,,,,,,,,,,,,,,,,,,,,,,,,,,,,0.11,,,2.7,,,,,,,,,,,,,,,,,,,,,,,,,,,,,,,,,,,,,,,,,,,,,,,,,2025-10-24,,2.81,,pre-market,,,,,,,,,,,,,4.0741,,,,,,,,,,,,
2025-12-28,ITW,10.3,15883000000.0,24.51,,1.151,11.06,,,,,,,,,,,,,,,,,,,,,,,,,,6.11,0.0243,,,,-0.281,0.11,,,2.7,,22.03,,6977000000.0,,,,,,,,,,,,,,,,,,,0.277,,,,,,,,,,,,,3.483,22.83,4.633,,,,,,,,0.191,,,2025-10-24,,2.81,,pre-market,,,0.164,0.917,0.023,54.25,,,,,250.7,248.19,4.0741,,,,,,,,,24.51,,273.07,212.05
2025-12-28,ITW,10.3,15883000000.0,24.51,,1.151,11.06,,,,,,,,,,,,,,,None,2253000000,2253000000,,,,,,None,100000000,,6.11,0.0243,,,,-0.281,0.11,1124000000,1224000000,2.7,2025-09-30,22.03,,6977000000.0,1806000000,1049000000,228000000,,,None,75000000,75000000,,None,,,,,821000000,821000000,-75000000,None,0.277,,694000000,1112000000,,,,,None,,,,,3.483,22.83,4.633,,,,,,,,0.191,,,2025-10-24,quarterly,2.81,USD,pre-market,676000000,,0.164,0.917,0.023,54.25,676000000,,,,250.7,248.19,4.0741,,,,,,,4059000000,,24.51,,273.07,212.05
2025-12-28,ITW,10.3,15883000000.0,24.51,,1.151,11.06,,,,,,,,,,,,,,,None,2271000000,2271000000,,,,,,None,99000000,,6.11,0.0243,,,,-0.281,0.11,1072000000,1171000000,2.7,2025-06-30,22.03,,6977000000.0,1782000000,998000000,243000000,,,None,74000000,74000000,,None,,,,,755000000,755000000,-74000000,None,0.277,,714000000,1068000000,,,,,None,,,,,3.483,22.83,4.633,,,,,,,,0.191,,,2025-10-24,quarterly,2.81,USD,pre-market,693000000,,0.164,0.917,0.023,54.25,693000000,,,,250.7,248.19,4.0741,,,,,,,4053000000,,24.51,,273.07,212.05
2025-12-28,ITW,10.3,15883000000.0,24.51,,1.151,11.06,,,,,,,,,,,,,,,None,2182000000,2182000000,,,,,,None,95000000,,6.11,0.0243,,,,-0.281,0.11,963000000,1058000000,2.7,2025-03-31,22.03,,6977000000.0,1657000000,895000000,195000000,,,None,68000000,68000000,,None,,,,,700000000,700000000,-68000000,None,0.277,,706000000,951000000,,,,,None,,,,,3.483,22.83,4.633,,,,,,,,0.191,,,2025-10-24,quarterly,2.81,USD,pre-market,706000000,,0.164,0.917,0.023,54.25,706000000,,,,250.7,248.19,4.0741,,,,,,,3839000000,,24.51,,273.07,212.05
2025-12-28,ITW,10.3,15883000000.0,24.51,,1.151,11.06,,,,,,,,,,,,,,,None,2246000000,2246000000,,,,,,None,102000000,,6.11,0.0243,,,,-0.281,0.11,1051000000,1153000000,2.7,2024-12-31,22.03,,6977000000.0,1686000000,983000000,233000000,,,None,68000000,68000000,,None,,,,,750000000,750000000,-24000000,None,0.277,,655000000,1031000000,,,,,None,,,,,3.483,22.83,4.633,,,,,,,,0.191,,,2025-10-24,quarterly,2.81,USD,pre-market,292000000,,0.164,0.917,0.023,54.25,655000000,,,,250.7,248.19,4.0741,,,,,,,3932000000,,24.51,,273.07,212.05
2025-12-28,ITW,10.3,15883000000.0,24.51,,1.151,11.06,,,,,,,,,,,,,,,None,2256000000,2256000000,,,,,,None,104000000,,6.11,0.0243,,,,-0.281,0.11,1431000000,1535000000,2.7,2024-09-30,22.03,,6977000000.0,1710000000,1362000000,202000000,,,None,69000000,69000000,,None,,,,,1160000000,1160000000,-69000000,None,0.277,,658000000,1052000000,,,,,None,,,,,3.483,22.83,4.633,,,,,,,,0.191,,,2025-10-24,quarterly,2.81,USD,pre-market,658000000,,0.164,0.917,0.023,54.25,658000000,,,,250.7,248.19,4.0741,,,,,,,3966000000,,24.51,,273.07,212.05
2025-12-28,ITW,10.3,15883000000.0,24.51,,1.151,11.06,,,,,,,,,,,,,,,None,2287000000,2287000000,,,,,,None,99000000,,6.11,0.0243,,,,-0.281,0.11,1080000000,1179000000,2.7,2024-06-30,22.03,,6977000000.0,1740000000,1005000000,246000000,,,None,75000000,None,,None,,,,,759000000,759000000,-75000000,None,0.277,,686000000,1054000000,,,,,None,,,,,3.483,22.83,4.633,,,,,,,,0.191,,,2025-10-24,quarterly,2.81,USD,pre-market,686000000,,0.164,0.917,0.023,54.25,686000000,,,,250.7,248.19,4.0741,,,,,,,4027000000,,24.51,,273.07,212.05
2025-12-28,ITW,10.3,15883000000.0,24.51,,1.151,11.06,,,,,,,,,,,,,,,None,2170000000,2170000000,,,,,,None,97000000,,6.11,0.0243,,,,-0.281,0.11,1143000000,1240000000,2.7,2024-03-31,22.03,,6977000000.0,1803000000,1072000000,253000000,,,None,71000000,None,,None,,,,,819000000,819000000,-71000000,None,0.277,,676000000,1127000000,,,,,None,,,,,3.483,22.83,4.633,,,,,,,,0.191,,,2025-10-24,quarterly,2.81,USD,pre-market,676000000,,0.164,0.917,0.023,54.25,676000000,,,,250.7,248.19,4.0741,,,,,,,3973000000,,24.51,,273.07,212.05
2025-12-28,ITW,10.3,15883000000.0,24.51,,1.151,11.06,,,,,,,,,,,,,,,None,2337000000,2337000000,,,,,,None,99000000,,6.11,0.0243,,,,-0.281,0.11,997000000,1096000000,2.7,2023-12-31,22.03,,6977000000.0,1646000000,927000000,210000000,,,None,70000000,None,,None,,,,,717000000,717000000,-19000000,None,0.277,,658000000,988000000,,,,,None,,,,,3.483,22.83,4.633,,,,,,,,0.191,,,2025-10-24,quarterly,2.81,USD,pre-market,284000000,,0.164,0.917,0.023,54.25,658000000,,,,250.7,248.19,4.0741,,,,,,,3983000000,,24.51,,273.07,212.05
2025-12-28,ITW,10.3,15883000000.0,24.51,,1.151,11.06,,,,,,,,,,,,,,,None,2346000000,2346000000,,,,,,None,97000000,,6.11,0.0243,,,,-0.281,0.11,1080000000,1177000000,2.7,2023-09-30,22.03,,6977000000.0,1685000000,1013000000,241000000,,,None,67000000,67000000,,None,,,,,772000000,772000000,-67000000,None,0.277,,615000000,1070000000,,,,,None,,,,,3.483,22.83,4.633,,,,,,,,0.191,,,2025-10-24,quarterly,2.81,USD,pre-market,615000000,,0.164,0.917,0.023,54.25,615000000,,,,250.7,248.19,4.0741,,,,,,,4031000000,,24.51,,273.07,212.05
2025-12-28,ITW,10.3,15883000000.0,24.51,,1.151,11.06,,,,,,,,,,,,,,,None,2374000000,2374000000,,,,,,None,100000000,,6.11,0.0243,,,,-0.281,0.11,1030000000,1130000000,2.7,2023-06-30,22.03,,6977000000.0,1700000000,961000000,207000000,,,None,69000000,69000000,,None,,,,,754000000,754000000,-69000000,None,0.277,,690000000,1010000000,,,,,20000000,,,,,3.483,22.83,4.633,,,,,,,,0.191,,,2025-10-24,quarterly,2.81,USD,pre-market,690000000,,0.164,0.917,0.023,54.25,690000000,,,,250.7,248.19,4.0741,,,,,,,4074000000,,24.51,,273.07,212.05
2025-12-28,ITW,10.3,15883000000.0,24.51,,1.151,11.06,,,,,,,,,,,,,,,None,2372000000,2372000000,,,,,,None,99000000,,6.11,0.0243,,,,-0.281,0.11,982000000,1081000000,2.7,2023-03-31,22.03,,6977000000.0,1647000000,922000000,208000000,,,None,60000000,60000000,,None,,,,,714000000,714000000,-60000000,None,0.277,,675000000,972000000,,,,,10000000,,,,,3.483,22.83,4.633,,,,,,,,0.191,,,2025-10-24,quarterly,2.81,USD,pre-market,675000000,,0.164,0.917,0.023,54.25,675000000,,,,250.7,248.19,4.0741,,,,,,,4019000000,,24.51,,273.07,212.05
2025-12-28,ITW,10.3,15883000000.0,24.51,,1.151,11.06,,,,,,,,,,,,,,,None,2341000000,2341000000,,,,,,None,99000000,,6.11,0.0243,,,,-0.281,0.11,1177000000,1276000000,2.7,2022-12-31,22.03,,6977000000.0,1630000000,1121000000,214000000,,,None,56000000,56000000,,None,,,,,907000000,907000000,-56000000,None,0.277,,644000000,986000000,,,,,191000000,,,,,3.483,22.83,4.633,,,,,,,,0.191,,,2025-10-24,quarterly,2.81,USD,pre-market,1920000000,,0.164,0.917,0.023,54.25,644000000,,,,250.7,248.19,4.0741,,,,,,,3971000000,,24.51,,273.07,212.05
2025-12-28,ITW,10.3,15883000000.0,24.51,,1.151,11.06,,,,,,,,,,,,,,,None,2404000000,2404000000,,,,,,None,102000000,,6.11,0.0243,,,,-0.281,0.11,1009000000,1111000000,2.7,2022-09-30,22.03,,6977000000.0,1607000000,957000000,230000000,,,None,52000000,52000000,,None,,,,,727000000,727000000,-52000000,None,0.277,,624000000,983000000,,,,,26000000,,,,,3.483,22.83,4.633,,,,,,,,0.191,,,2025-10-24,quarterly,2.81,USD,pre-market,581000000,,0.164,0.917,0.023,54.25,624000000,,,,250.7,248.19,4.0741,,,,,,,4011000000,,24.51,,273.07,212.05
2025-12-28,ITW,10.3,15883000000.0,24.51,,1.151,11.06,,,,,,,,,,,,,,,None,2426000000,2426000000,,,,,,None,103000000,,6.11,0.0243,,,,-0.281,0.11,950000000,1053000000,2.7,2022-06-30,22.03,,6977000000.0,1585000000,903000000,165000000,,,None,47000000,47000000,,None,,,,,738000000,738000000,-47000000,None,0.277,,659000000,926000000,,,,,24000000,,,,,3.483,22.83,4.633,,,,,,,,0.191,,,2025-10-24,quarterly,2.81,USD,pre-market,659000000,,0.164,0.917,0.023,54.25,659000000,,,,250.7,248.19,4.0741,,,,,,,4011000000,,24.51,,273.07,212.05
2025-12-28,ITW,10.3,15883000000.0,24.51,,1.151,11.06,,,,,,,,,,,,,,,None,2392000000,2392000000,,,,,,None,106000000,,6.11,0.0243,,,,-0.281,0.11,909000000,1015000000,2.7,2022-03-31,22.03,,6977000000.0,1547000000,861000000,199000000,,,None,48000000,48000000,,None,,,,,662000000,662000000,-48000000,None,0.277,,652000000,895000000,,,,,14000000,,,,,3.483,22.83,4.633,,,,,,,,0.191,,,2025-10-24,quarterly,2.81,USD,pre-market,652000000,,0.164,0.917,0.023,54.25,652000000,,,,250.7,248.19,4.0741,,,,,,,3939000000,,24.51,,273.07,212.05
2025-12-28,ITW,10.3,15883000000.0,24.51,,1.151,11.06,,,,,,,,,,,,,,,None,2224000000,2224000000,,,,,,None,104000000,,6.11,0.0243,,,,-0.281,0.11,841000000,945000000,2.7,2021-12-31,22.03,,6977000000.0,1455000000,792000000,183000000,,,None,49000000,49000000,,None,,,,,609000000,609000000,-49000000,None,0.277,,621000000,834000000,,,,,7000000,,,,,3.483,22.83,4.633,,,,,,,,0.191,,,2025-10-24,quarterly,2.81,USD,pre-market,2356000000,,0.164,0.917,0.023,54.25,621000000,,,,250.7,248.19,4.0741,,,,,,,3679000000,,24.51,,273.07,212.05
2025-12-28,ITW,10.3,15883000000.0,24.51,,1.151,11.06,,,,,,,,,,,,,,,None,2130000000,2130000000,,,,,,None,104000000,,6.11,0.0243,,,,-0.281,0.11,855000000,959000000,2.7,2021-09-30,22.03,,6977000000.0,1426000000,806000000,167000000,,,None,49000000,49000000,,None,,,,,639000000,639000000,-49000000,None,0.277,,581000000,845000000,,,,,10000000,,,,,3.483,22.83,4.633,,,,,,,,0.191,,,2025-10-24,quarterly,2.81,USD,pre-market,581000000,,0.164,0.917,0.023,54.25,581000000,,,,250.7,248.19,4.0741,,,,,,,3556000000,,24.51,,273.07,212.05
2025-12-28,ITW,10.3,15883000000.0,24.51,,1.151,11.06,,,,,,,,,,,,,,,None,2195000000,2195000000,,,,,,None,102000000,,6.11,0.0243,,,,-0.281,0.11,915000000,1017000000,2.7,2021-06-30,22.03,,6977000000.0,1481000000,863000000,88000000,,,None,52000000,52000000,,None,,,,,775000000,775000000,-52000000,None,0.277,,588000000,893000000,,,,,22000000,,,,,3.483,22.83,4.633,,,,,,,,0.191,,,2025-10-24,quarterly,2.81,USD,pre-market,588000000,,0.164,0.917,0.023,54.25,588000000,,,,250.7,248.19,4.0741,,,,,,,3676000000,,24.51,,273.07,212.05
2025-12-28,ITW,10.3,15883000000.0,24.51,,1.151,11.06,,,,,,,,,,,,,,,None,2073000000,2073000000,,,,,,None,100000000,,6.11,0.0243,,,,-0.281,0.11,917000000,1017000000,2.7,2021-03-31,22.03,,6977000000.0,1471000000,865000000,194000000,,,None,52000000,52000000,,None,,,,,671000000,671000000,-52000000,None,0.277,,566000000,905000000,,,,,12000000,,,,,3.483,22.83,4.633,,,,,,,,0.191,,,2025-10-24,quarterly,2.81,USD,pre-market,566000000,,0.164,0.917,0.023,54.25,566000000,,,,250.7,248.19,4.0741,,,,,,,3544000000,,24.51,,273.07,212.05
2025-12-28,ITW,10.3,15883000000.0,24.51,,1.151,11.06,,,,,,,,,,,,,,,None,2035000000,2035000000,,,,,,None,105000000,,6.11,0.0243,,,,-0.281,0.11,876000000,981000000,2.7,2020-12-31,22.03,,6977000000.0,1440000000,824000000,182000000,,,None,52000000,52000000,,None,,,,,642000000,642000000,-52000000,None,0.277,,557000000,883000000,,,,,-7000000,,,,,3.483,22.83,4.633,,,,,,,,0.191,,,2025-10-24,quarterly,2.81,USD,pre-market,2163000000,,0.164,0.917,0.023,54.25,560000000,,,,250.7,248.19,4.0741,,,,,,,3475000000,,24.51,,273.07,212.05
2025-12-28,ITW,10.3,15883000000.0,24.51,,1.151,11.06,,,,,,,,,,,,,,,None,1958000000,1958000000,,,,,,None,118000000,,6.11,0.0243,,,,-0.281,0.11,791000000,909000000,2.7,2020-09-30,22.03,,6977000000.0,1349000000,739000000,157000000,,,None,52000000,52000000,,None,,,,,582000000,582000000,-52000000,None,0.277,,560000000,789000000,,,,,2000000,,,,,3.483,22.83,4.633,,,,,,,,0.191,,,2025-10-24,quarterly,2.81,USD,pre-market,560000000,,0.164,0.917,0.023,54.25,560000000,,,,250.7,248.19,4.0741,,,,,,,3307000000,,24.51,,273.07,212.05
2025-12-28,ITW,10.3,15883000000.0,24.51,,1.151,11.06,,,,,,,,,,,,,,,None,1629000000,1629000000,,,,,,None,100000000,,6.11,0.0243,,,,-0.281,0.11,457000000,557000000,2.7,2020-06-30,22.03,,6977000000.0,935000000,406000000,87000000,,,None,51000000,51000000,,None,,,,,319000000,319000000,-51000000,None,0.277,,486000000,449000000,,,,,8000000,,,,,3.483,22.83,4.633,,,,,,,,0.191,,,2025-10-24,quarterly,2.81,USD,pre-market,486000000,,0.164,0.917,0.023,54.25,486000000,,,,250.7,248.19,4.0741,,,,,,,2564000000,,24.51,,273.07,212.05
2025-12-28,ITW,10.3,15883000000.0,24.51,,1.151,11.06,,,,,,,,,,,,,,,None,1907000000,1907000000,,,,,,None,104000000,,6.11,0.0243,,,,-0.281,0.11,786000000,890000000,2.7,2020-03-31,22.03,,6977000000.0,1321000000,735000000,169000000,,,None,51000000,51000000,,None,,,,,566000000,566000000,-51000000,None,0.277,,560000000,761000000,,,,,25000000,,,,,3.483,22.83,4.633,,,,,,,,0.191,,,2025-10-24,quarterly,2.81,USD,pre-market,560000000,,0.164,0.917,0.023,54.25,560000000,,,,250.7,248.19,4.0741,,,,,,,3228000000,,24.51,,273.07,212.05
2025-12-28,ITW,10.3,15883000000.0,24.51,,1.151,11.06,,,,,,,,,,,,,,,None,2059000000,2059000000,,,,,,None,105000000,,6.11,0.0243,,,,-0.281,0.11,882000000,987000000,2.7,2019-12-31,22.03,,6977000000.0,1410000000,831000000,190000000,,,None,51000000,51000000,,None,,,,,641000000,641000000,-22000000,None,0.277,,586000000,824000000,,,,,58000000,,,,,3.483,22.83,4.633,,,,,,,,0.191,,,2025-10-24,quarterly,2.81,USD,pre-market,2361000000,,0.164,0.917,0.023,54.25,586000000,,,,250.7,248.19,4.0741,,,,,,,3469000000,,24.51,,273.07,212.05
2025-12-28,ITW,10.3,15883000000.0,24.51,,1.151,11.06,,,,,,,,,,,,,,,None,2045000000,2045000000,,,,,,None,104000000,,6.11,0.0243,,,,-0.281,0.11,894000000,998000000,2.7,2019-09-30,22.03,,6977000000.0,1434000000,842000000,182000000,,,None,52000000,52000000,,None,,,,,660000000,660000000,-52000000,None,0.277,,566000000,868000000,,,,,26000000,,,,,3.483,22.83,4.633,,,,,,,,0.191,,,2025-10-24,quarterly,2.81,USD,pre-market,566000000,,0.164,0.917,0.023,54.25,566000000,,,,250.7,248.19,4.0741,,,,,,,3479000000,,24.51,,273.07,212.05
2025-12-28,ITW,10.3,15883000000.0,24.51,,1.151,11.06,,,,,,,,,,,,,,,None,2140000000,2140000000,,,,,,None,107000000,,6.11,0.0243,,,,-0.281,0.11,880000000,987000000,2.7,2019-06-30,22.03,,6977000000.0,1469000000,825000000,202000000,,,None,55000000,55000000,,None,,,,,623000000,623000000,-55000000,None,0.277,,598000000,871000000,,,,,9000000,,,,,3.483,22.83,4.633,,,,,,,,0.191,,,2025-10-24,quarterly,2.81,USD,pre-market,598000000,,0.164,0.917,0.023,54.25,598000000,,,,250.7,248.19,4.0741,,,,,,,3609000000,,24.51,,273.07,212.05
2025-12-28,ITW,10.3,15883000000.0,24.51,,1.151,11.06,,,,,,,,,,,,,,,None,2102000000,2102000000,,,,,,None,110000000,,6.11,0.0243,,,,-0.281,0.11,853000000,963000000,2.7,2019-03-31,22.03,,6977000000.0,1450000000,790000000,193000000,,,None,63000000,63000000,,None,,,,,597000000,597000000,-63000000,None,0.277,,611000000,839000000,,,,,14000000,,,,,3.483,22.83,4.633,,,,,,,,0.191,,,2025-10-24,quarterly,2.81,USD,pre-market,611000000,,0.164,0.917,0.023,54.25,611000000,,,,250.7,248.19,4.0741,,,,,,,3552000000,,24.51,,273.07,212.05
2025-12-28,ITW,10.3,15883000000.0,24.51,,1.151,11.06,,,,,,,,,,,,,,,None,2142000000,2142000000,,,,,,None,115000000,,6.11,0.0243,,,,-0.281,0.11,879000000,994000000,2.7,2018-12-31,22.03,,6977000000.0,1438000000,816000000,209000000,,,None,63000000,None,,None,,,,,607000000,607000000,None,None,0.277,,578000000,860000000,,,,,19000000,,,,,3.483,22.83,4.633,,,,,,,,0.191,,,2025-10-24,quarterly,2.81,USD,pre-market,2391000000,,0.164,0.917,0.023,54.25,578000000,,,,250.7,248.19,4.0741,,,,,,,3580000000,,24.51,,273.07,212.05
2025-12-28,ITW,10.3,15883000000.0,24.51,,1.151,11.06,,,,,,,,,,,,,,,None,2143000000,2143000000,,,,,,None,115000000,,6.11,0.0243,,,,-0.281,0.11,899000000,1014000000,2.7,2018-09-30,22.03,,6977000000.0,1470000000,835000000,197000000,,,None,64000000,None,,None,,,,,638000000,638000000,None,None,0.277,,581000000,889000000,,,,,10000000,,,,,3.483,22.83,4.633,,,,,,,,0.191,,,2025-10-24,quarterly,2.81,USD,pre-market,581000000,,0.164,0.917,0.023,54.25,581000000,,,,250.7,248.19,4.0741,,,,,,,3613000000,,24.51,,273.07,212.05
2025-12-28,ITW,10.3,15883000000.0,24.51,,1.151,11.06,,,,,,,,,,,,,,,None,2279000000,2279000000,,,,,,None,116000000,,6.11,0.0243,,,,-0.281,0.11,958000000,1074000000,2.7,2018-06-30,22.03,,6977000000.0,1552000000,894000000,228000000,,,None,64000000,None,,None,,,,,666000000,666000000,None,None,0.277,,620000000,932000000,,,,,26000000,,,,,3.483,22.83,4.633,,,,,,,,0.191,,,2025-10-24,quarterly,2.81,USD,pre-market,620000000,,0.164,0.917,0.023,54.25,620000000,,,,250.7,248.19,4.0741,,,,,,,3831000000,,24.51,,273.07,212.05
2025-12-28,ITW,10.3,15883000000.0,24.51,,1.151,11.06,,,,,,,,,,,,,,,None,2229000000,2229000000,,,,,,None,115000000,,6.11,0.0243,,,,-0.281,0.11,915000000,1030000000,2.7,2018-03-31,22.03,,6977000000.0,1515000000,849000000,197000000,,,None,66000000,None,,None,,,,,652000000,652000000,None,None,0.277,,612000000,903000000,,,,,12000000,,,,,3.483,22.83,4.633,,,,,,,,0.191,,,2025-10-24,quarterly,2.81,USD,pre-market,612000000,,0.164,0.917,0.023,54.25,612000000,,,,250.7,248.19,4.0741,,,,,,,3744000000,,24.51,,273.07,212.05
2025-12-28,ITW,10.3,15883000000.0,24.51,,1.151,11.06,,,,,,,,,,,,,,,None,2174000000,2174000000,,,,,,None,118000000,,6.11,0.0243,,,,-0.281,0.11,862000000,980000000,2.7,2017-12-31,22.03,,6977000000.0,1455000000,796000000,872000000,,,None,66000000,None,,None,,,,,-76000000,-76000000,None,None,0.277,,605000000,850000000,,,,,12000000,,,,,3.483,22.83,4.633,,,,,,,,0.191,,,2025-10-24,quarterly,2.81,USD,pre-market,2400000000,,0.164,0.917,0.023,54.25,605000000,,,,250.7,248.19,4.0741,,,,,,,3629000000,,24.51,,273.07,212.05
2025-12-28,ITW,10.3,15883000000.0,24.51,,1.151,11.06,,,,,,,,,,,,,,,None,2145000000,2145000000,,,,,,None,116000000,,6.11,0.0243,,,,-0.281,0.11,971000000,1087000000,2.7,2017-09-30,22.03,,6977000000.0,1470000000,906000000,266000000,,,None,65000000,None,,None,,,,,640000000,640000000,None,None,0.277,,589000000,961000000,,,,,10000000,,,,,3.483,22.83,4.633,,,,,,,,0.191,,,2025-10-24,quarterly,2.81,USD,pre-market,589000000,,0.164,0.917,0.023,54.25,589000000,,,,250.7,248.19,4.0741,,,,,,,3615000000,,24.51,,273.07,212.05
2025-12-28,ITW,10.3,15883000000.0,24.51,,1.151,11.06,,,,,,,,,,,,,,,None,2139000000,2139000000,,,,,,None,114000000,,6.11,0.0243,,,,-0.281,0.11,884000000,998000000,2.7,2017-06-30,22.03,,6977000000.0,1460000000,819000000,232000000,,,None,65000000,None,,None,,,,,587000000,587000000,None,None,0.277,,601000000,874000000,,,,,10000000,,,,,3.483,22.83,4.633,,,,,,,,0.191,,,2025-10-24,quarterly,2.81,USD,pre-market,586000000,,0.164,0.917,0.023,54.25,586000000,,,,250.7,248.19,4.0741,,,,,,,3599000000,,24.51,,273.07,212.05
2025-12-28,ITW,10.3,15883000000.0,24.51,,1.151,11.06,,,,,,,,,,,,,,,None,2057000000,2057000000,,,,,,None,114000000,,6.11,0.0243,,,,-0.281,0.11,813000000,927000000,2.7,2017-03-31,22.03,,6977000000.0,1414000000,749000000,213000000,,,None,64000000,None,,None,,,,,536000000,536000000,None,None,0.277,,605000000,809000000,,,,,4000000,,,,,3.483,22.83,4.633,,,,,,,,0.191,,,2025-10-24,quarterly,2.81,USD,pre-market,605000000,,0.164,0.917,0.023,54.25,605000000,,,,250.7,248.19,4.0741,,,,,,,3471000000,,24.51,,273.07,212.05
2025-12-28,ITW,10.3,15883000000.0,24.51,,1.151,11.06,,,,,,,,,,,,,,,None,2060000000,2060000000,,,,,,None,118000000,,6.11,0.0243,,,,-0.281,0.11,789000000,907000000,2.7,2016-12-31,22.03,,6977000000.0,1339000000,726000000,219000000,,,None,63000000,None,,None,,,,,507000000,507000000,None,None,0.277,,597000000,742000000,,,,,47000000,,,,,3.483,22.83,4.633,,,,,,,,0.191,,,2025-10-24,quarterly,2.81,USD,pre-market,2415000000,,0.164,0.917,0.023,54.25,597000000,,,,250.7,248.19,4.0741,,,,,,,3399000000,,24.51,,273.07,212.05
2025-12-28,ITW,10.3,15883000000.0,24.51,,1.151,11.06,,,,,,,,,,,,,,,None,2083000000,2083000000,,,,,,None,120000000,,6.11,0.0243,,,,-0.281,0.11,821000000,941000000,2.7,2016-09-30,22.03,,6977000000.0,1412000000,763000000,228000000,,,None,58000000,None,,None,,,,,535000000,535000000,None,None,0.277,,604000000,808000000,,,,,13000000,,,,,3.483,22.83,4.633,,,,,,,,0.191,,,2025-10-24,quarterly,2.81,USD,pre-market,604000000,,0.164,0.917,0.023,54.25,604000000,,,,250.7,248.19,4.0741,,,,,,,3495000000,,24.51,,273.07,212.05
2025-12-28,ITW,10.3,15883000000.0,24.51,,1.151,11.06,,,,,,,,,,,,,,,None,1967000000,1967000000,,,,,,None,55000000,,6.11,0.0243,,,,-0.281,0.11,852000000,907000000,2.7,2016-06-30,22.03,,6977000000.0,1464000000,751000000,226000000,,,None,58000000,None,,None,,,,,525000000,525000000,None,None,0.277,,672000000,792000000,,,,,17000000,,,,,3.483,22.83,4.633,,,,,,,,0.191,,,2025-10-24,quarterly,2.81,USD,pre-market,617000000,,0.164,0.917,0.023,54.25,617000000,,,,250.7,248.19,4.0741,,,,,,,3431000000,,24.51,,273.07,212.05
2025-12-28,ITW,10.3,15883000000.0,24.51,,1.151,11.06,,,,,,,,,,,,,,,None,1896000000,1896000000,,,,,,None,59000000,,6.11,0.0243,,,,-0.281,0.11,780000000,839000000,2.7,2016-03-31,22.03,,6977000000.0,1378000000,668000000,200000000,,,None,58000000,None,,None,,,,,468000000,468000000,None,None,0.277,,656000000,722000000,,,,,4000000,,,,,3.483,22.83,4.633,,,,,,,,0.191,,,2025-10-24,quarterly,2.81,USD,pre-market,597000000,,0.164,0.917,0.023,54.25,597000000,,,,250.7,248.19,4.0741,,,,,,,3274000000,,24.51,,273.07,212.05
2025-12-28,ITW,10.3,15883000000.0,24.51,,1.151,11.06,,,,,,,,,,,,,,,None,1941000000,1941000000,,,,,,None,57000000,,6.11,0.0243,,,,-0.281,0.11,743000000,800000000,2.7,2015-12-31,22.03,,6977000000.0,1334000000,634000000,184000000,,,None,58000000,None,,None,,,,,450000000,450000000,None,None,0.277,,655000000,679000000,,,,,13000000,,,,,3.483,22.83,4.633,,,,,,,,0.191,,,2025-10-24,quarterly,2.81,USD,pre-market,2417000000,,0.164,0.917,0.023,54.25,598000000,,,,250.7,248.19,4.0741,,,,,,,3275000000,,24.51,,273.07,212.05
2025-12-28,ITW,10.3,15883000000.0,24.51,,1.151,11.06,,,,,,,,,,,,,,,None,1953000000,1953000000,,,,,,None,57000000,,6.11,0.0243,,,,-0.281,0.11,786000000,843000000,2.7,2015-09-30,22.03,,6977000000.0,1401000000,725000000,214000000,,,None,59000000,None,,None,,,,,511000000,511000000,None,None,0.277,,638000000,761000000,,,,,23000000,,,,,3.483,22.83,4.633,,,,,,,,0.191,,,2025-10-24,quarterly,2.81,USD,pre-market,581000000,,0.164,0.917,0.023,54.25,581000000,,,,250.7,248.19,4.0741,,,,,,,3354000000,,24.51,,273.07,212.05
2025-12-28,ITW,10.3,15883000000.0,24.51,,1.151,11.06,,,,,,,,,,,,,,,None,2024000000,2024000000,,,,,,None,58000000,,6.11,0.0243,,,,-0.281,0.11,790000000,848000000,2.7,2015-06-30,22.03,,6977000000.0,1410000000,696000000,216000000,,,None,55000000,None,,None,,,,,480000000,480000000,None,None,0.277,,680000000,730000000,,,,,21000000,,,,,3.483,22.83,4.633,,,,,,,,0.191,,,2025-10-24,quarterly,2.81,USD,pre-market,622000000,,0.164,0.917,0.023,54.25,622000000,,,,250.7,248.19,4.0741,,,,,,,3434000000,,24.51,,273.07,212.05
2025-12-28,ITW,10.3,15883000000.0,24.51,,1.151,11.06,,,,,,,,,,,,,,,None,1970000000,1970000000,,,,,,None,59000000,,6.11,0.0243,,,,-0.281,0.11,756000000,815000000,2.7,2015-03-31,22.03,,6977000000.0,1372000000,664000000,206000000,,,None,54000000,None,,None,,,,,458000000,458000000,None,None,0.277,,675000000,697000000,,,,,21000000,,,,,3.483,22.83,4.633,,,,,,,,0.191,,,2025-10-24,quarterly,2.81,USD,pre-market,616000000,,0.164,0.917,0.023,54.25,616000000,,,,250.7,248.19,4.0741,,,,,,,3342000000,,24.51,,273.07,212.05
2025-12-28,ITW,10.3,15883000000.0,24.51,,1.151,11.06,,,,,,,,,,,,,,,None,2114000000,2114000000,,,,,,None,60000000,,6.11,0.0243,,,,-0.281,0.11,746000000,806000000,2.7,2014-12-31,22.03,,6977000000.0,1390000000,657000000,196000000,,,None,54000000,None,,None,,,,,450000000,461000000,None,None,0.277,,704000000,686000000,,,,,25000000,,,,,3.483,22.83,4.633,,,,,,,,0.191,,,2025-10-24,quarterly,2.81,USD,pre-market,2678000000,,0.164,0.917,0.023,54.25,644000000,,,,250.7,248.19,4.0741,,,,,,,3504000000,,24.51,,273.07,212.05
2025-12-28,ITW,10.3,15883000000.0,24.51,,1.151,11.06,,,,,,,,,,,,,,,None,2182000000,2182000000,,,,,,None,60000000,,6.11,0.0243,,,,-0.281,0.11,795000000,855000000,2.7,2014-09-30,22.03,,6977000000.0,1510000000,724000000,217000000,,,None,68000000,None,,None,,,,,531000000,507000000,None,None,0.277,,735000000,772000000,,,,,20000000,,,,,3.483,22.83,4.633,,,,,,,,0.191,,,2025-10-24,quarterly,2.81,USD,pre-market,675000000,,0.164,0.917,0.023,54.25,675000000,,,,250.7,248.19,4.0741,,,,,,,3692000000,,24.51,,273.07,212.05
2025-12-28,ITW,10.3,15883000000.0,24.51,,1.151,11.06,,,,,,,,,,,,,,,None,2219000000,2219000000,,,,,,None,60000000,,6.11,0.0243,,,,-0.281,0.11,832000000,892000000,2.7,2014-06-30,22.03,,6977000000.0,1500000000,706000000,212000000,,,None,64000000,None,,None,,,,,1492000000,494000000,None,None,0.277,,737000000,763000000,,,,,7000000,,,,,3.483,22.83,4.633,,,,,,,,0.191,,,2025-10-24,quarterly,2.81,USD,pre-market,677000000,,0.164,0.917,0.023,54.25,677000000,,,,250.7,248.19,4.0741,,,,,,,3719000000,,24.51,,273.07,212.05
2025-12-28,ITW,10.3,15883000000.0,24.51,,1.151,11.06,,,,,,,,,,,,,,,None,2158000000,2158000000,,,,,,None,62000000,,6.11,0.0243,,,,-0.281,0.11,735000000,797000000,2.7,2014-03-31,22.03,,6977000000.0,1411000000,612000000,184000000,,,None,64000000,None,,None,,,,,473000000,428000000,None,None,0.277,,744000000,667000000,,,,,9000000,,,,,3.483,22.83,4.633,,,,,,,,0.191,,,2025-10-24,quarterly,2.81,USD,pre-market,682000000,,0.164,0.917,0.023,54.25,682000000,,,,250.7,248.19,4.0741,,,,,,,3569000000,,24.51,,273.07,212.05
2025-12-28,ITW,10.3,15883000000.0,24.51,,1.151,11.06,,,,,,,,,,,,,,,None,2173000000,2173000000,,,,,,None,64000000,,6.11,0.0243,,,,-0.281,0.11,633000000,697000000,2.7,2013-12-31,22.03,,6977000000.0,1381000000,573000000,166000000,,,None,60000000,None,,None,,,,,408000000,301000000,None,None,0.277,,753000000,628000000,,,,,5000000,,,,,3.483,22.83,4.633,,,,,,,,0.191,,,2025-10-24,quarterly,2.81,USD,pre-market,2815000000,,0.164,0.917,0.023,54.25,689000000,,,,250.7,248.19,4.0741,,,,,,,3554000000,,24.51,,273.07,212.05
2025-12-28,ITW,10.3,15883000000.0,24.51,,1.151,11.06,,,,,,,,,,,,,,,None,2148000000,2148000000,,,,,,None,64000000,,6.11,0.0243,,,,-0.281,0.11,690000000,754000000,2.7,2013-09-30,22.03,,6977000000.0,1420000000,628000000,222000000,,,None,60000000,None,,None,,,,,452000000,406000000,None,None,0.277,,740000000,678000000,,,,,10000000,,,,,3.483,22.83,4.633,,,,,,,,0.191,,,2025-10-24,quarterly,2.81,USD,pre-market,676000000,,0.164,0.917,0.023,54.25,676000000,,,,250.7,248.19,4.0741,,,,,,,3568000000,,24.51,,273.07,212.05
2025-12-28,ITW,10.3,15883000000.0,24.51,,1.151,11.06,,,,,,,,,,,,,,,None,2619000000,2619000000,,,,,,None,65000000,,6.11,0.0243,,,,-0.281,0.11,719000000,784000000,2.7,2013-06-30,22.03,,6977000000.0,1600000000,654000000,190000000,,,None,59000000,None,,None,,,,,465000000,464000000,None,None,0.277,,898000000,702000000,,,,,11000000,,,,,3.483,22.83,4.633,,,,,,,,0.191,,,2025-10-24,quarterly,2.81,USD,pre-market,833000000,,0.164,0.917,0.023,54.25,833000000,,,,250.7,248.19,4.0741,,,,,,,4219000000,,24.51,,273.07,212.05
2025-12-28,ITW,10.3,15883000000.0,24.51,,1.151,11.06,,,,,,,,,,,,,,,None,2502000000,2502000000,,,,,,None,68000000,,6.11,0.0243,,,,-0.281,0.11,706000000,774000000,2.7,2013-03-31,22.03,,6977000000.0,1507000000,646000000,187000000,,,None,60000000,None,,None,,,,,354000000,459000000,None,None,0.277,,847000000,660000000,,,,,46000000,,,,,3.483,22.83,4.633,,,,,,,,0.191,,,2025-10-24,quarterly,2.81,USD,pre-market,779000000,,0.164,0.917,0.023,54.25,779000000,,,,250.7,248.19,4.0741,,,,,,,4009000000,,24.51,,273.07,212.05
2025-12-28,ITW,10.3,15883000000.0,24.51,,1.151,11.06,,,,,,,,,,,,,,,None,2725000000,2725000000,,,,,,None,71000000,,6.11,0.0243,,,,-0.281,0.11,586000000,657000000,2.7,2012-12-31,22.03,,6977000000.0,1496000000,1458000000,486000000,,,None,61000000,None,,None,,,,,979000000,972000000,None,None,0.277,,887000000,609000000,,,,,910000000,,,,,3.483,22.83,4.633,,,,,,,,0.191,,,2025-10-24,quarterly,2.81,USD,pre-market,3332000000,,0.164,0.917,0.023,54.25,816000000,,,,250.7,248.19,4.0741,,,,,,,4221000000,,24.51,,273.07,212.05
2025-12-28,ITW,10.3,15883000000.0,24.51,,1.151,11.06,,,,,,,,,,,,,,,None,2855000000,2855000000,,,,,,None,70000000,,6.11,0.0243,,,,-0.281,0.11,750000000,820000000,2.7,2012-09-30,22.03,,6977000000.0,1646000000,739000000,214000000,,,None,53000000,None,,None,,,,,524000000,525000000,None,None,0.277,,881000000,763000000,,,,,29000000,,,,,3.483,22.83,4.633,,,,,,,,0.191,,,2025-10-24,quarterly,2.81,USD,pre-market,0,,0.164,0.917,0.023,54.25,811000000,,,,250.7,248.19,4.0741,,,,,,,4501000000,,24.51,,273.07,212.05
2025-12-28,ITW,10.3,15883000000.0,24.51,,1.151,11.06,,,,,,,,,,,,,,,None,2964000000,2964000000,,,,,,None,75000000,,6.11,0.0243,,,,-0.281,0.11,770000000,845000000,2.7,2012-06-30,22.03,,6977000000.0,1691000000,743000000,216000000,,,None,50000000,None,,None,,,,,881000000,527000000,None,None,0.277,,921000000,770000000,,,,,23000000,,,,,3.483,22.83,4.633,,,,,,,,0.191,,,2025-10-24,quarterly,2.81,USD,pre-market,0,,0.164,0.917,0.023,54.25,846000000,,,,250.7,248.19,4.0741,,,,,,,4655000000,,24.51,,273.07,212.05
2025-12-28,ITW,10.3,15883000000.0,24.51,,1.151,11.06,,,,,,,,,,,,,,,None,2911000000,2911000000,,,,,,None,72000000,,6.11,0.0243,,,,-0.281,0.11,705000000,777000000,2.7,2012-03-31,22.03,,6977000000.0,1636000000,663000000,192000000,,,None,50000000,None,,None,,,,,486000000,471000000,None,None,0.277,,931000000,705000000,,,,,8000000,,,,,3.483,22.83,4.633,,,,,,,,0.191,,,2025-10-24,quarterly,2.81,USD,pre-market,None,,0.164,0.917,0.023,54.25,859000000,,,,250.7,248.19,4.0741,,,,,,,4547000000,,24.51,,273.07,212.05
2025-12-28,ITW,10.3,15883000000.0,24.51,,1.151,11.06,,,,,,,,,,,,,,,None,2798365000,2798365000,,,,,,None,69087000,,6.11,0.0243,,,,-0.281,0.11,647082000,716169000,2.7,2011-12-31,22.03,,6977000000.0,1520943000,600815000,163700000,,,None,54172000,None,,None,,,,,442197000,420212000,None,None,0.277,,873861000,647082000,,,,,8243000,,,,,3.483,22.83,4.633,,,,,,,,0.191,,,2025-10-24,quarterly,2.81,USD,pre-market,2460440000,,0.164,0.917,0.023,54.25,804774000,,,,250.7,248.19,4.0741,,,,,,,4319308000,,24.51,,273.07,212.05
2025-12-28,ITW,10.3,15883000000.0,24.51,,1.151,11.06,,,,,,,,,,,,,,,None,2961497000,2961497000,,,,,,None,68302000,,6.11,0.0243,,,,-0.281,0.11,714284000,782586000,2.7,2011-09-30,22.03,,6977000000.0,1619019000,690383000,200250000,,,None,48583000,None,,None,,,,,507000000,490133000,None,None,0.277,,904735000,714284000,,,,,24682000,,,,,3.483,22.83,4.633,,,,,,,,0.191,,,2025-10-24,quarterly,2.81,USD,pre-market,821912000,,0.164,0.917,0.023,54.25,836433000,,,,250.7,248.19,4.0741,,,,,,,4580516000,,24.51,,273.07,212.05
2025-12-28,ITW,10.3,15883000000.0,24.51,,1.151,11.06,,,,,,,,,,,,,,,None,2996014000,2996014000,,,,,,None,62705000,,6.11,0.0243,,,,-0.281,0.11,711050000,773755000,2.7,2011-06-30,22.03,,6977000000.0,1618900000,681011000,197482000,,,None,45396000,None,,None,,,,,499000000,483529000,None,None,0.277,,907850000,711050000,,,,,15357000,,,,,3.483,22.83,4.633,,,,,,,,0.191,,,2025-10-24,quarterly,2.81,USD,pre-market,821912000,,0.164,0.917,0.023,54.25,845145000,,,,250.7,248.19,4.0741,,,,,,,4614914000,,24.51,,273.07,212.05
2025-12-28,ITW,10.3,15883000000.0,24.51,,1.151,11.06,,,,,,,,,,,,,,,None,2826692000,2826692000,,,,,,None,56367000,,6.11,0.0243,,,,-0.281,0.11,682608000,738975000,2.7,2011-03-31,22.03,,6977000000.0,1560887000,644140000,21000000,,,None,44025000,None,,None,,,,,623000000,623140000,None,None,0.277,,878279000,682608000,,,,,5557000,,,,,3.483,22.83,4.633,,,,,,,,0.191,,,2025-10-24,quarterly,2.81,USD,pre-market,821912000,,0.164,0.917,0.023,54.25,821912000,,,,250.7,248.19,4.0741,,,,,,,4387579000,,24.51,,273.07,212.05
2025-12-28,ITW,10.3,15883000000.0,24.51,,1.151,11.06,,,,,,,,,,,,,,,None,2738841000,2738841000,,,,,,None,53817000,,6.11,0.0243,,,,-0.281,0.11,668290000,722107000,2.7,2010-12-31,22.03,,6977000000.0,1430428000,538594000,145800000,,,None,44026000,None,,None,,,,,392794000,392794000,None,None,0.277,,850940000,579488000,,,,,3132000,,,,,3.483,22.83,4.633,,,,,,,,0.191,,,2025-10-24,quarterly,2.81,USD,pre-market,2310756000,,0.164,0.917,0.023,54.25,797123000,,,,250.7,248.19,4.0741,,,,,,,4169269000,,24.51,,273.07,212.05
2025-12-28,ITW,10.3,15883000000.0,24.51,,1.151,11.06,,,,,,,,,,,,,,,None,2584901000,2584901000,,,,,,None,134479000,,6.11,0.0243,,,,-0.281,0.11,622666000,757145000,2.7,2010-09-30,22.03,,6977000000.0,1433565000,613276000,194000000,,,None,43166000,None,,None,,,,,422028000,419276000,None,None,0.277,,792037000,640522000,,,,,15920000,,,,,3.483,22.83,4.633,,,,,,,,0.191,,,2025-10-24,quarterly,2.81,USD,pre-market,748604000,,0.164,0.917,0.023,54.25,739984000,,,,250.7,248.19,4.0741,,,,,,,4018466000,,24.51,,273.07,212.05
2025-12-28,ITW,10.3,15883000000.0,24.51,,1.151,11.06,,,,,,,,,,,,,,,None,2595954000,2595954000,,,,,,None,137541000,,6.11,0.0243,,,,-0.281,0.11,627131000,764672000,2.7,2010-06-30,22.03,,6977000000.0,1480298000,614792000,194000000,,,None,43687000,None,,None,,,,,411456000,420792000,None,None,0.277,,827560000,652738000,,,,,5741000,,,,,3.483,22.83,4.633,,,,,,,,0.191,,,2025-10-24,quarterly,2.81,USD,pre-market,748604000,,0.164,0.917,0.023,54.25,773649000,,,,250.7,248.19,4.0741,,,,,,,4076252000,,24.51,,273.07,212.05
2025-12-28,ITW,10.3,15883000000.0,24.51,,1.151,11.06,,,,,,,,,,,,,,,None,2320752000,2320752000,,,,,,None,136771000,,6.11,0.0243,,,,-0.281,0.11,483930000,620701000,2.7,2010-03-31,22.03,,6977000000.0,1285637000,445331000,151000000,,,None,44577000,None,,None,,,,,333805000,294331000,None,None,0.277,,801707000,483930000,,,,,5978000,,,,,3.483,22.83,4.633,,,,,,,,0.191,,,2025-10-24,quarterly,2.81,USD,pre-market,748604000,,0.164,0.917,0.023,54.25,748604000,,,,250.7,248.19,4.0741,,,,,,,3606389000,,24.51,,273.07,212.05
2025-12-28,ITW,10.3,15883000000.0,24.51,,1.151,11.06,,,,,,,,,,,,,,,None,2428597000,2428597000,,,,,,None,148533000,,6.11,0.0243,,,,-0.281,0.11,481946000,630479000,2.7,2009-12-31,22.03,,6977000000.0,1328832000,438099000,-57500000,,,None,43847000,None,,None,,,,,507400000,0,None,None,0.277,,849006000,476255000,,,,,None,,,,,3.483,22.83,4.633,,,,,,,,0.191,,,2025-10-24,quarterly,2.81,USD,pre-market,3037439000,,0.164,0.917,0.023,54.25,797835000,,,,250.7,248.19,4.0741,,,,,,,3757429000,,24.51,,273.07,212.05
2025-12-28,ITW,10.3,15883000000.0,24.51,,1.151,11.06,,,,,,,,,,,,,,,None,2315175000,2315175000,,,,,,None,151245000,,6.11,0.0243,,,,-0.281,0.11,494734000,645979000,2.7,2009-09-30,22.03,,6977000000.0,1265179000,449064000,146100000,,,None,45670000,None,,None,,,,,302418000,302964000,None,None,0.277,,769584000,483595000,,,,,None,,,,,3.483,22.83,4.633,,,,,,,,0.191,,,2025-10-24,quarterly,2.81,USD,pre-market,0,,0.164,0.917,0.023,54.25,720042000,,,,250.7,248.19,4.0741,,,,,,,3580354000,,24.51,,273.07,212.05
2025-12-28,ITW,10.3,15883000000.0,24.51,,1.151,11.06,,,,,,,,,,,,,,,None,2248253000,2248253000,,,,,,None,51947000,,6.11,0.0243,,,,-0.281,0.11,416090000,468037000,2.7,2009-06-30,22.03,,6977000000.0,1144653000,271110000,92167000,,,None,43886000,None,,None,,,,,176565000,178943000,None,None,0.277,,809818000,334835000,,,,,None,,,,,3.483,22.83,4.633,,,,,,,,0.191,,,2025-10-24,quarterly,2.81,USD,pre-market,0,,0.164,0.917,0.023,54.25,757871000,,,,250.7,248.19,4.0741,,,,,,,3392906000,,24.51,,273.07,212.05
2025-12-28,ITW,10.3,15883000000.0,24.51,,1.151,11.06,,,,,,,,,,,,,,,None,1983400000,1983400000,,,,,,None,222106000,,6.11,0.0243,,,,-0.281,0.11,86953000,309059000,2.7,2009-03-31,22.03,,6977000000.0,930868000,22572000,52000000,,,None,31298000,None,,None,,,,,-39374000,0,None,None,0.277,,783309000,57562000,,,,,None,,,,,3.483,22.83,4.633,,,,,,,,0.191,,,2025-10-24,quarterly,2.81,USD,pre-market,732739000,,0.164,0.917,0.023,54.25,732739000,,,,250.7,248.19,4.0741,,,,,,,2914268000,,24.51,,273.07,212.05
2025-12-28,ITW,10.3,15883000000.0,24.51,,1.151,11.06,,,,,,,,,,,,,,,None,2412454000,2412454000,,,,,,None,134492000,,6.11,0.0243,,,,-0.281,0.11,414113000,548605000,2.7,2008-12-31,22.03,,6977000000.0,1265940000,359310000,86000000,,,None,42163000,None,,None,,,,,233774000,0,None,None,0.277,,851827000,414113000,,,,,None,,,,,3.483,22.83,4.633,,,,,,,,0.191,,,2025-10-24,quarterly,2.81,USD,pre-market,212658000,,0.164,0.917,0.023,54.25,589494000,,,,250.7,248.19,4.0741,,,,,,,3678394000,,24.51,,273.07,212.05
2025-12-28,ITW,10.3,15883000000.0,24.51,,1.151,11.06,,,,,,,,,,,,,,,None,2699268000,2699268000,,,,,,None,182013000,,6.11,0.0243,,,,-0.281,0.11,456950000,638963000,2.7,2008-09-30,22.03,,6977000000.0,1448489000,616693000,173404000,,,None,38169000,None,,None,,,,,453518000,0,None,None,0.277,,809526000,638963000,,,,,None,,,,,3.483,22.83,4.633,,,,,,,,0.191,,,2025-10-24,quarterly,2.81,USD,pre-market,0,,0.164,0.917,0.023,54.25,759142000,,,,250.7,248.19,4.0741,,,,,,,4147757000,,24.51,,273.07,212.05
2025-12-28,ITW,10.3,15883000000.0,24.51,,1.151,11.06,,,,,,,,,,,,,,,None,2946725000,2946725000,,,,,,None,143820000,,6.11,0.0243,,,,-0.281,0.11,732479000,876299000,2.7,2008-06-30,22.03,,6977000000.0,1623747000,744370000,215900000,,,None,36588000,None,,None,,,,,528090000,0,None,None,0.277,,867035000,756712000,,,,,None,,,,,3.483,22.83,4.633,,,,,,,,0.191,,,2025-10-24,quarterly,2.81,USD,pre-market,0,,0.164,0.917,0.023,54.25,822435000,,,,250.7,248.19,4.0741,,,,,,,4570472000,,24.51,,273.07,212.05
2025-12-28,ITW,10.3,15883000000.0,24.51,,1.151,11.06,,,,,,,,,,,,,,,None,2697966000,2697966000,,,,,,None,231582000,,6.11,0.0243,,,,-0.281,0.11,288379000,519961000,2.7,2008-03-31,22.03,,6977000000.0,1441448000,461075000,159700000,,,None,37488000,None,,None,,,,,303621000,0,None,None,0.277,,921487000,519961000,,,,,None,,,,,3.483,22.83,4.633,,,,,,,,0.191,,,2025-10-24,quarterly,2.81,USD,pre-market,780460000,,0.164,0.917,0.023,54.25,780460000,,,,250.7,248.19,4.0741,,,,,,,4139414000,,24.51,,273.07,212.05
2025-12-28,ITW,10.3,15883000000.0,24.51,,1.151,11.06,,,,,,,,,,,,,,,None,2687897000,2687897000,,,,,,None,141948000,,6.11,0.0243,,,,-0.281,0.11,660136000,802084000,2.7,2007-12-31,22.03,,6977000000.0,1470181000,603450000,176500000,,,None,26242000,None,,None,,,,,470733000,0,None,None,0.277,,810045000,660136000,,,,,None,,,,,3.483,22.83,4.633,,,,,,,,0.191,,,2025-10-24,quarterly,2.81,USD,pre-market,203488000,,0.164,0.917,0.023,54.25,768063000,,,,250.7,248.19,4.0741,,,,,,,4158078000,,24.51,,273.07,212.05
2025-12-28,ITW,10.3,15883000000.0,24.51,,1.151,11.06,,,,,,,,,,,,,,,None,2642744000,2642744000,,,,,,None,128040000,,6.11,0.0243,,,,-0.281,0.11,649557000,777597000,2.7,2007-09-30,22.03,,6977000000.0,1451059000,689488000,198400000,,,None,25824000,None,,None,,,,,491088000,0,None,None,0.277,,754764000,696295000,,,,,None,,,,,3.483,22.83,4.633,,,,,,,,0.191,,,2025-10-24,quarterly,2.81,USD,pre-market,0,,0.164,0.917,0.023,54.25,715662000,,,,250.7,248.19,4.0741,,,,,,,4093803000,,24.51,,273.07,212.05
2025-12-28,ITW,10.3,15883000000.0,24.51,,1.151,11.06,,,,,,,,,,,,,,,None,2675515000,2675515000,,,,,,None,129579000,,6.11,0.0243,,,,-0.281,0.11,569098000,698677000,2.7,2007-06-30,22.03,,6977000000.0,1484174000,717206000,211600000,,,None,25606000,None,,None,,,,,530776000,0,None,None,0.277,,785497000,698677000,,,,,None,,,,,3.483,22.83,4.633,,,,,,,,0.191,,,2025-10-24,quarterly,2.81,USD,pre-market,0,,0.164,0.917,0.023,54.25,745718000,,,,250.7,248.19,4.0741,,,,,,,4159689000,,24.51,,273.07,212.05
2025-12-28,ITW,10.3,15883000000.0,24.51,,1.151,11.06,,,,,,,,,,,,,,,None,2449029000,2449029000,,,,,,None,125177000,,6.11,0.0243,,,,-0.281,0.11,568477000,693654000,2.7,2007-03-31,22.03,,6977000000.0,1310012000,570835000,168400000,,,None,24402000,None,,None,,,,,402435000,0,None,None,0.277,,741364000,568648000,,,,,None,,,,,3.483,22.83,4.633,,,,,,,,0.191,,,2025-10-24,quarterly,2.81,USD,pre-market,701185000,,0.164,0.917,0.023,54.25,701185000,,,,250.7,248.19,4.0741,,,,,,,3759041000,,24.51,,273.07,212.05
2025-12-28,ITW,10.3,15883000000.0,24.51,,1.151,11.06,,,,,,,,,,,,,,,None,2372634000,2372634000,,,,,,None,125994000,,6.11,0.0243,,,,-0.281,0.11,577543000,703537000,2.7,2006-12-31,22.03,,6977000000.0,1267895000,605670000,166400000,,,None,26897000,None,,None,,,,,439270000,0,None,None,0.277,,690352000,594338000,,,,,None,,,,,3.483,22.83,4.633,,,,,,,,0.191,,,2025-10-24,quarterly,2.81,USD,pre-market,144914000,,0.164,0.917,0.023,54.25,634887000,,,,250.7,248.19,4.0741,,,,,,,3640529000,,24.51,,273.07,212.05
2025-12-28,ITW,10.3,15883000000.0,24.51,,1.151,11.06,,,,,,,,,,,,,,,None,2292192000,2292192000,,,,,,None,106416000,,6.11,0.0243,,,,-0.281,0.11,520450000,626866000,2.7,2006-09-30,22.03,,6977000000.0,1245822000,641892000,195800000,,,None,20804000,None,,None,,,,,446092000,0,None,None,0.277,,618956000,626866000,,,,,None,,,,,3.483,22.83,4.633,,,,,,,,0.191,,,2025-10-24,quarterly,2.81,USD,pre-market,0,,0.164,0.917,0.023,54.25,593719000,,,,250.7,248.19,4.0741,,,,,,,3538014000,,24.51,,273.07,212.05
2025-12-28,ITW,10.3,15883000000.0,24.51,,1.151,11.06,,,,,,,,,,,,,,,None,2292821000,2292821000,,,,,,None,101752000,,6.11,0.0243,,,,-0.281,0.11,558012000,659764000,2.7,2006-06-30,22.03,,6977000000.0,1286649000,666454000,200600000,,,None,19009000,None,,None,,,,,465854000,0,None,None,0.277,,626885000,659764000,,,,,None,,,,,3.483,22.83,4.633,,,,,,,,0.191,,,2025-10-24,quarterly,2.81,USD,pre-market,0,,0.164,0.917,0.023,54.25,602221000,,,,250.7,248.19,4.0741,,,,,,,3579470000,,24.51,,273.07,212.05
2025-12-28,ITW,10.3,15883000000.0,24.51,,1.151,11.06,,,,,,,,,,,,,,,None,2119674000,2119674000,,,,,,None,109744000,,6.11,0.0243,,,,-0.281,0.11,430224000,539968000,2.7,2006-03-31,22.03,,6977000000.0,1177362000,531230000,164700000,,,None,18897000,None,,None,,,,,366530000,0,None,None,0.277,,637394000,539968000,,,,,None,,,,,3.483,22.83,4.633,,,,,,,,0.191,,,2025-10-24,quarterly,2.81,USD,pre-market,601421000,,0.164,0.917,0.023,54.25,601421000,,,,250.7,248.19,4.0741,,,,,,,3297036000,,24.51,,273.07,212.05
2025-12-28,ITW,10.3,15883000000.0,24.51,,1.151,11.06,,,,,,,,,,,,,,,None,2103670000,2103670000,,,,,,None,100660000,,6.11,0.0243,,,,-0.281,0.11,595241000,695901000,2.7,2005-12-31,22.03,,6977000000.0,1190587000,572379000,171800000,,,None,25073000,None,,None,,,,,400579000,0,None,None,0.277,,595346000,595241000,,,,,None,,,,,3.483,22.83,4.633,,,,,,,,0.191,,,2025-10-24,quarterly,2.81,USD,pre-market,127871000,,0.164,0.917,0.023,54.25,568477000,,,,250.7,248.19,4.0741,,,,,,,3294257000,,24.51,,273.07,212.05
2025-12-28,ITW,10.3,15883000000.0,24.51,,1.151,11.06,,,,,,,,,,,,,,,None,2081272000,2081272000,,,,,,None,93982000,,6.11,0.0243,,,,-0.281,0.11,565216000,659198000,2.7,2005-09-30,22.03,,6977000000.0,1176328000,600202000,192000000,,,None,18243000,None,,None,,,,,408202000,0,None,None,0.277,,557108000,619220000,,,,,None,,,,,3.483,22.83,4.633,,,,,,,,0.191,,,2025-10-24,quarterly,2.81,USD,pre-market,0,,0.164,0.917,0.023,54.25,541338000,,,,250.7,248.19,4.0741,,,,,,,3257600000,,24.51,,273.07,212.05
2025-12-28,ITW,10.3,15883000000.0,24.51,,1.151,11.06,,,,,,,,,,,,,,,None,8959000000,8959000000,,,,,,None,402000000,,6.11,0.0243,,,,-0.281,0.11,4705000000,5107000000,2.7,2024-12-31,22.03,,6977000000.0,6939000000,4422000000,934000000,,,None,283000000,44000000,,None,,,,,3488000000,3488000000,-239000000,None,0.277,,2675000000,4264000000,,,,,None,,,,,3.483,22.83,4.633,,,,,,,,0.191,,,2025-10-24,annual,2.81,USD,pre-market,292000000,,0.164,0.917,0.023,54.25,2675000000,,,,250.7,248.19,4.0741,,,,,,,15898000000,,24.51,,273.07,212.05
2025-12-28,ITW,10.3,15883000000.0,24.51,,1.151,11.06,,,,,,,,,,,,,,,None,9316000000,9316000000,,,,,,None,395000000,,6.11,0.0243,,,,-0.281,0.11,4040000000,4040000000,2.7,2023-12-31,22.03,,6977000000.0,6791000000,3823000000,866000000,,,None,266000000,51000000,,None,,,,,2957000000,3147000000,-230000000,None,0.277,,2638000000,4040000000,,,,,None,,,,,3.483,22.83,4.633,,,,,,,,0.191,,,2025-10-24,annual,2.81,USD,pre-market,2638000000,,0.164,0.917,0.023,54.25,2624000000,,,,250.7,248.19,4.0741,,,,,,,16107000000,,24.51,,273.07,212.05
2025-12-28,ITW,10.3,15883000000.0,24.51,,1.151,11.06,,,,,,,,,,,,,,,None,9429000000,9429000000,,,,,,None,389000000,,6.11,0.0243,,,,-0.281,0.11,3790000000,4179000000,2.7,2022-12-31,22.03,,6977000000.0,6503000000,3842000000,808000000,,,None,203000000,203000000,,None,,,,,3034000000,3034000000,-203000000,None,0.277,,2713000000,3790000000,,,,,255000000,,,,,3.483,22.83,4.633,,,,,,,,0.191,,,2025-10-24,annual,2.81,USD,pre-market,269000000,,0.164,0.917,0.023,54.25,2579000000,,,,250.7,248.19,4.0741,,,,,,,15932000000,,24.51,,273.07,212.05
2025-12-28,ITW,10.3,15883000000.0,24.51,,1.151,11.06,,,,,,,,,,,,,,,None,8489000000,8489000000,,,,,,None,184000000,,6.11,0.0243,,,,-0.281,0.11,3477000000,3661000000,2.7,2021-12-31,22.03,,6977000000.0,5966000000,3326000000,632000000,,,None,202000000,202000000,,None,,,,,2694000000,2694000000,-202000000,None,0.277,,2489000000,3477000000,,,,,51000000,,,,,3.483,22.83,4.633,,,,,,,,0.191,,,2025-10-24,annual,2.81,USD,pre-market,239000000,,0.164,0.917,0.023,54.25,2356000000,,,,250.7,248.19,4.0741,,,,,,,14455000000,,24.51,,273.07,212.05
2025-12-28,ITW,10.3,15883000000.0,24.51,,1.151,11.06,,,,,,,,,,,,,,,None,7375000000,7375000000,,,,,,None,182000000,,6.11,0.0243,,,,-0.281,0.11,2882000000,3064000000,2.7,2020-12-31,22.03,,6977000000.0,5199000000,2704000000,595000000,,,None,206000000,206000000,,None,,,,,2109000000,2109000000,-206000000,None,0.277,,2317000000,2882000000,,,,,28000000,,,,,3.483,22.83,4.633,,,,,,,,0.191,,,2025-10-24,annual,2.81,USD,pre-market,214000000,,0.164,0.917,0.023,54.25,2163000000,,,,250.7,248.19,4.0741,,,,,,,12574000000,,24.51,,273.07,212.05
2025-12-28,ITW,10.3,15883000000.0,24.51,,1.151,11.06,,,,,,,,,,,,,,,None,8346000000,8346000000,,,,,,None,426000000,,6.11,0.0243,,,,-0.281,0.11,3509000000,3935000000,2.7,2019-12-31,22.03,,6977000000.0,5763000000,3288000000,767000000,,,None,221000000,29000000,,None,,,,,2521000000,2521000000,-192000000,None,0.277,,2361000000,3402000000,,,,,107000000,,,,,3.483,22.83,4.633,,,,,,,,0.191,,,2025-10-24,annual,2.81,USD,pre-market,221000000,,0.164,0.917,0.023,54.25,2361000000,,,,250.7,248.19,4.0741,,,,,,,14109000000,,24.51,,273.07,212.05
2025-12-28,ITW,10.3,15883000000.0,24.51,,1.151,11.06,,,,,,,,,,,,,,,None,8793000000,8793000000,,,,,,None,461000000,,6.11,0.0243,,,,-0.281,0.11,3651000000,4112000000,2.7,2018-12-31,22.03,,6977000000.0,5975000000,3394000000,831000000,,,None,257000000,35000000,,None,,,,,2563000000,2563000000,-222000000,None,0.277,,2391000000,3584000000,,,,,67000000,,,,,3.483,22.83,4.633,,,,,,,,0.191,,,2025-10-24,annual,2.81,USD,pre-market,233000000,,0.164,0.917,0.023,54.25,2391000000,,,,250.7,248.19,4.0741,,,,,,,14768000000,,24.51,,273.07,212.05
2025-12-28,ITW,10.3,15883000000.0,24.51,,1.151,11.06,,,,,,,,,,,,,,,None,8515000000,8515000000,,,,,,None,462000000,,6.11,0.0243,,,,-0.281,0.11,3530000000,3992000000,2.7,2017-12-31,22.03,,6977000000.0,5799000000,3270000000,1583000000,,,None,260000000,45000000,,None,,,,,1687000000,1687000000,-215000000,None,0.277,,2400000000,3494000000,,,,,36000000,,,,,3.483,22.83,4.633,,,,,,,,0.191,,,2025-10-24,annual,2.81,USD,pre-market,225000000,,0.164,0.917,0.023,54.25,2400000000,,,,250.7,248.19,4.0741,,,,,,,14314000000,,24.51,,273.07,212.05
2025-12-28,ITW,10.3,15883000000.0,24.51,,1.151,11.06,,,,,,,,,,,,,,,None,8120000000,8120000000,,,,,,None,470000000,,6.11,0.0243,,,,-0.281,0.11,3145000000,3615000000,2.7,2016-12-31,22.03,,6977000000.0,5479000000,2908000000,873000000,,,None,237000000,38000000,,None,,,,,2035000000,2035000000,-199000000,None,0.277,,2415000000,3064000000,,,,,81000000,,,,,3.483,22.83,4.633,,,,,,,,0.191,,,2025-10-24,annual,2.81,USD,pre-market,223000000,,0.164,0.917,0.023,54.25,2415000000,,,,250.7,248.19,4.0741,,,,,,,13599000000,,24.51,,273.07,212.05
2025-12-28,ITW,10.3,15883000000.0,24.51,,1.151,11.06,,,,,,,,,,,,,,,None,8119000000,8119000000,,,,,,None,475000000,,6.11,0.0243,,,,-0.281,0.11,2945000000,3420000000,2.7,2015-12-31,22.03,,6977000000.0,5286000000,2719000000,820000000,,,None,226000000,169000000,,None,,,,,1899000000,1899000000,None,None,0.277,,2417000000,2867000000,,,,,78000000,,,,,3.483,22.83,4.633,,,,,,,,0.191,,,2025-10-24,annual,2.81,USD,pre-market,218000000,,0.164,0.917,0.023,54.25,2417000000,,,,250.7,248.19,4.0741,,,,,,,13405000000,,24.51,,273.07,212.05
2025-12-28,ITW,10.3,15883000000.0,24.51,,1.151,11.06,,,,,,,,,,,,,,,None,8915000000,8915000000,,,,,,None,504000000,,6.11,0.0243,,,,-0.281,0.11,2949000000,3453000000,2.7,2014-12-31,22.03,,6977000000.0,5569000000,2699000000,809000000,,,None,250000000,None,,None,,,,,2946000000,1890000000,None,None,0.277,,2678000000,2888000000,,,,,61000000,,,,,3.483,22.83,4.633,,,,,,,,0.191,,,2025-10-24,annual,2.81,USD,pre-market,227000000,,0.164,0.917,0.023,54.25,2678000000,,,,250.7,248.19,4.0741,,,,,,,14484000000,,24.51,,273.07,212.05
2025-12-28,ITW,10.3,15883000000.0,24.51,,1.151,11.06,,,,,,,,,,,,,,,None,8804000000,8804000000,,,,,,None,520000000,,6.11,0.0243,,,,-0.281,0.11,2586000000,3106000000,2.7,2013-12-31,22.03,,6977000000.0,5331000000,2347000000,717000000,,,None,239000000,None,,None,,,,,1679000000,1630000000,None,None,0.277,,2815000000,2514000000,,,,,72000000,,,,,3.483,22.83,4.633,,,,,,,,0.191,,,2025-10-24,annual,2.81,USD,pre-market,240000000,,0.164,0.917,0.023,54.25,2815000000,,,,250.7,248.19,4.0741,,,,,,,14135000000,,24.51,,273.07,212.05
2025-12-28,ITW,10.3,15883000000.0,24.51,,1.151,11.06,,,,,,,,,,,,,,,None,11743000000,11743000000,,,,,,None,611000000,,6.11,0.0243,,,,-0.281,0.11,3817000000,4428000000,2.7,2012-12-31,22.03,,6977000000.0,6181000000,3603000000,1108000000,,,None,214000000,None,,None,,,,,2870000000,2495000000,None,None,0.277,,3332000000,2847000000,,,,,970000000,,,,,3.483,22.83,4.633,,,,,,,,0.191,,,2025-10-24,annual,2.81,USD,pre-market,266000000,,0.164,0.917,0.023,54.25,3332000000,,,,250.7,248.19,4.0741,,,,,,,17924000000,,24.51,,273.07,212.05
2025-12-28,ITW,10.3,15883000000.0,24.51,,1.151,11.06,,,,,,,,,,,,,,,None,11773223000,11773223000,,,,,,None,589669000,,6.11,0.0243,,,,-0.281,0.11,2784847000,3374516000,2.7,2011-12-31,22.03,,6977000000.0,6013360000,2592714000,575700000,,,None,192133000,None,,None,,,,,2071384000,2017014000,None,None,0.277,,3282352000,2731008000,,,,,53839000,,,,,3.483,22.83,4.633,,,,,,,,0.191,,,2025-10-24,annual,2.81,USD,pre-market,242979000,,0.164,0.917,0.023,54.25,3282352000,,,,250.7,248.19,4.0741,,,,,,,17786583000,,24.51,,273.07,212.05
2025-12-28,ITW,10.3,15883000000.0,24.51,,1.151,11.06,,,,,,,,,,,,,,,None,10204095000,10204095000,,,,,,None,534947000,,6.11,0.0243,,,,-0.281,0.11,2264001000,2798948000,2.7,2010-12-31,22.03,,6977000000.0,5211597000,2211993000,684800000,,,None,175456000,None,,None,,,,,1527193000,1527193000,None,None,0.277,,2956574000,2356678000,,,,,30771000,,,,,3.483,22.83,4.633,,,,,,,,0.191,,,2025-10-24,annual,2.81,USD,pre-market,213339000,,0.164,0.917,0.023,54.25,3059360000,,,,250.7,248.19,4.0741,,,,,,,15870376000,,24.51,,273.07,212.05
2025-12-28,ITW,10.3,15883000000.0,24.51,,1.151,11.06,,,,,,,,,,,,,,,None,9348082000,9348082000,,,,,,None,568602000,,6.11,0.0243,,,,-0.281,0.11,1378629000,1947231000,2.7,2009-12-31,22.03,,6977000000.0,4528986000,1213790000,244300000,,,None,164839000,None,,None,,,,,947009000,969490000,None,None,0.277,,3037439000,1385979000,,,,,-7350000,,,,,3.483,22.83,4.633,,,,,,,,0.191,,,2025-10-24,annual,2.81,USD,pre-market,198536000,,0.164,0.917,0.023,54.25,3037439000,,,,250.7,248.19,4.0741,,,,,,,13877068000,,24.51,,273.07,212.05
2025-12-28,ITW,10.3,15883000000.0,24.51,,1.151,11.06,,,,,,,,,,,,,,,None,10456468000,10456468000,,,,,,None,535211000,,6.11,0.0243,,,,-0.281,0.11,2343838000,2879049000,2.7,2008-12-31,22.03,,6977000000.0,5412886000,2191366000,608100000,,,None,154458000,None,,None,,,,,1519003000,None,None,None,0.277,,3073075000,2338236000,,,,,None,,,,,3.483,22.83,4.633,,,,,,,,0.191,,,2025-10-24,annual,2.81,USD,pre-market,210719000,,0.164,0.917,0.023,54.25,2773692000,,,,250.7,248.19,4.0741,,,,,,,15869354000,,24.51,,273.07,212.05
2025-12-28,ITW,10.3,15883000000.0,24.51,,1.151,11.06,,,,,,,,,,,,,,,None,10614073000,10614073000,,,,,,None,519340000,,6.11,0.0243,,,,-0.281,0.11,2683071000,3202411000,2.7,2007-12-31,22.03,,6977000000.0,5556538000,2580979000,754900000,,,None,0,None,,None,,,,,1869862000,None,None,None,0.277,,2930628000,2623756000,,,,,None,,,,,3.483,22.83,4.633,,,,,,,,0.191,,,2025-10-24,annual,2.81,USD,pre-market,203488000,,0.164,0.917,0.023,54.25,2930628000,,,,250.7,248.19,4.0741,,,,,,,16170611000,,24.51,,273.07,212.05
2025-12-28,ITW,10.3,15883000000.0,24.51,,1.151,11.06,,,,,,,,,,,,,,,None,9184087000,9184087000,,,,,,None,426128000,,6.11,0.0243,,,,-0.281,0.11,2530853000,2956981000,2.7,2006-12-31,22.03,,6977000000.0,4870962000,2445246000,727500000,,,None,0,None,,None,,,,,1717746000,None,None,None,0.277,,2432248000,2420936000,,,,,None,,,,,3.483,22.83,4.633,,,,,,,,0.191,,,2025-10-24,annual,2.81,USD,pre-market,144914000,,0.164,0.917,0.023,54.25,2432248000,,,,250.7,248.19,4.0741,,,,,,,14055049000,,24.51,,273.07,212.05
2025-12-28,ITW,10.3,15883000000.0,24.51,,1.151,11.06,,,,,,,,,,,,,,,None,8433023999,8433023999,,,,,,None,368375000,,6.11,0.0243,,,,-0.281,0.11,2268567000,2636942000,2.7,2005-12-31,22.03,,6977000000.0,4488768000,2181569000,686700000,,,None,0,None,,None,,,,,1494869000,None,None,None,0.277,,2214865000,2259204000,,,,,None,,,,,3.483,22.83,4.633,,,,,,,,0.191,,,2025-10-24,annual,2.81,USD,pre-market,127871000,,0.164,0.917,0.023,54.25,2214865000,,,,250.7,248.19,4.0741,,,,,,,12921792000,,24.51,,273.07,212.05
2025-12-28,ITW,10.3,15883000000.0,24.51,None,1.151,11.06,,None,924000000,924000000,,,,,,,,,6000000,291700000,None,8433023999,8433023999,608000000,None,1267000000,3255000000,None,None,368375000,,6.11,0.0243,,,,-0.281,0.11,2268567000,2636942000,2.7,2025-09-30,22.03,5028000000,6977000000.0,4488768000,2181569000,686700000,540000000,540000000,None,0,None,1725000000,None,None,7675000000,None,None,1494869000,None,None,None,0.277,,2214865000,2259204000,416000000,2034000000,None,970000000,None,,,,,3.483,22.83,4.633,,,,,,,,0.191,,2203000000,2025-10-24,quarterly,2.81,USD,pre-market,127871000,29825000000,0.164,0.917,0.023,54.25,2214865000,8942000000,1267000000,None,250.7,248.19,4.0741,16135000000,6320000000,4132000000,12926000000,9815000000,8794000000,12921792000,3209000000,24.51,None,273.07,212.05
2025-12-28,ITW,10.3,15883000000.0,24.51,None,1.151,11.06,,None,788000000,788000000,,,,,,,,,6000000,292900000,None,8433023999,8433023999,613000000,None,1242000000,3320000000,None,None,368375000,,6.11,0.0243,,,,-0.281,0.11,2268567000,2636942000,2.7,2025-06-30,22.03,5038000000,6977000000.0,4488768000,2181569000,686700000,558000000,558000000,None,0,None,1710000000,None,None,7695000000,None,None,1494869000,None,None,None,0.277,,2214865000,2259204000,416000000,1981000000,None,1066000000,None,,,,,3.483,22.83,4.633,,,,,,,,0.191,,2177000000,2025-10-24,quarterly,2.81,USD,pre-market,127871000,29471000000,0.164,0.917,0.023,54.25,2214865000,8937000000,1242000000,None,250.7,248.19,4.0741,16048000000,6234000000,3932000000,12837000000,9814000000,8905000000,12921792000,3210000000,24.51,None,273.07,212.05
2025-12-28,ITW,10.3,15883000000.0,24.51,None,1.151,11.06,,None,873000000,873000000,,,,,,,,,6000000,294500000,None,8433023999,8433023999,594000000,None,981000000,3153000000,None,None,368375000,,6.11,0.0243,,,,-0.281,0.11,2268567000,2636942000,2.7,2025-03-31,22.03,4903000000,6977000000.0,4488768000,2181569000,686700000,572000000,572000000,None,0,None,1663000000,None,None,7282000000,None,None,1494869000,None,None,None,0.277,,2214865000,2259204000,348000000,1916000000,None,1037000000,None,,,,,3.483,22.83,4.633,,,,,,,,0.191,,2085000000,2025-10-24,quarterly,2.81,USD,pre-market,127871000,29154000000,0.164,0.917,0.023,54.25,2214865000,8263000000,981000000,None,250.7,248.19,4.0741,15468000000,6037000000,3780000000,12226000000,9431000000,8446000000,12921792000,3241000000,24.51,None,273.07,212.05
2025-12-28,ITW,10.3,15883000000.0,24.51,None,1.151,11.06,,215000000,948000000,948000000,,,,,,,,,6000000,295800000,None,8433023999,8433023999,519000000,None,1555000000,3096000000,None,None,368375000,,6.11,0.0243,,,,-0.281,0.11,2268567000,2636942000,2.7,2024-12-31,22.03,4839000000,6977000000.0,4488768000,2181569000,686700000,592000000,592000000,None,0,None,1605000000,None,None,6308000000,None,None,1494869000,None,None,None,0.277,,2214865000,2259204000,207000000,1600000000,None,633000000,None,,,,,3.483,22.83,4.633,,,,,,,,0.191,,2036000000,2025-10-24,quarterly,2.81,USD,pre-market,127871000,28893000000,0.164,0.917,0.023,54.25,2214865000,8078000000,1612000000,None,250.7,248.19,4.0741,15067000000,5856000000,4308000000,11750000000,9211000000,7442000000,12921792000,3316000000,24.51,None,273.07,212.05
2025-12-28,ITW,10.3,15883000000.0,24.51,None,1.151,11.06,,None,947000000,947000000,,,,,,,,,6000000,297000000,None,8433023999,8433023999,556000000,None,1768000000,3226000000,None,None,368375000,,6.11,0.0243,,,,-0.281,0.11,2268567000,2636942000,2.7,2024-09-30,22.03,4980000000,6977000000.0,4488768000,2181569000,686700000,617000000,617000000,None,0,None,1817000000,None,None,6578000000,None,None,1494869000,None,None,None,0.277,,2214865000,2259204000,314000000,2098000000,None,1098000000,None,,,,,3.483,22.83,4.633,,,,,,,,0.191,,2071000000,2025-10-24,quarterly,2.81,USD,pre-market,127871000,28583000000,0.164,0.917,0.023,54.25,2214865000,8346000000,1768000000,None,250.7,248.19,4.0741,15824000000,6304000000,4627000000,12432000000,9520000000,7805000000,12921792000,3391000000,24.51,None,273.07,212.05
2025-12-28,ITW,10.3,15883000000.0,24.51,None,1.151,11.06,,None,862000000,862000000,,,,,,,,,6000000,298500000,None,8433023999,8433023999,576000000,None,2044000000,3250000000,None,None,368375000,,6.11,0.0243,,,,-0.281,0.11,2268567000,2636942000,2.7,2024-06-30,22.03,4910000000,6977000000.0,4488768000,2181569000,686700000,641000000,641000000,None,0,None,1819000000,None,None,6429000000,None,None,1494869000,None,None,None,0.277,,2214865000,2259204000,325000000,2031000000,None,1001000000,None,,,,,3.483,22.83,4.633,,,,,,,,0.191,,None,2025-10-24,quarterly,2.81,USD,pre-market,127871000,27866000000,0.164,0.917,0.023,54.25,2214865000,8473000000,2044000000,None,250.7,248.19,4.0741,15577000000,6256000000,4804000000,12615000000,9321000000,7811000000,12921792000,2961000000,24.51,None,273.07,212.05
2025-12-28,ITW,10.3,15883000000.0,24.51,None,1.151,11.06,,None,959000000,959000000,,,,,,,,,6000000,300000000,None,8433023999,8433023999,597000000,None,2066000000,3238000000,None,None,368375000,,6.11,0.0243,,,,-0.281,0.11,2268567000,2636942000,2.7,2024-03-31,22.03,4904000000,6977000000.0,4488768000,2181569000,686700000,653000000,653000000,None,0,None,1825000000,None,None,6259000000,None,None,1494869000,None,None,None,0.277,,2214865000,2259204000,349000000,1930000000,None,998000000,None,,,,,3.483,22.83,4.633,,,,,,,,0.191,,None,2025-10-24,quarterly,2.81,USD,pre-market,127871000,27523000000,0.164,0.917,0.023,54.25,2214865000,8325000000,2066000000,None,250.7,248.19,4.0741,15653000000,6371000000,4844000000,12632000000,9282000000,7788000000,12921792000,3020000000,24.51,None,273.07,212.05
2025-12-28,ITW,10.3,15883000000.0,24.51,None,1.151,11.06,,206000000,1065000000,1065000000,,,,,,,,,6000000,301100000,None,8433023999,8433023999,581000000,None,1825000000,3251000000,None,None,368375000,,6.11,0.0243,,,,-0.281,0.11,2268567000,2636942000,2.7,2023-12-31,22.03,4909000000,6977000000.0,4488768000,2181569000,686700000,657000000,657000000,None,0,None,1707000000,None,None,6339000000,None,None,1494869000,None,None,None,0.277,,2214865000,2259204000,212000000,1629000000,None,554000000,None,,,,,3.483,22.83,4.633,,,,,,,,0.191,,None,2025-10-24,quarterly,2.81,USD,pre-market,127871000,27122000000,0.164,0.917,0.023,54.25,2214865000,8370000000,1883000000,None,250.7,248.19,4.0741,15518000000,6235000000,4675000000,12505000000,9283000000,7830000000,12921792000,3012000000,24.51,None,273.07,212.05
2025-12-28,ITW,10.3,15883000000.0,24.51,None,1.151,11.06,,None,990000000,990000000,,,,,,,,,6000000,303000000,None,8433023999,8433023999,580000000,None,1248000000,3163000000,None,None,368375000,,6.11,0.0243,,,,-0.281,0.11,2268567000,2636942000,2.7,2023-09-30,22.03,4828000000,6977000000.0,4488768000,2181569000,686700000,682000000,682000000,None,0,None,1799000000,None,None,6818000000,None,None,1494869000,None,None,None,0.277,,2214865000,2259204000,336000000,2009000000,None,976000000,None,,,,,3.483,22.83,4.633,,,,,,,,0.191,,1904000000,2025-10-24,quarterly,2.81,USD,pre-market,127871000,26823000000,0.164,0.917,0.023,54.25,2214865000,8066000000,1248000000,None,250.7,248.19,4.0741,15395000000,6288000000,3982000000,12391000000,9107000000,8409000000,12921792000,3003000000,24.51,None,273.07,212.05
2025-12-28,ITW,10.3,15883000000.0,24.51,None,1.151,11.06,,None,922000000,922000000,,,,,,,,,6000000,304200000,None,8433023999,8433023999,590000000,None,1275000000,3216000000,None,None,368375000,,6.11,0.0243,,,,-0.281,0.11,2268567000,2636942000,2.7,2023-06-30,22.03,4887000000,6977000000.0,4488768000,2181569000,686700000,708000000,708000000,None,0,None,1921000000,None,None,6947000000,None,None,1494869000,None,None,None,0.277,,2214865000,2259204000,345000000,2021000000,None,969000000,None,,,,,3.483,22.83,4.633,,,,,,,,0.191,,1901000000,2025-10-24,quarterly,2.81,USD,pre-market,127871000,26473000000,0.164,0.917,0.023,54.25,2214865000,8222000000,1275000000,None,250.7,248.19,4.0741,15652000000,6404000000,4040000000,12558000000,9248000000,8518000000,12921792000,3093000000,24.51,None,273.07,212.05
2025-12-28,ITW,10.3,15883000000.0,24.51,None,1.151,11.06,,None,1143000000,1143000000,,,,,,,,,6000000,306100000,None,8433023999,8433023999,599000000,None,2870000000,3201000000,None,None,368375000,,6.11,0.0243,,,,-0.281,0.11,2268567000,2636942000,2.7,2023-03-31,22.03,4884000000,6977000000.0,4488768000,2181569000,686700000,738000000,738000000,None,0,None,2000000000,None,None,5510000000,None,None,1494869000,None,None,None,0.277,,2214865000,2259204000,344000000,1903000000,None,1237000000,None,,,,,3.483,22.83,4.633,,,,,,,,0.191,,1885000000,2025-10-24,quarterly,2.81,USD,pre-market,127871000,26115000000,0.164,0.917,0.023,54.25,2214865000,8380000000,2870000000,None,250.7,248.19,4.0741,15921000000,6688000000,5596000000,12820000000,9233000000,7224000000,12921792000,3100000000,24.51,None,273.07,212.05
2025-12-28,ITW,10.3,15883000000.0,24.51,None,1.151,11.06,,186000000,708000000,708000000,,,,,,,,,6000000,307900000,None,8433023999,8433023999,594000000,None,1590000000,3273000000,None,None,368375000,,6.11,0.0243,,,,-0.281,0.11,2268567000,2636942000,2.7,2022-12-31,22.03,4864000000,6977000000.0,4488768000,2181569000,686700000,768000000,768000000,None,0,None,2054000000,None,None,6173000000,None,None,1494869000,None,None,None,0.277,,2214865000,2259204000,235000000,1647000000,None,943000000,None,,,,,3.483,22.83,4.633,,,,,,,,0.191,,1848000000,2025-10-24,quarterly,2.81,USD,pre-market,127871000,25799000000,0.164,0.917,0.023,54.25,2214865000,7949000000,1645000000,None,250.7,248.19,4.0741,15422000000,6270000000,4460000000,12333000000,9152000000,7873000000,12921792000,3088000000,24.51,None,273.07,212.05
2025-12-28,ITW,10.3,15883000000.0,24.51,None,1.151,11.06,,None,774000000,774000000,,,,,,,,,6000000,309700000,None,8433023999,8433023999,618000000,None,1688000000,3031000000,None,None,368375000,,6.11,0.0243,,,,-0.281,0.11,2268567000,2636942000,2.7,2022-09-30,22.03,4759000000,6977000000.0,4488768000,2181569000,686700000,798000000,798000000,None,0,None,2007000000,None,None,5940000000,None,None,1494869000,None,None,None,0.277,,2214865000,2259204000,384000000,1989000000,None,1225000000,None,,,,,3.483,22.83,4.633,,,,,,,,0.191,,1705000000,2025-10-24,quarterly,2.81,USD,pre-market,127871000,25292000000,0.164,0.917,0.023,54.25,2214865000,7628000000,1688000000,None,250.7,248.19,4.0741,15226000000,6196000000,4392000000,12212000000,9030000000,7820000000,12921792000,3013000000,24.51,None,273.07,212.05
2025-12-28,ITW,10.3,15883000000.0,24.51,None,1.151,11.06,,None,879000000,879000000,,,,,,,,,6000000,311500000,None,8433023999,8433023999,679000000,None,1525000000,3109000000,None,None,368375000,,6.11,0.0243,,,,-0.281,0.11,2268567000,2636942000,2.7,2022-06-30,22.03,4870000000,6977000000.0,4488768000,2181569000,686700000,832000000,832000000,None,0,None,1975000000,None,None,6115000000,None,None,1494869000,None,None,None,0.277,,2214865000,2259204000,408000000,1970000000,None,972000000,None,,,,,3.483,22.83,4.633,,,,,,,,0.191,,1736000000,2025-10-24,quarterly,2.81,USD,pre-market,127871000,24967000000,0.164,0.917,0.023,54.25,2214865000,7640000000,1525000000,None,250.7,248.19,4.0741,15666000000,6371000000,4294000000,12287000000,9295000000,7993000000,12921792000,3378000000,24.51,None,273.07,212.05
2025-12-28,ITW,10.3,15883000000.0,24.51,None,1.151,11.06,,None,1296000000,1296000000,,,,,,,,,6000000,313700000,None,8433023999,8433023999,696000000,None,1041000000,3126000000,None,None,368375000,,6.11,0.0243,,,,-0.281,0.11,2268567000,2636942000,2.7,2022-03-31,22.03,5008000000,6977000000.0,4488768000,2181569000,686700000,875000000,875000000,None,0,None,1883000000,None,None,6817000000,None,None,1494869000,None,None,None,0.277,,2214865000,2259204000,377000000,1921000000,None,1037000000,None,,,,,3.483,22.83,4.633,,,,,,,,0.191,,1795000000,2025-10-24,quarterly,2.81,USD,pre-market,127871000,24607000000,0.164,0.917,0.023,54.25,2214865000,7858000000,1041000000,None,250.7,248.19,4.0741,16286000000,6682000000,3858000000,12704000000,9604000000,8846000000,12921792000,3581000000,24.51,-21008000000,273.07,212.05
2025-12-28,ITW,10.3,15883000000.0,24.51,None,1.151,11.06,,194000000,1527000000,1527000000,,,,,,,,,6000000,315000000,None,8433023999,8433023999,585000000,None,778000000,2942000000,None,None,368375000,,6.11,0.0243,,,,-0.281,0.11,2268567000,2636942000,2.7,2021-12-31,22.03,4965000000,6977000000.0,4488768000,2181569000,686700000,972000000,972000000,None,0,None,1694000000,None,None,6909000000,None,None,1494869000,None,None,None,0.277,,2214865000,2259204000,211000000,1575000000,None,1053000000,None,,,,,3.483,22.83,4.633,,,,,,,,0.191,,1809000000,2025-10-24,quarterly,2.81,USD,pre-market,127871000,24325000000,0.164,0.917,0.023,54.25,2214865000,7881000000,839000000,None,250.7,248.19,4.0741,16077000000,6374000000,3470000000,12451000000,9703000000,8981000000,12921792000,3625000000,24.51,-20636000000,273.07,212.05
2025-12-28,ITW,10.3,15883000000.0,24.51,None,1.151,11.06,,None,1987000000,1987000000,,,,,,,,,6000000,315900000,None,8433023999,8433023999,565000000,None,579000000,2729000000,None,None,368375000,,6.11,0.0243,,,,-0.281,0.11,2268567000,2636942000,2.7,2021-09-30,22.03,4610000000,6977000000.0,4488768000,2181569000,686700000,683000000,683000000,None,0,None,1524000000,None,None,6972000000,None,None,1494869000,None,None,None,0.277,,2214865000,2259204000,337000000,1782000000,None,1058000000,None,,,,,3.483,22.83,4.633,,,,,,,,0.191,,1744000000,2025-10-24,quarterly,2.81,USD,pre-market,127871000,24098000000,0.164,0.917,0.023,54.25,2214865000,7551000000,579000000,None,250.7,248.19,4.0741,15517000000,6577000000,2996000000,12024000000,8940000000,9028000000,12921792000,3492000000,24.51,-20390000000,273.07,212.05
2025-12-28,ITW,10.3,15883000000.0,24.51,None,1.151,11.06,,None,2058000000,2058000000,,,,,,,,,6000000,316900000,None,8433023999,8433023999,607000000,None,592000000,2786000000,None,None,368375000,,6.11,0.0243,,,,-0.281,0.11,2268567000,2636942000,2.7,2021-06-30,22.03,4658000000,6977000000.0,4488768000,2181569000,686700000,716000000,716000000,None,0,None,1400000000,None,None,7056000000,None,None,1494869000,None,None,None,0.277,,2214865000,2259204000,265000000,1684000000,None,1061000000,None,,,,,3.483,22.83,4.633,,,,,,,,0.191,,1767000000,2025-10-24,quarterly,2.81,USD,pre-market,127871000,23842000000,0.164,0.917,0.023,54.25,2214865000,7648000000,592000000,None,250.7,248.19,4.0741,15580000000,6509000000,2960000000,12059000000,9071000000,9099000000,12921792000,3520000000,24.51,-20140000000,273.07,212.05
2025-12-28,ITW,10.3,15883000000.0,24.51,None,1.151,11.06,,None,2484000000,2484000000,,,,,,,,,6000000,317900000,None,8433023999,8433023999,589000000,None,350000000,2662000000,None,None,368375000,,6.11,0.0243,,,,-0.281,0.11,2268567000,2636942000,2.7,2021-03-31,22.03,4632000000,6977000000.0,4488768000,2181569000,686700000,747000000,747000000,None,0,None,1292000000,None,None,7599000000,None,None,1494869000,None,None,None,0.277,,2214865000,2259204000,266000000,1621000000,None,1471000000,None,,,,,3.483,22.83,4.633,,,,,,,,0.191,,1746000000,2025-10-24,quarterly,2.81,USD,pre-market,127871000,23425000000,0.164,0.917,0.023,54.25,2214865000,7949000000,350000000,None,250.7,248.19,4.0741,15663000000,6704000000,2680000000,12387000000,8959000000,9707000000,12921792000,3274000000,24.51,-19897000000,273.07,212.05
2025-12-28,ITW,10.3,15883000000.0,24.51,None,1.151,11.06,,188000000,2564000000,2564000000,,,,,,,,,6000000,318100000,None,8433023999,8433023999,534000000,None,350000000,2621000000,None,None,368375000,,6.11,0.0243,,,,-0.281,0.11,2268567000,2636942000,2.7,2020-12-31,22.03,4690000000,6977000000.0,4488768000,2181569000,686700000,781000000,781000000,None,0,None,1189000000,None,None,7772000000,None,None,1494869000,None,None,None,0.277,,2214865000,2259204000,149000000,1368000000,None,1481000000,None,,,,,3.483,22.83,4.633,,,,,,,,0.191,,1777000000,2025-10-24,quarterly,2.81,USD,pre-market,127871000,23114000000,0.164,0.917,0.023,54.25,2214865000,8310000000,405000000,None,250.7,248.19,4.0741,15612000000,6523000000,2589000000,12430000000,9089000000,9841000000,12921792000,3181000000,24.51,-19659000000,273.07,212.05
2025-12-28,ITW,10.3,15883000000.0,24.51,None,1.151,11.06,,None,2169000000,2169000000,,,,,,,,,6000000,317900000,None,8433023999,8433023999,521000000,None,353000000,2494000000,None,None,368375000,,6.11,0.0243,,,,-0.281,0.11,2268567000,2636942000,2.7,2020-09-30,22.03,4591000000,6977000000.0,4488768000,2181569000,686700000,814000000,814000000,None,0,None,1149000000,None,None,7592000000,None,None,1494869000,None,None,None,0.277,,2214865000,2259204000,219000000,1624000000,None,1440000000,None,,,,,3.483,22.83,4.633,,,,,,,,0.191,,1736000000,2025-10-24,quarterly,2.81,USD,pre-market,127871000,22833000000,0.164,0.917,0.023,54.25,2214865000,7945000000,353000000,None,250.7,248.19,4.0741,14940000000,6031000000,2540000000,12243000000,8909000000,9703000000,12921792000,2696000000,24.51,-19652000000,273.07,212.05
2025-12-28,ITW,10.3,15883000000.0,24.51,None,1.151,11.06,,None,1812000000,1812000000,,,,,,,,,6000000,317400000,None,8433023999,8433023999,402000000,None,4000000,2156000000,None,None,368375000,,6.11,0.0243,,,,-0.281,0.11,2268567000,2636942000,2.7,2020-06-30,22.03,4443000000,6977000000.0,4488768000,2181569000,686700000,801000000,801000000,None,0,None,1167000000,None,None,7765000000,None,None,1494869000,None,None,None,0.277,,2214865000,2259204000,474000000,1484000000,None,1422000000,None,,,,,3.483,22.83,4.633,,,,,,,,0.191,,1711000000,2025-10-24,quarterly,2.81,USD,pre-market,127871000,22612000000,0.164,0.917,0.023,54.25,2214865000,7769000000,4000000,None,250.7,248.19,4.0741,14263000000,5609000000,2042000000,11905000000,8654000000,9863000000,12921792000,2357000000,24.51,-19669000000,273.07,212.05
2025-12-28,ITW,10.3,15883000000.0,24.51,None,1.151,11.06,,None,1430000000,1430000000,,,,,,,,,6000000,319700000,None,8433023999,8433023999,488000000,None,4000000,2424000000,None,None,368375000,,6.11,0.0243,,,,-0.281,0.11,2268567000,2636942000,2.7,2020-03-31,22.03,4401000000,6977000000.0,4488768000,2181569000,686700000,836000000,836000000,None,0,None,1185000000,None,None,7690000000,None,None,1494869000,None,None,None,0.277,,2214865000,2259204000,467000000,1485000000,None,1448000000,None,,,,,3.483,22.83,4.633,,,,,,,,0.191,,1704000000,2025-10-24,quarterly,2.81,USD,pre-market,127871000,22631000000,0.164,0.917,0.023,54.25,2214865000,7694000000,4000000,None,250.7,248.19,4.0741,14149000000,5506000000,2032000000,11865000000,8643000000,9833000000,12921792000,2283000000,24.51,-19680000000,273.07,212.05
2025-12-28,ITW,10.3,15883000000.0,24.51,None,1.151,11.06,,179000000,1981000000,1981000000,,,,,,,,,6000000,322900000,None,8433023999,8433023999,472000000,None,4000000,2611000000,None,None,368375000,,6.11,0.0243,,,,-0.281,0.11,2268567000,2636942000,2.7,2019-12-31,22.03,4492000000,6977000000.0,4488768000,2181569000,686700000,851000000,851000000,None,0,None,1164000000,None,None,7754000000,None,51000000,1494869000,None,None,None,0.277,,2214865000,2259204000,497000000,1391000000,None,1462000000,None,,,,,3.483,22.83,4.633,,,,,,,,0.191,,1729000000,2025-10-24,quarterly,2.81,USD,pre-market,127871000,22403000000,0.164,0.917,0.023,54.25,2214865000,7937000000,55000000,None,250.7,248.19,4.0741,15068000000,6253000000,2154000000,12038000000,8815000000,9884000000,12921792000,3026000000,24.51,-18982000000,273.07,212.05
2025-12-28,ITW,10.3,15883000000.0,24.51,None,1.151,11.06,,None,1825000000,1825000000,,,,,,,,,6000000,324000000,None,8433023999,8433023999,493000000,None,None,2499000000,None,None,368375000,,6.11,0.0243,,,,-0.281,0.11,2268567000,2636942000,2.7,2019-09-30,22.03,4430000000,6977000000.0,4488768000,2181569000,686700000,890000000,890000000,None,0,None,1209000000,None,None,7643000000,None,None,1494869000,None,None,None,0.277,,2214865000,2259204000,712000000,1669000000,None,1408000000,None,,,,,3.483,22.83,4.633,,,,,,,,0.191,,1693000000,2025-10-24,quarterly,2.81,USD,pre-market,127871000,22104000000,0.164,0.917,0.023,54.25,2214865000,7643000000,None,None,250.7,248.19,4.0741,14960000000,6245000000,2223000000,11990000000,8715000000,9767000000,12921792000,2966000000,24.51,-18632000000,273.07,212.05
2025-12-28,ITW,10.3,15883000000.0,24.51,None,1.151,11.06,,None,1677000000,1677000000,,,,,,,,,6000000,326600000,None,8433023999,8433023999,512000000,None,None,2629000000,None,None,368375000,,6.11,0.0243,,,,-0.281,0.11,2268567000,2636942000,2.7,2019-06-30,22.03,4503000000,6977000000.0,4488768000,2181569000,686700000,928000000,928000000,None,0,None,1256000000,None,None,7809000000,None,None,1494869000,None,None,None,0.277,,2214865000,2259204000,727000000,1623000000,None,1412000000,None,,,,,3.483,22.83,4.633,,,,,,,,0.191,,1717000000,2025-10-24,quarterly,2.81,USD,pre-market,127871000,21788000000,0.164,0.917,0.023,54.25,2214865000,7809000000,None,None,250.7,248.19,4.0741,15187000000,6289000000,2188000000,12092000000,8898000000,9904000000,12921792000,3091000000,24.51,-18276000000,273.07,212.05
2025-12-28,ITW,10.3,15883000000.0,24.51,None,1.151,11.06,,None,1755000000,1755000000,,,,,,,,,6000000,329600000,None,8433023999,8433023999,568000000,None,1760000000,2715000000,None,None,368375000,,6.11,0.0243,,,,-0.281,0.11,2268567000,2636942000,2.7,2019-03-31,22.03,4621000000,6977000000.0,4488768000,2181569000,686700000,1044000000,1044000000,None,0,None,1346000000,None,None,5981000000,None,None,1494869000,None,None,None,0.277,,2214865000,2259204000,259000000,1554000000,None,1457000000,None,,,,,3.483,22.83,4.633,,,,,,,,0.191,,1765000000,2025-10-24,quarterly,2.81,USD,pre-market,127871000,21488000000,0.164,0.917,0.023,54.25,2214865000,7741000000,1760000000,None,250.7,248.19,4.0741,15326000000,6075000000,3961000000,12126000000,9251000000,8165000000,12921792000,3196000000,24.51,-17911000000,273.07,212.05
2025-12-28,ITW,10.3,15883000000.0,24.51,None,1.151,11.06,,None,1504000000,1504000000,,,,,,,,,6000000,331600000,None,8433023999,8433023999,524000000,None,1350000000,2622000000,None,None,368375000,,6.11,0.0243,,,,-0.281,0.11,2268567000,2636942000,2.7,2018-12-31,22.03,4633000000,6977000000.0,4488768000,2181569000,686700000,1084000000,1084000000,None,0,None,1318000000,None,None,6029000000,None,51000000,1494869000,None,None,None,0.277,,2214865000,2259204000,334000000,1384000000,None,1334000000,None,,,,,3.483,22.83,4.633,,,,,,,,0.191,,1791000000,2025-10-24,quarterly,2.81,USD,pre-market,127871000,21217000000,0.164,0.917,0.023,54.25,2214865000,7380000000,1351000000,None,250.7,248.19,4.0741,14870000000,5778000000,3542000000,11612000000,9092000000,8070000000,12921792000,3254000000,24.51,-17545000000,273.07,212.05
2025-12-28,ITW,10.3,15883000000.0,24.51,None,1.151,11.06,,None,1589000000,1589000000,,,,,,,,,6000000,335300000,None,8433023999,8433023999,576000000,None,1350000000,2777000000,None,None,368375000,,6.11,0.0243,,,,-0.281,0.11,2268567000,2636942000,2.7,2018-09-30,22.03,4655000000,6977000000.0,4488768000,2181569000,686700000,1130000000,1130000000,None,0,None,1338000000,None,None,6054000000,None,None,1494869000,None,None,None,0.277,,2214865000,2259204000,236000000,1600000000,None,1349000000,None,,,,,3.483,22.83,4.633,,,,,,,,0.191,,1799000000,2025-10-24,quarterly,2.81,USD,pre-market,127871000,20938000000,0.164,0.917,0.023,54.25,2214865000,7404000000,1350000000,0,250.7,248.19,4.0741,15319000000,5940000000,3663000000,11773000000,9379000000,8110000000,12921792000,3542000000,24.51,-17054000000,273.07,212.05
2025-12-28,ITW,10.3,15883000000.0,24.51,None,1.151,11.06,,None,1628000000,1628000000,,,,,,,,,6000000,338900000,None,8433023999,8433023999,623000000,None,1350000000,2878000000,None,None,368375000,,6.11,0.0243,,,,-0.281,0.11,2268567000,2636942000,2.7,2018-06-30,22.03,4675000000,6977000000.0,4488768000,2181569000,686700000,1177000000,1177000000,None,0,None,1320000000,None,None,6069000000,None,None,1494869000,None,None,None,0.277,,2214865000,2259204000,293000000,1486000000,None,1415000000,None,,,,,3.483,22.83,4.633,,,,,,,,0.191,,1783000000,2025-10-24,quarterly,2.81,USD,pre-market,127871000,20633000000,0.164,0.917,0.023,54.25,2214865000,7419000000,1350000000,0,250.7,248.19,4.0741,15523000000,6119000000,3547000000,11735000000,9404000000,8188000000,12921792000,3785000000,24.51,-16555000000,273.07,212.05
2025-12-28,ITW,10.3,15883000000.0,24.51,None,1.151,11.06,,None,1940000000,1940000000,,,,,,,,,6000000,342800000,None,8433023999,8433023999,655000000,None,650000000,2874000000,None,None,368375000,,6.11,0.0243,,,,-0.281,0.11,2268567000,2636942000,2.7,2018-03-31,22.03,4795000000,6977000000.0,4488768000,2181569000,686700000,1226000000,1226000000,None,0,None,1335000000,None,None,6889000000,None,None,1494869000,None,None,None,0.277,,2214865000,2259204000,274000000,1514000000,None,1497000000,None,,,,,3.483,22.83,4.633,,,,,,,,0.191,,1829000000,2025-10-24,quarterly,2.81,USD,pre-market,127871000,20228000000,0.164,0.917,0.023,54.25,2214865000,7549000000,660000000,0,250.7,248.19,4.0741,16163000000,6423000000,2925000000,12000000000,9740000000,9075000000,12921792000,4159000000,24.51,-16055000000,273.07,212.05
2025-12-28,ITW,10.3,15883000000.0,24.51,None,1.151,11.06,,None,3094000000,3094000000,,,,,,,,,6000000,342100000,None,8433023999,8433023999,590000000,None,1000000,2628000000,None,None,368375000,,6.11,0.0243,,,,-0.281,0.11,2268567000,2636942000,2.7,2017-12-31,22.03,4752000000,6977000000.0,4488768000,2181569000,686700000,1272000000,1272000000,None,0,None,1220000000,None,None,7478000000,None,53000000,1494869000,None,None,None,0.277,,2214865000,2259204000,336000000,1319000000,None,1496000000,None,,,,,3.483,22.83,4.633,,,,,,,,0.191,,1778000000,2025-10-24,quarterly,2.81,USD,pre-market,127871000,20210000000,0.164,0.917,0.023,54.25,2214865000,8328000000,850000000,0,250.7,248.19,4.0741,16780000000,7278000000,3053000000,12191000000,9502000000,9138000000,12921792000,4585000000,24.51,-15562000000,273.07,212.05
2025-12-28,ITW,10.3,15883000000.0,24.51,None,1.151,11.06,,None,2785000000,2785000000,,,,,,,,,6000000,346000000,None,8433023999,8433023999,585000000,None,8137000000,2672000000,None,None,368375000,,6.11,0.0243,,,,-0.281,0.11,2268567000,2636942000,2.7,2017-09-30,22.03,4732000000,6977000000.0,4488768000,2181569000,686700000,1319000000,1319000000,None,0,None,1225000000,None,None,7439000000,None,None,1494869000,None,None,None,0.277,,2214865000,2259204000,230000000,1498000000,None,870000000,None,,,,,3.483,22.83,4.633,,,,,,,,0.191,,1759000000,2025-10-24,quarterly,2.81,USD,pre-market,127871000,20553000000,0.164,0.917,0.023,54.25,2214865000,8137000000,698000000,0,250.7,248.19,4.0741,16314000000,6912000000,2867000000,11288000000,9402000000,8421000000,12921792000,5023000000,24.51,-15336000000,273.07,212.05
2025-12-28,ITW,10.3,15883000000.0,24.51,None,1.151,11.06,,None,2496000000,2496000000,,,,,,,,,6000000,347500000,None,8433023999,8433023999,582000000,None,8051000000,2629000000,None,None,368375000,,6.11,0.0243,,,,-0.281,0.11,2268567000,2636942000,2.7,2017-06-30,22.03,4675000000,6977000000.0,4488768000,2181569000,686700000,1366000000,1366000000,None,0,None,1199000000,None,None,7360000000,None,None,1494869000,None,None,None,0.277,,2214865000,2259204000,246000000,1396000000,None,841000000,None,,,,,3.483,22.83,4.633,,,,,,,,0.191,,1726000000,2025-10-24,quarterly,2.81,USD,pre-market,127871000,20180000000,0.164,0.917,0.023,54.25,2214865000,8051000000,691000000,0,250.7,248.19,4.0741,15922000000,6570000000,2826000000,11148000000,9352000000,8322000000,12921792000,4771000000,24.51,-15095000000,273.07,212.05
2025-12-28,ITW,10.3,15883000000.0,24.51,None,1.151,11.06,,None,2493000000,2493000000,,,,,,,,,6000000,349000000,None,8433023999,8433023999,574000000,None,671000000,2534000000,None,None,368375000,,6.11,0.0243,,,,-0.281,0.11,2268567000,2636942000,2.7,2017-03-31,22.03,4605000000,6977000000.0,4488768000,2181569000,686700000,1411000000,1411000000,None,0,None,1158000000,None,None,7205000000,None,None,1494869000,None,None,None,0.277,,2214865000,2259204000,245000000,1374000000,None,830000000,None,,,,,3.483,22.83,4.633,,,,,,,,0.191,,1674000000,2025-10-24,quarterly,2.81,USD,pre-market,127871000,19817000000,0.164,0.917,0.023,54.25,2214865000,7876000000,671000000,0,250.7,248.19,4.0741,15529000000,6430000000,2875000000,11031000000,9099000000,8156000000,12921792000,4493000000,24.51,-14871000000,273.07,212.05
2025-12-28,ITW,10.3,15883000000.0,24.51,None,1.151,11.06,,None,2472000000,2472000000,,,,,,,,,6000000,350400000,None,8433023999,8433023999,511000000,None,650000000,2357000000,None,None,368375000,,6.11,0.0243,,,,-0.281,0.11,2268567000,2636942000,2.7,2016-12-31,22.03,4558000000,6977000000.0,4488768000,2181569000,686700000,1463000000,1463000000,None,0,None,1076000000,None,None,7177000000,None,73000000,1494869000,None,None,None,0.277,,2214865000,2259204000,218000000,1248000000,None,871000000,None,,,,,3.483,22.83,4.633,,,,,,,,0.191,,1652000000,2025-10-24,quarterly,2.81,USD,pre-market,127871000,19505000000,0.164,0.917,0.023,54.25,2214865000,7829000000,652000000,0,250.7,248.19,4.0741,15201000000,6123000000,2760000000,10942000000,9078000000,8182000000,12921792000,4254000000,24.51,-14638000000,273.07,212.05
2025-12-28,ITW,10.3,15883000000.0,24.51,None,1.151,11.06,,None,2299000000,2299000000,,,,,,,,,6000000,355500000,None,8433023999,8433023999,582000000,None,1364000000,2496000000,None,None,368375000,,6.11,0.0243,,,,-0.281,0.11,2268567000,2636942000,2.7,2016-09-30,22.03,4711000000,6977000000.0,4488768000,2181569000,686700000,1480000000,1480000000,None,0,None,1167000000,None,None,6329000000,None,None,1494869000,None,None,None,0.277,,2214865000,2259204000,223000000,1408000000,None,970000000,None,,,,,3.483,22.83,4.633,,,,,,,,0.191,,1702000000,2025-10-24,quarterly,2.81,USD,pre-market,127871000,19223000000,0.164,0.917,0.023,54.25,2214865000,7693000000,1364000000,0,250.7,248.19,4.0741,15709000000,6185000000,3486000000,10916000000,9524000000,7430000000,12921792000,4788000000,24.51,-14147000000,273.07,212.05
2025-12-28,ITW,10.3,15883000000.0,24.51,None,1.151,11.06,,None,2355000000,2355000000,,,,,,,,,6000000,358500000,None,8433023999,8433023999,519000000,None,864000000,2413000000,None,None,368375000,,6.11,0.0243,,,,-0.281,0.11,2268567000,2636942000,2.7,2016-06-30,22.03,4466000000,6977000000.0,4488768000,2181569000,686700000,1441000000,1441000000,None,0,None,1145000000,None,None,6300000000,None,None,1494869000,None,None,None,0.277,,2214865000,2259204000,254000000,1311000000,None,999000000,None,,,,,3.483,22.83,4.633,,,,,,,,0.191,,1580000000,2025-10-24,quarterly,2.81,USD,pre-market,127871000,18916000000,0.164,0.917,0.023,54.25,2214865000,7164000000,864000000,0,250.7,248.19,4.0741,15222000000,6167000000,2824000000,10272000000,9055000000,7448000000,12921792000,4946000000,24.51,-13664000000,273.07,212.05
2025-12-28,ITW,10.3,15883000000.0,24.51,None,1.151,11.06,,None,2448000000,2448000000,,,,,,,,,6000000,363900000,None,8433023999,8433023999,525000000,None,650000000,2394000000,None,None,368375000,,6.11,0.0243,,,,-0.281,0.11,2268567000,2636942000,2.7,2016-03-31,22.03,4504000000,6977000000.0,4488768000,2181569000,686700000,1501000000,1501000000,None,0,None,1134000000,None,None,6353000000,None,None,1494869000,None,None,None,0.277,,2214865000,2259204000,265000000,1284000000,None,995000000,None,,,,,3.483,22.83,4.633,,,,,,,,0.191,,1598000000,2025-10-24,quarterly,2.81,USD,pre-market,127871000,18586000000,0.164,0.917,0.023,54.25,2214865000,7003000000,650000000,0,250.7,248.19,4.0741,15437000000,6241000000,2716000000,10215000000,9196000000,7499000000,12921792000,5218000000,24.51,-13183000000,273.07,212.05
2025-12-28,ITW,10.3,15883000000.0,24.51,None,1.151,11.06,,None,3090000000,3090000000,,,,,,,,,6000000,365900000,None,8433023999,8433023999,449000000,None,1000000,2203000000,None,None,368375000,,6.11,0.0243,,,,-0.281,0.11,2268567000,2636942000,2.7,2015-12-31,22.03,4439000000,6977000000.0,4488768000,2181569000,686700000,1560000000,1560000000,None,0,None,1086000000,None,None,6896000000,None,212000000,1494869000,None,None,None,0.277,,2214865000,2259204000,341000000,1167000000,None,981000000,None,,,,,3.483,22.83,4.633,,,,,,,,0.191,,1577000000,2025-10-24,quarterly,2.81,USD,pre-market,127871000,18316000000,0.164,0.917,0.023,54.25,2214865000,7422000000,526000000,0,250.7,248.19,4.0741,15729000000,6720000000,2368000000,10501000000,9009000000,8133000000,12921792000,5224000000,24.51,-12729000000,273.07,212.05
2025-12-28,ITW,10.3,15883000000.0,24.51,None,1.151,11.06,,None,3001000000,3001000000,,,,,,,,,6000000,367100000,None,8433023999,8433023999,498000000,None,None,2339000000,None,None,368375000,,6.11,0.0243,,,,-0.281,0.11,2268567000,2636942000,2.7,2015-09-30,22.03,4470000000,6977000000.0,4488768000,2181569000,686700000,1618000000,1618000000,None,0,None,1153000000,None,None,7000000000,None,None,1494869000,None,None,None,0.277,,2214865000,2259204000,476000000,1343000000,None,948000000,None,,,,,3.483,22.83,4.633,,,,,,,,0.191,,1601000000,2025-10-24,quarterly,2.81,USD,pre-market,127871000,18066000000,0.164,0.917,0.023,54.25,2214865000,7812000000,812000000,0,250.7,248.19,4.0741,16104000000,6969000000,2724000000,11014000000,9135000000,8290000000,12921792000,5086000000,24.51,-12740000000,273.07,212.05
2025-12-28,ITW,10.3,15883000000.0,24.51,None,1.151,11.06,,None,2858000000,2858000000,,,,,,,,,6000000,368400000,None,8433023999,8433023999,533000000,None,None,2412000000,None,None,368375000,,6.11,0.0243,,,,-0.281,0.11,2268567000,2636942000,2.7,2015-06-30,22.03,4543000000,6977000000.0,4488768000,2181569000,686700000,1679000000,1679000000,None,0,None,1191000000,None,None,6994000000,None,None,1494869000,None,None,None,0.277,,2214865000,2259204000,572000000,1333000000,None,939000000,None,,,,,3.483,22.83,4.633,,,,,,,,0.191,,1636000000,2025-10-24,quarterly,2.81,USD,pre-market,127871000,17755000000,0.164,0.917,0.023,54.25,2214865000,7813000000,819000000,0,250.7,248.19,4.0741,16348000000,7033000000,2746000000,11042000000,9315000000,8296000000,12921792000,5302000000,24.51,-12526000000,273.07,212.05
2025-12-28,ITW,10.3,15883000000.0,24.51,None,1.151,11.06,,None,2672000000,2672000000,,,,,,,,,6000000,379200000,None,8433023999,8433023999,670000000,None,None,2367000000,None,None,368375000,,6.11,0.0243,,,,-0.281,0.11,2268567000,2636942000,2.7,2015-03-31,22.03,4498000000,6977000000.0,4488768000,2181569000,686700000,1733000000,1733000000,None,0,None,1187000000,None,None,5845000000,None,None,1494869000,None,None,None,0.277,,2214865000,2259204000,441000000,1270000000,None,986000000,None,,,,,3.483,22.83,4.633,,,,,,,,0.191,,1624000000,2025-10-24,quarterly,2.81,USD,pre-market,127871000,17453000000,0.164,0.917,0.023,54.25,2214865000,7553000000,1708000000,0,250.7,248.19,4.0741,15937000000,6667000000,3744000000,10955000000,9270000000,7211000000,12921792000,4978000000,24.51,-12357000000,273.07,212.05
2025-12-28,ITW,10.3,15883000000.0,24.51,None,1.151,11.06,,None,3990000000,3990000000,,,,,,,,,6000000,389200000,None,8433023999,8433023999,512000000,None,1000000,2293000000,None,None,368375000,,6.11,0.0243,,,,-0.281,0.11,2268567000,2636942000,2.7,2014-12-31,22.03,4667000000,6977000000.0,4488768000,2181569000,686700000,1799000000,1799000000,None,0,None,1180000000,None,None,5981000000,None,251000000,1494869000,None,None,None,0.277,,2214865000,2259204000,613000000,1279000000,None,1002000000,None,,,,,3.483,22.83,4.633,,,,,,,,0.191,,1686000000,2025-10-24,quarterly,2.81,USD,pre-market,127871000,17173000000,0.164,0.917,0.023,54.25,2214865000,7457000000,1476000000,0,250.7,248.19,4.0741,17678000000,8076000000,3533000000,10854000000,9602000000,7321000000,12921792000,6819000000,24.51,-10798000000,273.07,212.05
2025-12-28,ITW,10.3,15883000000.0,24.51,None,1.151,11.06,,None,4820000000,4820000000,,,,,,,,,6000000,396800000,None,8433023999,8433023999,594000000,None,None,2519000000,None,None,368375000,,6.11,0.0243,,,,-0.281,0.11,2268567000,2636942000,2.7,2014-09-30,22.03,4771000000,6977000000.0,4488768000,2181569000,686700000,1825000000,1825000000,None,0,None,1265000000,None,None,6034000000,None,None,1494869000,None,None,None,0.277,,2214865000,2259204000,548000000,1507000000,None,901000000,None,,,,,3.483,22.83,4.633,,,,,,,,0.191,,1693000000,2025-10-24,quarterly,2.81,USD,pre-market,127871000,16909000000,0.164,0.917,0.023,54.25,2214865000,7530000000,1496000000,0,250.7,248.19,4.0741,19028000000,9152000000,3874000000,11227000000,9876000000,7353000000,12921792000,7796000000,24.51,-10047000000,273.07,212.05
2025-12-28,ITW,10.3,15883000000.0,24.51,None,1.151,11.06,,None,5297000000,5297000000,,,,,,,,,6000000,407600000,None,8433023999,8433023999,683000000,None,None,2598000000,None,None,368375000,,6.11,0.0243,,,,-0.281,0.11,2268567000,2636942000,2.7,2014-06-30,22.03,4904000000,6977000000.0,4488768000,2181569000,686700000,1876000000,1876000000,None,0,None,1305000000,None,None,6140000000,None,None,1494869000,None,None,None,0.277,,2214865000,2259204000,591000000,1455000000,None,918000000,None,,,,,3.483,22.83,4.633,,,,,,,,0.191,,1700000000,2025-10-24,quarterly,2.81,USD,pre-market,127871000,16568000000,0.164,0.917,0.023,54.25,2214865000,7210000000,1070000000,0,250.7,248.19,4.0741,19936000000,9791000000,3923000000,11496000000,10145000000,7573000000,12921792000,8435000000,24.51,-9562000000,273.07,212.05
2025-12-28,ITW,10.3,15883000000.0,24.51,None,1.151,11.06,,None,3547000000,3547000000,,,,,,,,,6000000,425000000,None,8433023999,8433023999,689000000,None,None,2563000000,None,None,368375000,,6.11,0.0243,,,,-0.281,0.11,2268567000,2636942000,2.7,2014-03-31,22.03,4893000000,6977000000.0,4488768000,2181569000,686700000,1936000000,1936000000,None,0,None,1298000000,None,None,4789000000,None,None,1494869000,None,None,None,0.277,,2214865000,2259204000,2620000000,1754000000,None,919000000,None,,,,,3.483,22.83,4.633,,,,,,,,0.191,,1699000000,2025-10-24,quarterly,2.81,USD,pre-market,127871000,15243000000,0.164,0.917,0.023,54.25,2214865000,7622000000,2833000000,0,250.7,248.19,4.0741,20170000000,10028000000,5360000000,11590000000,10142000000,6230000000,12921792000,8574000000,24.51,-8138000000,273.07,212.05
2025-12-28,ITW,10.3,15883000000.0,24.51,None,1.151,11.06,,None,3618000000,3618000000,,,,,,,,,6000000,440900000,None,8433023999,8433023999,634000000,None,None,2365000000,None,None,368375000,,6.11,0.0243,,,,-0.281,0.11,2268567000,2636942000,2.7,2013-12-31,22.03,4886000000,6977000000.0,4488768000,2181569000,686700000,1999000000,1999000000,None,0,None,1247000000,None,None,2793000000,None,None,1494869000,None,None,None,0.277,,2214865000,2259204000,2586000000,1573000000,None,923000000,None,,,,,3.483,22.83,4.633,,,,,,,,0.191,,1709000000,2025-10-24,quarterly,2.81,USD,pre-market,127871000,14943000000,0.164,0.917,0.023,54.25,2214865000,6344000000,3551000000,0,250.7,248.19,4.0741,19966000000,9816000000,6034000000,10257000000,10150000000,4223000000,12921792000,9703000000,24.51,-6676000000,273.07,212.05
2025-12-28,ITW,10.3,15883000000.0,24.51,None,1.151,11.06,,None,3018000000,3018000000,,,,,,,,,6000000,448900000,None,8433023999,8433023999,616000000,None,None,2493000000,None,None,368375000,,6.11,0.0243,,,,-0.281,0.11,2268567000,2636942000,2.7,2013-09-30,22.03,4854000000,6977000000.0,4488768000,2181569000,686700000,2121000000,2121000000,None,0,None,1308000000,None,None,3808000000,None,None,1494869000,None,None,None,0.277,,2214865000,2259204000,2763000000,1922000000,None,1081000000,None,,,,,3.483,22.83,4.633,,,,,,,,0.191,,1667000000,2025-10-24,quarterly,2.81,USD,pre-market,127871000,14716000000,0.164,0.917,0.023,54.25,2214865000,5136000000,1328000000,0,250.7,248.19,4.0741,19751000000,9582000000,3941000000,9283000000,10169000000,5342000000,12921792000,10462000000,24.51,-5584000000,273.07,212.05
2025-12-28,ITW,10.3,15883000000.0,24.51,None,1.151,11.06,,None,2768000000,2768000000,,,,,,,,,6000000,452500000,None,8433023999,8433023999,717000000,None,None,2907000000,None,None,368375000,,6.11,0.0243,,,,-0.281,0.11,2268567000,2636942000,2.7,2013-06-30,22.03,5359000000,6977000000.0,4488768000,2181569000,686700000,2132000000,2132000000,None,0,None,1490000000,None,None,3771000000,None,None,1494869000,None,None,None,0.277,,2214865000,2259204000,1048000000,1602000000,None,1103000000,None,,,,,3.483,22.83,4.633,,,,,,,,0.191,,1936000000,2025-10-24,quarterly,2.81,USD,pre-market,127871000,14451000000,0.164,0.917,0.023,54.25,2214865000,5072000000,1301000000,0,250.7,248.19,4.0741,19199000000,8213000000,3711000000,8968000000,10986000000,5257000000,12921792000,10225000000,24.51,-5263000000,273.07,212.05
2025-12-28,ITW,10.3,15883000000.0,24.51,None,1.151,11.06,,None,2662000000,2662000000,,,,,,,,,6000000,454800000,None,8433023999,8433023999,749000000,None,None,2789000000,None,None,368375000,,6.11,0.0243,,,,-0.281,0.11,2268567000,2636942000,2.7,2013-03-31,22.03,5392000000,6977000000.0,4488768000,2181569000,686700000,2182000000,2182000000,None,0,None,1514000000,None,None,4556000000,None,None,1494869000,None,None,None,0.277,,2214865000,2259204000,1145000000,1498000000,None,1260000000,None,,,,,3.483,22.83,4.633,,,,,,,,0.191,,1960000000,2025-10-24,quarterly,2.81,USD,pre-market,127871000,14156000000,0.164,0.917,0.023,54.25,2214865000,5012000000,456000000,0,250.7,248.19,4.0741,19206000000,8110000000,2802000000,8927000000,11096000000,6125000000,12921792000,10274000000,24.51,-5055000000,273.07,212.05
2025-12-28,ITW,10.3,15883000000.0,24.51,None,1.151,11.06,,None,2779000000,2779000000,,,,,,,,,5000000,463100000,None,8433023999,8433023999,676000000,None,None,3044000000,None,None,368375000,,6.11,0.0243,,,,-0.281,0.11,2268567000,2636942000,2.7,2012-12-31,22.03,5530000000,6977000000.0,4488768000,2181569000,686700000,2258000000,2258000000,None,0,None,1585000000,None,None,4589000000,None,146000000,1494869000,None,None,None,0.277,,2214865000,2259204000,552000000,1157000000,None,1255000000,None,,,,,3.483,22.83,4.633,,,,,,,,0.191,,1994000000,2025-10-24,quarterly,2.81,USD,pre-market,127871000,13973000000,0.164,0.917,0.023,54.25,2214865000,5048000000,459000000,0,250.7,248.19,4.0741,19309000000,7960000000,2651000000,8739000000,11349000000,6088000000,12921792000,10561000000,24.51,-4722000000,273.07,212.05
2025-12-28,ITW,10.3,15883000000.0,24.51,None,1.151,11.06,,None,2054000000,2054000000,,,,,,,,,5000000,468100000,None,8433023999,8433023999,770000000,None,None,3062000000,None,None,368375000,,6.11,0.0243,,,,-0.281,0.11,2268567000,2636942000,2.7,2012-09-30,22.03,5506000000,6977000000.0,4488768000,2181569000,686700000,2302000000,2302000000,None,0,None,1760000000,None,None,4572000000,None,226000000,1494869000,None,None,None,0.277,,2214865000,2259204000,774000000,1686000000,None,1141000000,None,,,,,3.483,22.83,4.633,,,,,,,,0.191,,2081000000,2025-10-24,quarterly,2.81,USD,pre-market,127871000,13168000000,0.164,0.917,0.023,54.25,2214865000,4996000000,424000000,271000000,250.7,248.19,4.0741,19023000000,7650000000,2928000000,8761000000,11373000000,5833000000,12921792000,10253000000,24.51,-4118000000,273.07,212.05
2025-12-28,ITW,10.3,15883000000.0,24.51,None,1.151,11.06,,None,1692000000,1692000000,,,,,,,,,5000000,476100000,None,8433023999,8433023999,785000000,None,None,3164000000,None,None,368375000,,6.11,0.0243,,,,-0.281,0.11,2268567000,2636942000,2.7,2012-06-30,22.03,5456000000,6977000000.0,4488768000,2181569000,686700000,2368000000,2368000000,None,0,None,1796000000,None,None,3468000000,None,271000000,1494869000,None,None,None,0.277,,2214865000,2259204000,899000000,1659000000,None,1298000000,None,,,,,3.483,22.83,4.633,,,,,,,,0.191,,2067000000,2025-10-24,quarterly,2.81,USD,pre-market,127871000,12821000000,0.164,0.917,0.023,54.25,2214865000,4906000000,1438000000,271000000,250.7,248.19,4.0741,18921000000,7551000000,3936000000,8820000000,11370000000,4884000000,12921792000,10084000000,24.51,-3702000000,273.07,212.05
2025-12-28,ITW,10.3,15883000000.0,24.51,None,1.151,11.06,,None,1304000000,1304000000,,,,,,,,,5000000,485600000,None,8433023999,8433023999,831000000,None,None,3134000000,None,None,368375000,,6.11,0.0243,,,,-0.281,0.11,2268567000,2636942000,2.7,2012-03-31,22.03,5489000000,6977000000.0,4488768000,2181569000,686700000,2400000000,2400000000,None,0,None,1824000000,None,None,3521000000,None,287000000,1494869000,None,None,None,0.277,,2214865000,2259204000,1127000000,1663000000,None,1391000000,None,,,,,3.483,22.83,4.633,,,,,,,,0.191,,2100000000,2025-10-24,quarterly,2.81,USD,pre-market,127871000,12108000000,0.164,0.917,0.023,54.25,2214865000,4765000000,1244000000,287000000,250.7,248.19,4.0741,18944000000,7389000000,3777000000,8809000000,11555000000,5032000000,12921792000,10118000000,24.51,-3175000000,273.07,212.05
2025-12-28,ITW,10.3,15883000000.0,24.51,-4061901000,1.151,11.06,,None,1178000000,1178000000,,,,,,,,,5425000,485639000,None,8433023999,8433023999,697000000,None,None,2996000000,None,None,368375000,,6.11,0.0243,,,,-0.281,0.11,2268567000,2636942000,2.7,2011-12-31,22.03,5197601000,6977000000.0,4488768000,2181569000,686700000,2233378000,2233378000,None,0,None,1716000000,None,None,3488198000,None,408906000,1494869000,None,None,None,0.277,,2214865000,2259204000,959000000,1476483000,None,1367571000,None,,,,,3.483,22.83,4.633,,,,,,,,0.191,,2025396000,2025-10-24,quarterly,2.81,USD,pre-market,127871000,11794184000,0.164,0.917,0.023,54.25,2214865000,3990261000,502000000,0,250.7,248.19,4.0741,17983514000,6849000000,2976727000,7949450000,11134168000,4972723000,12921792000,10017791000,24.51,-2692196000,273.07,212.05
2025-12-28,ITW,10.3,15883000000.0,24.51,-4058957000,1.151,11.06,,None,1318885000,1318885000,,,,,,,,,5421000,488800000,None,8433023999,8433023999,770386000,None,None,2985354000,None,None,368375000,,6.11,0.0243,,,,-0.281,0.11,2268567000,2636942000,2.7,2011-09-30,22.03,5123433000,6977000000.0,4488768000,2181569000,686700000,2308264000,2308264000,None,0,None,1794327000,None,None,3522123000,None,424441000,1494869000,None,None,None,0.277,,2214865000,2259204000,1235853000,1758970000,None,1230669000,None,,,,,3.483,22.83,4.633,,,,,,,,0.191,,2037934000,2025-10-24,quarterly,2.81,USD,pre-market,127871000,11526086000,0.164,0.917,0.023,54.25,2214865000,4562929000,1040806000,435576000,250.7,248.19,4.0741,18363265000,7334419000,3635898000,8511256000,11028846000,4875358000,12921792000,9837446000,24.51,-2691978000,273.07,212.05
2025-12-28,ITW,10.3,15883000000.0,24.51,-4149845000,1.151,11.06,,None,1230662000,1230662000,,,,,,,,,5418000,501900000,None,8433023999,8433023999,864955000,None,None,3146005000,None,None,368375000,,6.11,0.0243,,,,-0.281,0.11,2268567000,2636942000,2.7,2011-06-30,22.03,5101220000,6977000000.0,4488768000,2181569000,686700000,2105649000,2105649000,None,0,None,1919679000,None,None,2622796000,None,435576000,1494869000,None,None,None,0.277,,2214865000,2259204000,1260733000,1703195000,None,1305080000,None,,,,,3.483,22.83,4.633,,,,,,,,0.191,,2132013000,2025-10-24,quarterly,2.81,USD,pre-market,127871000,11192418000,0.164,0.917,0.023,54.25,2214865000,4073128000,1450332000,435576000,250.7,248.19,4.0741,18526175000,7557079000,4062155000,8104151000,10969096000,4041996000,12921792000,10408487000,24.51,-2291851000,273.07,212.05
2025-12-28,ITW,10.3,15883000000.0,24.51,-4125959000,1.151,11.06,,None,1084470000,1084470000,,,,,,,,,5408000,502700000,None,8433023999,8433023999,866654000,None,None,2981230000,None,None,368375000,,6.11,0.0243,,,,-0.281,0.11,2268567000,2636942000,2.7,2011-03-31,22.03,5155644000,6977000000.0,4488768000,2181569000,686700000,2079830000,2079830000,None,0,None,1824081000,None,None,2597310000,None,430978000,1494869000,None,None,None,0.277,,2214865000,2259204000,706642000,1565633000,None,1303265000,None,,,,,3.483,22.83,4.633,,,,,,,,0.191,,2122296000,2025-10-24,quarterly,2.81,USD,pre-market,127871000,10861069000,0.164,0.917,0.023,54.25,2214865000,3348083000,750773000,430978000,250.7,248.19,4.0741,17641206000,6596423000,3249556000,7261904000,11044783000,4012348000,12921792000,10366874000,24.51,-1740858000,273.07,212.05
2025-12-28,ITW,10.3,15883000000.0,24.51,-3937555000,1.151,11.06,,None,1190038000,1190038000,,,,,,,,,5385000,499898000,None,8433023999,8433023999,754117000,None,None,2678084000,None,None,368375000,,6.11,0.0243,,,,-0.281,0.11,2268567000,2636942000,2.7,2010-12-31,22.03,4879312000,6977000000.0,4488768000,2181569000,686700000,1694631000,1694631000,None,0,None,1547447000,None,None,2511959000,None,441606000,1494869000,None,None,None,0.277,,2214865000,2259204000,552832000,1562632000,None,1076541000,None,,,,,3.483,22.83,4.633,,,,,,,,0.191,,2023045000,2025-10-24,quarterly,2.81,USD,pre-market,127871000,10399224000,0.164,0.917,0.023,54.25,2214865000,2829746000,317787000,0,250.7,248.19,4.0741,16250273000,5968401000,3093592000,6869027000,10281872000,3775435000,12921792000,9370276000,24.51,-1740682000,273.07,212.05
2025-12-28,ITW,10.3,15883000000.0,24.51,-3849110000,1.151,11.06,,None,1649101000,1649101000,,,,,,,,,5367000,503149000,None,8433023999,8433023999,722923000,None,None,2627696000,None,None,368375000,,6.11,0.0243,,,,-0.281,0.11,2268567000,2636942000,2.7,2010-09-30,22.03,4729679000,6977000000.0,4488768000,2181569000,686700000,1669529000,1669529000,None,0,None,1544728000,None,None,2737374000,None,437967000,1494869000,None,None,None,0.277,,2214865000,2259204000,513315000,1561055000,None,1271918000,None,,,,,3.483,22.83,4.633,,,,,,,,0.191,,1952567000,2025-10-24,quarterly,2.81,USD,pre-market,127871000,10175663000,0.164,0.917,0.023,54.25,2214865000,3382257000,644883000,445156000,250.7,248.19,4.0741,16303724000,6334840000,3221341000,7412962000,9968884000,4191621000,12921792000,8880430000,24.51,-1740682000,273.07,212.05
2025-12-28,ITW,10.3,15883000000.0,24.51,-3759958000,1.151,11.06,,None,1265237000,1265237000,,,,,,,,,5362000,506297000,None,8433023999,8433023999,731714000,None,None,2582663000,None,None,368375000,,6.11,0.0243,,,,-0.281,0.11,2268567000,2636942000,2.7,2010-06-30,22.03,4672253000,6977000000.0,4488768000,2181569000,686700000,1712933000,1712933000,None,0,None,1458179000,None,None,2724342000,None,445156000,1494869000,None,None,None,0.277,,2214865000,2259204000,460391000,1429125000,None,1259519000,None,,,,,3.483,22.83,4.633,,,,,,,,0.191,,1943878000,2025-10-24,quarterly,2.81,USD,pre-market,127871000,9925004000,0.164,0.917,0.023,54.25,2214865000,3030259000,305917000,445156000,250.7,248.19,4.0741,15671959000,5766470000,2776560000,6940095000,9905489000,4163535000,12921792000,8722064000,24.51,-1390594000,273.07,212.05
2025-12-28,ITW,10.3,15883000000.0,24.51,-3843118000,1.151,11.06,,None,1417566000,1417566000,,,,,,,,,5352000,505014000,None,8433023999,8433023999,696293000,None,None,2450438000,None,None,368375000,,6.11,0.0243,,,,-0.281,0.11,2268567000,2636942000,2.7,2010-03-31,22.03,4742039000,6977000000.0,4488768000,2181569000,686700000,1677346000,1677346000,None,0,None,1413084000,None,None,2807180000,None,445707000,1494869000,None,None,None,0.277,,2214865000,2259204000,511263000,1438417000,None,1288772000,None,,,,,3.483,22.83,4.633,,,,,,,,0.191,,2035503000,2025-10-24,quarterly,2.81,USD,pre-market,127871000,9660300000,0.164,0.917,0.023,54.25,2214865000,3131566000,324386000,0,250.7,248.19,4.0741,15866558000,5792351000,2840577000,7123585000,10074207000,4283008000,12921792000,8733238000,24.51,-1390594000,273.07,212.05
2025-12-28,ITW,10.3,15883000000.0,24.51,-3920003000,1.151,11.06,,None,1318772000,1318772000,,,,,,,,,5350000,502424000,None,8433023999,8433023999,689572000,None,None,2491492000,None,None,368375000,,6.11,0.0243,,,,-0.281,0.11,2268567000,2636942000,2.7,2009-12-31,22.03,4860732000,6977000000.0,4488768000,2181569000,686700000,1723417000,1723417000,None,0,None,1356233000,None,None,2914874000,None,451293000,1494869000,None,None,None,0.277,,2214865000,2259204000,508098000,1515118000,None,1305919000,None,,,,,3.483,22.83,4.633,,,,,,,,0.191,,2136527000,2025-10-24,quarterly,2.81,USD,pre-market,127871000,9521740000,0.164,0.917,0.023,54.25,2214865000,3128555000,213681000,0,250.7,248.19,4.0741,16081984000,5674595000,2835638000,7264108000,10407389000,4428470000,12921792000,8808207000,24.51,-1390594000,273.07,212.05
2025-12-28,ITW,10.3,15883000000.0,24.51,-3841372000,1.151,11.06,,None,942856000,942856000,,,,,,,,,5336000,502187000,None,8433023999,8433023999,626314000,None,None,2410667000,None,None,368375000,,6.11,0.0243,,,,-0.281,0.11,2268567000,2636942000,2.7,2009-09-30,22.03,4721777000,6977000000.0,4488768000,2181569000,686700000,1652292000,1652292000,None,0,None,1361201000,None,None,2869377000,None,456450000,1494869000,None,None,None,0.277,,2214865000,2259204000,570367000,1547106000,None,1234447000,None,,,,,3.483,22.83,4.633,,,,,,,,0.191,,2107103000,2025-10-24,quarterly,2.81,USD,pre-market,127871000,9170064000,0.164,0.917,0.023,54.25,2214865000,2936837000,67460000,0,250.7,248.19,4.0741,14884216000,5285091000,2466631000,6641923000,9599125000,4175292000,12921792000,8233536000,24.51,-1390594000,273.07,212.05
2025-12-28,ITW,10.3,15883000000.0,24.51,3793006000,1.151,11.06,,None,616403000,616403000,,,,,,,,,5323000,500875000,None,8433023999,8433023999,575001000,None,None,2393176000,None,None,368375000,,6.11,0.0243,,,,-0.281,0.11,2268567000,2636942000,2.7,2009-06-30,22.03,4677193000,6977000000.0,4488768000,2181569000,686700000,1696585000,1696585000,None,0,None,1438637000,None,None,2855812000,None,450889000,1494869000,None,None,None,0.277,,2214865000,2259204000,683778000,1486461000,None,1372380000,None,,,,,3.483,22.83,4.633,,,,,,,,0.191,,2137982000,2025-10-24,quarterly,2.81,USD,pre-market,127871000,9022927000,0.164,0.917,0.023,54.25,2214865000,3036323000,180511000,0,250.7,248.19,4.0741,14741675000,5131994000,2448192000,6815551000,9609681000,4367359000,12921792000,7914133000,24.51,1390594000,273.07,212.05
2025-12-28,ITW,10.3,15883000000.0,24.51,None,1.151,11.06,,None,1121099000,1121099000,,,,,,,,,5320000,499189000,None,8433023999,8433023999,495438000,None,None,2076013000,None,None,368375000,,6.11,0.0243,,,,-0.281,0.11,2268567000,2636942000,2.7,2009-03-31,22.03,4397889000,6977000000.0,4488768000,2181569000,686700000,1702484000,1702484000,None,0,None,1470946000,None,None,2740221000,None,None,1494869000,None,None,None,0.277,,2214865000,2259204000,1017661000,1435245000,None,None,None,,,,,3.483,22.83,4.633,,,,,,,,0.191,,1926404000,2025-10-24,quarterly,2.81,USD,pre-market,127871000,9001254000,0.164,0.917,0.023,54.25,2214865000,3871026000,1130805000,None,250.7,248.19,4.0741,14758007000,5685719000,3235025000,7384340000,9072288000,4149315000,12921792000,7373667000,24.51,-1390594000,273.07,212.05
2025-12-28,ITW,10.3,15883000000.0,24.51,None,1.151,11.06,,None,742950000,742950000,,,,,,,,,5318000,499189000,None,8433023999,8433023999,683991000,None,None,2571987000,None,None,368375000,,6.11,0.0243,,,,-0.281,0.11,2268567000,2636942000,2.7,2008-12-31,22.03,4504285000,6977000000.0,4488768000,2181569000,686700000,1773970000,1773970000,None,0,None,1673175000,None,None,1243693000,None,None,1494869000,None,None,None,0.277,,2214865000,2259204000,664345000,1275152000,None,None,None,,,,,3.483,22.83,4.633,,,,,,,,0.191,,1968636000,2025-10-24,quarterly,2.81,USD,pre-market,127871000,9196465000,0.164,0.917,0.023,54.25,2214865000,3677175000,2433482000,None,250.7,248.19,4.0741,15213083000,5923718000,4875581000,7549608000,9289365000,2674027000,12921792000,7663475000,24.51,-1390594000,273.07,212.05
2025-12-28,ITW,10.3,15883000000.0,24.51,None,1.151,11.06,,None,867618000,867618000,,,,,,,,,5314000,521086000,None,8433023999,8433023999,845634000,None,None,2981707000,None,None,368375000,,6.11,0.0243,,,,-0.281,0.11,2268567000,2636942000,2.7,2008-09-30,22.03,4782752000,6977000000.0,4488768000,2181569000,686700000,1689705000,1689705000,None,0,None,1835525000,None,None,1398165000,None,None,1494869000,None,None,None,0.277,,2214865000,2259204000,1294109000,1760270000,None,None,None,,,,,3.483,22.83,4.633,,,,,,,,0.191,,2120769000,2025-10-24,quarterly,2.81,USD,pre-market,127871000,9117416000,0.164,0.917,0.023,54.25,2214865000,3595275000,2197110000,None,250.7,248.19,4.0741,17019591000,6978959000,5014238000,7923671000,10040632000,2909433000,12921792000,9095920000,24.51,-991583000,273.07,212.05
2025-12-28,ITW,10.3,15883000000.0,24.51,None,1.151,11.06,,None,640174000,640174000,,,,,,,,,5311000,525209000,None,8433023999,8433023999,921223000,None,None,3302285000,None,None,368375000,,6.11,0.0243,,,,-0.281,0.11,2268567000,2636942000,2.7,2008-06-30,22.03,4753450000,6977000000.0,4488768000,2181569000,686700000,1526430000,1526430000,None,0,None,1845621000,None,None,1462435000,None,None,1494869000,None,None,None,0.277,,2214865000,2259204000,762162000,1593696000,None,None,None,,,,,3.483,22.83,4.633,,,,,,,,0.191,,2285049000,2025-10-24,quarterly,2.81,USD,pre-market,127871000,8822359000,0.164,0.917,0.023,54.25,2214865000,2928362000,1465927000,None,250.7,248.19,4.0741,16589955000,6550242000,4175209000,7090796000,10039713000,2915587000,12921792000,9499159000,24.51,-585574000,273.07,212.05
2025-12-28,ITW,10.3,15883000000.0,24.51,None,1.151,11.06,,None,927441000,927441000,,,,,,,,,5307000,529725000,None,8433023999,8433023999,873604000,None,None,3014391000,None,None,368375000,,6.11,0.0243,,,,-0.281,0.11,2268567000,2636942000,2.7,2008-03-31,22.03,4476496000,6977000000.0,4488768000,2181569000,686700000,1363040000,1363040000,None,0,None,1766019000,None,None,1435464000,None,None,1494869000,None,None,None,0.277,,2214865000,2259204000,720866000,1497470000,None,None,None,,,,,3.483,22.83,4.633,,,,,,,,0.191,,2247641000,2025-10-24,quarterly,2.81,USD,pre-market,127871000,8439692000,0.164,0.917,0.023,54.25,2214865000,2775457000,1339993000,None,250.7,248.19,4.0741,15984943000,6428717000,3923200000,6736971000,9556226000,2813771000,12921792000,9247972000,24.51,-385574000,273.07,212.05
2025-12-28,ITW,10.3,15883000000.0,24.51,None,1.151,11.06,,None,827524000,827524000,,,,,,,,,5625000,526299000,None,8433023999,8433023999,854148000,None,None,2915546000,None,None,368375000,,6.11,0.0243,,,,-0.281,0.11,2268567000,2636942000,2.7,2007-12-31,22.03,4387165000,6977000000.0,4488768000,2181569000,686700000,1296176000,1296176000,None,0,None,1625820000,None,None,1888839000,None,None,1494869000,None,None,None,0.277,,2214865000,2259204000,796765000,1475213000,None,None,None,,,,,3.483,22.83,4.633,,,,,,,,0.191,,2194010000,2025-10-24,quarterly,2.81,USD,pre-market,127871000,9879065000,0.164,0.917,0.023,54.25,2214865000,2299351000,410512000,None,250.7,248.19,4.0741,15525862000,6165655000,2960285000,6174537000,9360207000,3214252000,12921792000,9351325000,24.51,-1757761000,273.07,212.05
2025-12-28,ITW,10.3,15883000000.0,24.51,None,1.151,11.06,,None,602104000,602104000,,,,,,,,,5620000,554255000,None,8433023999,8433023999,779068000,None,None,2842414000,None,None,368375000,,6.11,0.0243,,,,-0.281,0.11,2268567000,2636942000,2.7,2007-09-30,22.03,4326929000,6977000000.0,4488768000,2181569000,686700000,1267465000,1267465000,None,0,None,1607759000,None,None,1573074000,None,None,1494869000,None,None,None,0.277,,2214865000,2259204000,650137000,1400443000,None,None,None,,,,,3.483,22.83,4.633,,,,,,,,0.191,,2120571000,2025-10-24,quarterly,2.81,USD,pre-market,127871000,9556758000,0.164,0.917,0.023,54.25,2214865000,1674541000,101467000,None,250.7,248.19,4.0741,14882186000,5702414000,2406016000,5495701000,9179772000,3089685000,12921792000,9386485000,24.51,-958911000,273.07,212.05
2025-12-28,ITW,10.3,15883000000.0,24.51,None,1.151,11.06,,None,481508000,481508000,,,,,,,,,5612000,561244000,None,8433023999,8433023999,805983000,None,None,2882698000,None,None,368375000,,6.11,0.0243,,,,-0.281,0.11,2268567000,2636942000,2.7,2007-06-30,22.03,4183793000,6977000000.0,4488768000,2181569000,686700000,1225320000,1225320000,None,0,None,1612380000,None,None,956578000,None,None,1494869000,None,None,None,0.277,,2214865000,2259204000,677697000,1308402000,None,None,None,,,,,3.483,22.83,4.633,,,,,,,,0.191,,2116828000,2025-10-24,quarterly,2.81,USD,pre-market,127871000,9217978000,0.164,0.917,0.023,54.25,2214865000,1484674000,528096000,None,250.7,248.19,4.0741,14636400000,5654283000,2820152000,5247944000,8982117000,2427792000,12921792000,9388456000,24.51,-479873000,273.07,212.05
2025-12-28,ITW,10.3,15883000000.0,24.51,None,1.151,11.06,,None,574575000,574575000,,,,,,,,,5604000,563280000,None,8433023999,8433023999,801146000,None,None,2681515000,None,None,368375000,,6.11,0.0243,,,,-0.281,0.11,2268567000,2636942000,2.7,2007-03-31,22.03,4103324000,6977000000.0,4488768000,2181569000,686700000,1180230000,1180230000,None,0,None,1601705000,None,None,956290000,None,None,1494869000,None,None,None,0.277,,2214865000,2259204000,646668000,1239897000,None,None,None,,,,,3.483,22.83,4.633,,,,,,,,0.191,,2070509000,2025-10-24,quarterly,2.81,USD,pre-market,127871000,8828246000,0.164,0.917,0.023,54.25,2214865000,1533431000,577141000,None,250.7,248.19,4.0741,14373607000,5504463000,2756634000,5216842000,8869144000,2460208000,12921792000,9156765000,24.51,-179873000,273.07,212.05
2025-12-28,ITW,10.3,15883000000.0,24.51,None,1.151,11.06,,None,590207000,590207000,,,,,,,,,6309000,559001000,None,8433023999,8433023999,707656000,None,None,2471273000,None,None,368375000,,6.11,0.0243,,,,-0.281,0.11,2268567000,2636942000,2.7,2006-12-31,22.03,4025053000,6977000000.0,4488768000,2181569000,686700000,1113634000,1113634000,None,0,None,1482508000,None,None,955610000,None,None,1494869000,None,None,None,0.277,,2214865000,2259204000,662417000,1293171000,None,None,None,,,,,3.483,22.83,4.633,,,,,,,,0.191,,2053457000,2025-10-24,quarterly,2.81,USD,pre-market,127871000,10406511000,0.164,0.917,0.023,54.25,2214865000,1418331000,462721000,None,250.7,248.19,4.0741,13880439000,5206405000,2636584000,4862931000,8674034000,2226347000,12921792000,9017508000,24.51,-3220538000,273.07,212.05
2025-12-28,ITW,10.3,15883000000.0,24.51,None,1.151,11.06,,None,617912000,617912000,,,,,,,,,6304000,570929000,None,8433023999,8433023999,649468000,None,None,2369654000,None,None,368375000,,6.11,0.0243,,,,-0.281,0.11,2268567000,2636942000,2.7,2006-09-30,22.03,3406848000,6977000000.0,4488768000,2181569000,686700000,904314000,904314000,None,0,None,1444560000,None,None,964302000,None,None,1494869000,None,None,None,0.277,,2214865000,2259204000,659625000,1195036000,None,None,None,,,,,3.483,22.83,4.633,,,,,,,,0.191,,1979140000,2025-10-24,quarterly,2.81,USD,pre-market,127871000,10084576000,0.164,0.917,0.023,54.25,2214865000,1488928000,524626000,None,250.7,248.19,4.0741,13250469000,5091751000,2443667000,4539281000,8158718000,2095614000,12921792000,8711188000,24.51,-2821648000,273.07,212.05
2025-12-28,ITW,10.3,15883000000.0,24.51,None,1.151,11.06,,None,459186000,459186000,,,,,,,,,6303000,571954000,None,8433023999,8433023999,669363000,None,None,2374172000,None,None,368375000,,6.11,0.0243,,,,-0.281,0.11,2268567000,2636942000,2.7,2006-06-30,22.03,3224025000,6977000000.0,4488768000,2181569000,686700000,773530000,773530000,None,0,None,1370047000,None,None,960145000,None,None,1494869000,None,None,None,0.277,,2214865000,2259204000,612853000,1119140000,None,None,None,,,,,3.483,22.83,4.633,,,,,,,,0.191,,1916032000,2025-10-24,quarterly,2.81,USD,pre-market,127871000,9757485000,0.164,0.917,0.023,54.25,2214865000,1051858000,91713000,None,250.7,248.19,4.0741,12543986000,4816258000,1972128000,3950069000,7727728000,1977941000,12921792000,8593917000,24.51,-2773176000,273.07,212.05
2025-12-28,ITW,10.3,15883000000.0,24.51,None,1.151,11.06,,None,454470000,454470000,,,,,,,,,3147000,567914000,None,8433023999,8433023999,592162000,None,None,2191698000,None,None,368375000,,6.11,0.0243,,,,-0.281,0.11,2268567000,2636942000,2.7,2006-03-31,22.03,3196492000,6977000000.0,4488768000,2181569000,686700000,759549000,759549000,None,0,None,1279108000,None,None,959977000,None,None,1494869000,None,None,None,0.277,,2214865000,2259204000,426824000,1029691000,None,None,None,,,,,3.483,22.83,4.633,,,,,,,,0.191,,1843207000,2025-10-24,quarterly,2.81,USD,pre-market,127871000,9385295000,0.164,0.917,0.023,54.25,2214865000,1190734000,230757000,None,250.7,248.19,4.0741,11950522000,4352100000,1945899000,3885350000,7598422000,1939451000,12921792000,8065172000,24.51,-2773176000,273.07,212.05
2025-12-28,ITW,10.3,15883000000.0,24.51,None,1.151,11.06,,None,370417000,370417000,,,,,,,,,3120000,563874000,None,8433023999,8433023999,560078000,None,None,2098276000,None,None,368375000,,6.11,0.0243,,,,-0.281,0.11,2268567000,2636942000,2.7,2005-12-31,22.03,3009011000,6977000000.0,4488768000,2181569000,686700000,669927000,669927000,None,0,None,1203063000,None,None,958321000,None,None,1494869000,None,None,None,0.277,,2214865000,2259204000,439849000,1187754000,None,None,None,,,,,3.483,22.83,4.633,,,,,,,,0.191,,1807109000,2025-10-24,quarterly,2.81,USD,pre-market,127871000,9112328000,0.164,0.917,0.023,54.25,2214865000,1211220000,252899000,None,250.7,248.19,4.0741,11445643000,4111605000,2000731000,3898748000,7334038000,1898017000,12921792000,7546895000,24.51,-2773176000,273.07,212.05
2025-12-28,ITW,10.3,15883000000.0,24.51,None,1.151,11.06,,None,351345000,351345000,,,,,,,,,3117000,583110000,None,8433023999,8433023999,543897000,None,None,2168592000,None,None,368375000,,6.11,0.0243,,,,-0.281,0.11,2268567000,2636942000,2.7,2005-09-30,22.03,2877750000,6977000000.0,4488768000,2181569000,686700000,3377213000,3377213000,None,0,None,1229667000,None,None,965535000,None,None,1494869000,None,None,None,0.277,,2214865000,2259204000,303221000,1067384000,None,None,None,,,,,3.483,22.83,4.633,,,,,,,,0.191,,1825459000,2025-10-24,quarterly,2.81,USD,pre-market,127871000,8804369000,0.164,0.917,0.023,54.25,2214865000,1344144000,378609000,None,250.7,248.19,4.0741,11235207000,4052825000,2020401000,3954081000,7182382000,1933680000,12921792000,7281126000,24.51,-2773176000,273.07,212.05
2025-12-28,ITW,10.3,15883000000.0,24.51,None,1.151,11.06,,215000000,948000000,948000000,,,,,,,,,6000000,297800000,None,8433023999,8433023999,519000000,None,1555000000,3096000000,None,None,368375000,,6.11,0.0243,,,,-0.281,0.11,2268567000,2636942000,2.7,2024-12-31,22.03,4839000000,6977000000.0,4488768000,2181569000,686700000,592000000,592000000,None,0,None,1605000000,None,None,6308000000,None,None,1494869000,None,None,None,0.277,,2214865000,2259204000,207000000,1600000000,None,633000000,None,,,,,3.483,22.83,4.633,,,,,,,,0.191,,2302000000,2025-10-24,annual,2.81,USD,pre-market,127871000,28893000000,0.164,0.917,0.023,54.25,2214865000,8078000000,1612000000,None,250.7,248.19,4.0741,15067000000,5856000000,4308000000,11750000000,9211000000,7442000000,12921792000,3316000000,24.51,None,273.07,212.05
2025-12-28,ITW,10.3,15883000000.0,24.51,None,1.151,11.06,,206000000,1065000000,1065000000,,,,,,,,,6000000,303600000,None,8433023999,8433023999,581000000,None,1825000000,3251000000,None,None,368375000,,6.11,0.0243,,,,-0.281,0.11,2268567000,2636942000,2.7,2023-12-31,22.03,4909000000,6977000000.0,4488768000,2181569000,686700000,657000000,657000000,None,0,None,1707000000,None,None,6339000000,None,None,1494869000,None,None,None,0.277,,2214865000,2259204000,212000000,1629000000,None,554000000,None,,,,,3.483,22.83,4.633,,,,,,,,0.191,,2224000000,2025-10-24,annual,2.81,USD,pre-market,127871000,27122000000,0.164,0.917,0.023,54.25,2214865000,8370000000,1883000000,None,250.7,248.19,4.0741,15518000000,6235000000,4675000000,12505000000,9283000000,7830000000,12921792000,3012000000,24.51,None,273.07,212.05
2025-12-28,ITW,10.3,15883000000.0,24.51,None,1.151,11.06,,186000000,708000000,708000000,,,,,,,,,6000000,310700000,None,8433023999,8433023999,594000000,None,1590000000,3273000000,None,None,368375000,,6.11,0.0243,,,,-0.281,0.11,2268567000,2636942000,2.7,2022-12-31,22.03,4864000000,6977000000.0,4488768000,2181569000,686700000,768000000,768000000,None,0,None,2054000000,None,None,6173000000,None,None,1494869000,None,None,None,0.277,,2214865000,2259204000,235000000,1647000000,None,943000000,None,,,,,3.483,22.83,4.633,,,,,,,,0.191,,1848000000,2025-10-24,annual,2.81,USD,pre-market,127871000,25799000000,0.164,0.917,0.023,54.25,2214865000,7949000000,1645000000,None,250.7,248.19,4.0741,15422000000,6270000000,4460000000,12333000000,9152000000,7873000000,12921792000,3088000000,24.51,None,273.07,212.05
2025-12-28,ITW,10.3,15883000000.0,24.51,None,1.151,11.06,,194000000,1527000000,1527000000,,,,,,,,,6000000,316400000,None,8433023999,8433023999,585000000,None,778000000,2942000000,None,None,368375000,,6.11,0.0243,,,,-0.281,0.11,2268567000,2636942000,2.7,2021-12-31,22.03,4965000000,6977000000.0,4488768000,2181569000,686700000,972000000,972000000,None,0,None,1694000000,None,None,6909000000,None,None,1494869000,None,None,None,0.277,,2214865000,2259204000,211000000,1575000000,None,1053000000,None,,,,,3.483,22.83,4.633,,,,,,,,0.191,,1809000000,2025-10-24,annual,2.81,USD,pre-market,127871000,24325000000,0.164,0.917,0.023,54.25,2214865000,7881000000,839000000,None,250.7,248.19,4.0741,16077000000,6374000000,3470000000,12451000000,9703000000,8981000000,12921792000,3625000000,24.51,-20636000000,273.07,212.05
2025-12-28,ITW,10.3,15883000000.0,24.51,None,1.151,11.06,,188000000,2564000000,2564000000,,,,,,,,,6000000,318300000,None,8433023999,8433023999,534000000,None,350000000,2621000000,None,None,368375000,,6.11,0.0243,,,,-0.281,0.11,2268567000,2636942000,2.7,2020-12-31,22.03,4690000000,6977000000.0,4488768000,2181569000,686700000,781000000,781000000,None,0,None,1189000000,None,None,7772000000,None,None,1494869000,None,None,None,0.277,,2214865000,2259204000,149000000,1368000000,None,1481000000,None,,,,,3.483,22.83,4.633,,,,,,,,0.191,,1777000000,2025-10-24,annual,2.81,USD,pre-market,127871000,23114000000,0.164,0.917,0.023,54.25,2214865000,8310000000,405000000,None,250.7,248.19,4.0741,15612000000,6523000000,2589000000,12430000000,9089000000,9841000000,12921792000,3181000000,24.51,-19659000000,273.07,212.05
2025-12-28,ITW,10.3,15883000000.0,24.51,None,1.151,11.06,,179000000,1981000000,1981000000,,,,,,,,,6000000,325600000,None,8433023999,8433023999,472000000,None,4000000,2611000000,None,None,368375000,,6.11,0.0243,,,,-0.281,0.11,2268567000,2636942000,2.7,2019-12-31,22.03,4492000000,6977000000.0,4488768000,2181569000,686700000,851000000,851000000,None,0,None,1164000000,None,None,7754000000,None,51000000,1494869000,None,None,None,0.277,,2214865000,2259204000,497000000,1391000000,None,1462000000,None,,,,,3.483,22.83,4.633,,,,,,,,0.191,,1729000000,2025-10-24,annual,2.81,USD,pre-market,127871000,22403000000,0.164,0.917,0.023,54.25,2214865000,7937000000,55000000,None,250.7,248.19,4.0741,15068000000,6253000000,2154000000,12038000000,8815000000,9884000000,12921792000,3026000000,24.51,-18982000000,273.07,212.05
2025-12-28,ITW,10.3,15883000000.0,24.51,None,1.151,11.06,,None,1504000000,1504000000,,,,,,,,,6000000,337100000,None,8433023999,8433023999,524000000,None,1351000000,2622000000,None,None,368375000,,6.11,0.0243,,,,-0.281,0.11,2268567000,2636942000,2.7,2018-12-31,22.03,4633000000,6977000000.0,4488768000,2181569000,686700000,1084000000,1084000000,None,0,None,1318000000,None,None,6029000000,None,51000000,1494869000,None,None,None,0.277,,2214865000,2259204000,334000000,1384000000,None,1334000000,None,,,,,3.483,22.83,4.633,,,,,,,,0.191,,1791000000,2025-10-24,annual,2.81,USD,pre-market,127871000,21217000000,0.164,0.917,0.023,54.25,2214865000,7380000000,1351000000,None,250.7,248.19,4.0741,14870000000,5778000000,3542000000,11612000000,9092000000,8070000000,12921792000,3254000000,24.51,-17545000000,273.07,212.05
2025-12-28,ITW,10.3,15883000000.0,24.51,None,1.151,11.06,,None,3094000000,3094000000,,,,,,,,,6000000,346800000,None,8433023999,8433023999,590000000,None,850000000,2628000000,None,None,368375000,,6.11,0.0243,,,,-0.281,0.11,2268567000,2636942000,2.7,2017-12-31,22.03,4752000000,6977000000.0,4488768000,2181569000,686700000,1272000000,1272000000,None,0,None,1220000000,None,None,7478000000,None,53000000,1494869000,None,None,None,0.277,,2214865000,2259204000,336000000,1319000000,None,1496000000,None,,,,,3.483,22.83,4.633,,,,,,,,0.191,,1778000000,2025-10-24,annual,2.81,USD,pre-market,127871000,20210000000,0.164,0.917,0.023,54.25,2214865000,8328000000,850000000,0,250.7,248.19,4.0741,16780000000,7278000000,3053000000,12191000000,9502000000,9138000000,12921792000,4585000000,24.51,-15562000000,273.07,212.05
2025-12-28,ITW,10.3,15883000000.0,24.51,None,1.151,11.06,,None,2472000000,2472000000,,,,,,,,,6000000,357100000,None,8433023999,8433023999,511000000,None,652000000,2357000000,None,None,368375000,,6.11,0.0243,,,,-0.281,0.11,2268567000,2636942000,2.7,2016-12-31,22.03,4558000000,6977000000.0,4488768000,2181569000,686700000,1463000000,1463000000,None,0,None,1076000000,None,None,7177000000,None,73000000,1494869000,None,None,None,0.277,,2214865000,2259204000,218000000,1248000000,None,871000000,None,,,,,3.483,22.83,4.633,,,,,,,,0.191,,1652000000,2025-10-24,annual,2.81,USD,pre-market,127871000,19505000000,0.164,0.917,0.023,54.25,2214865000,7829000000,652000000,0,250.7,248.19,4.0741,15201000000,6123000000,2760000000,10942000000,9078000000,8182000000,12921792000,4254000000,24.51,-14638000000,273.07,212.05
2025-12-28,ITW,10.3,15883000000.0,24.51,None,1.151,11.06,,None,3090000000,3090000000,,,,,,,,,6000000,370100000,None,8433023999,8433023999,449000000,None,1000000,2203000000,None,None,368375000,,6.11,0.0243,,,,-0.281,0.11,2268567000,2636942000,2.7,2015-12-31,22.03,4439000000,6977000000.0,4488768000,2181569000,686700000,1560000000,1560000000,None,0,None,1086000000,None,None,6896000000,None,212000000,1494869000,None,None,None,0.277,,2214865000,2259204000,341000000,1167000000,None,981000000,None,,,,,3.483,22.83,4.633,,,,,,,,0.191,,1577000000,2025-10-24,annual,2.81,USD,pre-market,127871000,18316000000,0.164,0.917,0.023,54.25,2214865000,7422000000,526000000,0,250.7,248.19,4.0741,15729000000,6720000000,2368000000,10501000000,9009000000,8133000000,12921792000,5224000000,24.51,-12729000000,273.07,212.05
2025-12-28,ITW,10.3,15883000000.0,24.51,None,1.151,11.06,,None,3990000000,3990000000,,,,,,,,,6000000,404600000,None,8433023999,8433023999,512000000,None,1000000,2472000000,None,None,368375000,,6.11,0.0243,,,,-0.281,0.11,2268567000,2636942000,2.7,2014-12-31,22.03,4667000000,6977000000.0,4488768000,2181569000,686700000,1799000000,1799000000,None,0,None,1180000000,None,None,5981000000,None,251000000,1494869000,None,None,None,0.277,,2214865000,2259204000,2936000000,1279000000,None,1002000000,None,,,,,3.483,22.83,4.633,,,,,,,,0.191,,1686000000,2025-10-24,annual,2.81,USD,pre-market,127871000,17173000000,0.164,0.917,0.023,54.25,2214865000,7457000000,1476000000,0,250.7,248.19,4.0741,17678000000,8076000000,3533000000,10854000000,9602000000,7321000000,12921792000,6819000000,24.51,-10798000000,273.07,212.05
2025-12-28,ITW,10.3,15883000000.0,24.51,None,1.151,11.06,,None,3618000000,3618000000,,,,,,,,,6000000,449300000,None,8433023999,8433023999,634000000,None,None,2365000000,None,None,368375000,,6.11,0.0243,,,,-0.281,0.11,2268567000,2636942000,2.7,2013-12-31,22.03,4886000000,6977000000.0,4488768000,2181569000,686700000,1999000000,1999000000,None,0,None,1247000000,None,None,2793000000,None,None,1494869000,None,None,None,0.277,,2214865000,2259204000,2586000000,1573000000,None,None,None,,,,,3.483,22.83,4.633,,,,,,,,0.191,,1709000000,2025-10-24,annual,2.81,USD,pre-market,127871000,14943000000,0.164,0.917,0.023,54.25,2214865000,6344000000,3551000000,0,250.7,248.19,4.0741,19966000000,9816000000,6034000000,10257000000,10150000000,4223000000,12921792000,9703000000,24.51,-6676000000,273.07,212.05
2025-12-28,ITW,10.3,15883000000.0,24.51,None,1.151,11.06,,None,2779000000,2779000000,,,,,,,,,5000000,473200000,None,8433023999,8433023999,676000000,None,None,3044000000,None,None,368375000,,6.11,0.0243,,,,-0.281,0.11,2268567000,2636942000,2.7,2012-12-31,22.03,5530000000,6977000000.0,4488768000,2181569000,686700000,2258000000,2258000000,None,0,None,1585000000,None,None,4589000000,None,146000000,1494869000,None,None,None,0.277,,2214865000,2259204000,552000000,1157000000,None,1255000000,None,,,,,3.483,22.83,4.633,,,,,,,,0.191,,1994000000,2025-10-24,annual,2.81,USD,pre-market,127871000,13973000000,0.164,0.917,0.023,54.25,2214865000,5048000000,459000000,0,250.7,248.19,4.0741,19309000000,7960000000,2651000000,8739000000,11349000000,6088000000,12921792000,10561000000,24.51,-4722000000,273.07,212.05
2025-12-28,ITW,10.3,15883000000.0,24.51,-4061901000,1.151,11.06,,None,1178000000,1178000000,,,,,,,,,5425000,494600000,None,8433023999,8433023999,696776000,None,None,2996000000,None,None,368375000,,6.11,0.0243,,,,-0.281,0.11,2268567000,2636942000,2.7,2011-12-31,22.03,5197601000,6977000000.0,4488768000,2181569000,686700000,2233378000,2233378000,None,0,None,1716000000,None,None,3488198000,None,408906000,1494869000,None,None,None,0.277,,2214865000,2259204000,959000000,1476707000,None,1367571000,None,,,,,3.483,22.83,4.633,,,,,,,,0.191,,2025396000,2025-10-24,annual,2.81,USD,pre-market,127871000,11794184000,0.164,0.917,0.023,54.25,2214865000,3990261000,502000000,0,250.7,248.19,4.0741,17983514000,6849000000,2976727000,7949450000,11134168000,4972723000,12921792000,10017791000,24.51,-2692196000,273.07,212.05
2025-12-28,ITW,10.3,15883000000.0,24.51,-3937555000,1.151,11.06,,None,1190038000,1190038000,,,,,,,,,5385000,503300000,None,8433023999,8433023999,754117000,None,None,2678084000,None,None,368375000,,6.11,0.0243,,,,-0.281,0.11,2268567000,2636942000,2.7,2010-12-31,22.03,4879312000,6977000000.0,4488768000,2181569000,686700000,1694631000,1694631000,None,0,None,1547447000,None,None,2511959000,None,441606000,1494869000,None,None,None,0.277,,2214865000,2259204000,552832000,1562632000,None,1076541000,None,,,,,3.483,22.83,4.633,,,,,,,,0.191,,2023045000,2025-10-24,annual,2.81,USD,pre-market,127871000,10399224000,0.164,0.917,0.023,54.25,2214865000,2829746000,317787000,0,250.7,248.19,4.0741,16250273000,5968401000,3093592000,6869027000,10281872000,3775435000,12921792000,9370276000,24.51,-1740682000,273.07,212.05
2025-12-28,ITW,10.3,15883000000.0,24.51,-3920003000,1.151,11.06,,None,1318772000,1318772000,,,,,,,,,5350000,501921000,None,8433023999,8433023999,689572000,None,None,2491492000,None,None,368375000,,6.11,0.0243,,,,-0.281,0.11,2268567000,2636942000,2.7,2009-12-31,22.03,4860732000,6977000000.0,4488768000,2181569000,686700000,1723417000,1723417000,None,0,None,1356233000,None,None,2914874000,None,451293000,1494869000,None,None,None,0.277,,2214865000,2259204000,508098000,1515118000,None,1305919000,None,,,,,3.483,22.83,4.633,,,,,,,,0.191,,2136527000,2025-10-24,annual,2.81,USD,pre-market,127871000,9521740000,0.164,0.917,0.023,54.25,2214865000,3128555000,213681000,0,250.7,248.19,4.0741,16081984000,5674595000,2835638000,7264108000,10407389000,4428470000,12921792000,8808207000,24.51,-1390594000,273.07,212.05
2025-12-28,ITW,10.3,15883000000.0,24.51,None,1.151,11.06,,None,742950000,742950000,,,,,,,,,5318000,518609000,None,8433023999,8433023999,683991000,None,None,2612515000,None,None,368375000,,6.11,0.0243,,,,-0.281,0.11,2268567000,2636942000,2.7,2008-12-31,22.03,4504285000,6977000000.0,4488768000,2181569000,686700000,1773970000,1773970000,None,0,None,1673175000,None,None,1243693000,None,None,1494869000,None,None,None,0.277,,2214865000,2259204000,895078000,1491903000,None,None,None,,,,,3.483,22.83,4.633,,,,,,,,0.191,,1968636000,2025-10-24,annual,2.81,USD,pre-market,127871000,9196465000,0.164,0.917,0.023,54.25,2214865000,3677175000,2433482000,None,250.7,248.19,4.0741,15213083000,5923718000,4875581000,7549608000,9289365000,2674027000,12921792000,7663475000,24.51,-1390594000,273.07,212.05
2025-12-28,ITW,10.3,15883000000.0,24.51,None,1.151,11.06,,None,827524000,827524000,,,,,,,,,5625000,556030000,None,8433023999,8433023999,854148000,None,None,3205115000,None,None,368375000,,6.11,0.0243,,,,-0.281,0.11,2268567000,2636942000,2.7,2007-12-31,22.03,4387165000,6977000000.0,4488768000,2181569000,686700000,1296176000,1296176000,None,0,None,1625820000,None,None,1888839000,None,None,1494869000,None,None,None,0.277,,2214865000,2259204000,507196000,1475213000,None,None,None,,,,,3.483,22.83,4.633,,,,,,,,0.191,,2194010000,2025-10-24,annual,2.81,USD,pre-market,127871000,9879065000,0.164,0.917,0.023,54.25,2214865000,2299351000,410512000,None,250.7,248.19,4.0741,15525862000,6165655000,2960285000,6174537000,9360207000,3214252000,12921792000,9351325000,24.51,-1757761000,273.07,212.05
2025-12-28,ITW,10.3,15883000000.0,24.51,None,1.151,11.06,,None,590207000,590207000,,,,,,,,,6309000,570679734,None,8433023999,8433023999,707656000,None,None,2773242000,None,None,368375000,,6.11,0.0243,,,,-0.281,0.11,2268567000,2636942000,2.7,2006-12-31,22.03,4025053000,6977000000.0,4488768000,2181569000,686700000,1113634000,1113634000,None,0,None,1482508000,None,None,955610000,None,None,1494869000,None,None,None,0.277,,2214865000,2259204000,360448000,1293171000,None,None,None,,,,,3.483,22.83,4.633,,,,,,,,0.191,,2053457000,2025-10-24,annual,2.81,USD,pre-market,127871000,10406511000,0.164,0.917,0.023,54.25,2214865000,1418331000,462721000,None,250.7,248.19,4.0741,13880439000,5206405000,2636584000,4862931000,8674034000,2226347000,12921792000,9017508000,24.51,-3220538000,273.07,212.05
2025-12-28,ITW,10.3,15883000000.0,24.51,None,1.151,11.06,,None,370417000,370417000,,,,,,,,,3120000,579020000,None,8433023999,8433023999,560078000,None,None,2098276000,None,None,368375000,,6.11,0.0243,,,,-0.281,0.11,2268567000,2636942000,2.7,2005-12-31,22.03,3009011000,6977000000.0,4488768000,2181569000,686700000,669927000,669927000,None,0,None,1203063000,None,None,958321000,None,None,1494869000,None,None,None,0.277,,2214865000,2259204000,439849000,1187754000,None,None,None,,,,,3.483,22.83,4.633,,,,,,,,0.191,,1807109000,2025-10-24,annual,2.81,USD,pre-market,127871000,9112328000,0.164,0.917,0.023,54.25,2214865000,1211220000,252899000,None,250.7,248.19,4.0741,11445643000,4111605000,2000731000,3898748000,7334038000,1898017000,12921792000,7546895000,24.51,-2773176000,273.07,212.05
2025-12-28,ITW,10.3,15883000000.0,24.51,None,1.151,11.06,117000000,None,370417000,370417000,-775000000,-116000000,None,None,-18000000,None,None,None,3120000,579020000,None,8433023999,8433023999,560078000,None,None,2098276000,None,None,368375000,100000000,6.11,0.0243,438000000,438000000,None,-0.281,0.11,2268567000,2636942000,2.7,2025-09-30,22.03,3009011000,6977000000.0,4488768000,2181569000,686700000,669927000,669927000,None,0,None,1203063000,None,None,958321000,None,None,821000000,None,None,None,0.277,1021000000,2214865000,2259204000,439849000,1187754000,None,None,None,None,None,None,None,3.483,22.83,4.633,None,None,None,None,None,-375000000,None,0.191,None,1807109000,2025-10-24,quarterly,2.81,USD,pre-market,127871000,9112328000,0.164,0.917,0.023,54.25,2214865000,1211220000,252899000,None,250.7,248.19,4.0741,11445643000,4111605000,2000731000,3898748000,7334038000,1898017000,12921792000,7546895000,24.51,-2773176000,273.07,212.05
2025-12-28,ITW,10.3,15883000000.0,24.51,None,1.151,11.06,101000000,None,370417000,370417000,-563000000,-92000000,None,None,7000000,None,None,None,3120000,579020000,None,8433023999,8433023999,560078000,None,None,2098276000,None,None,368375000,99000000,6.11,0.0243,439000000,439000000,None,-0.281,0.11,2268567000,2636942000,2.7,2025-06-30,22.03,3009011000,6977000000.0,4488768000,2181569000,686700000,669927000,669927000,None,0,None,1203063000,None,None,958321000,None,None,755000000,None,None,None,0.277,550000000,2214865000,2259204000,439849000,1187754000,None,None,None,None,None,None,None,3.483,22.83,4.633,None,None,None,None,None,-375000000,None,0.191,None,1807109000,2025-10-24,quarterly,2.81,USD,pre-market,127871000,9112328000,0.164,0.917,0.023,54.25,2214865000,1211220000,252899000,None,250.7,248.19,4.0741,11445643000,4111605000,2000731000,3898748000,7334038000,1898017000,12921792000,7546895000,24.51,-2773176000,273.07,212.05
2025-12-28,ITW,10.3,15883000000.0,24.51,None,1.151,11.06,96000000,None,370417000,370417000,-588000000,-92000000,None,None,-37000000,None,None,None,3120000,579020000,None,8433023999,8433023999,560078000,None,None,2098276000,None,None,368375000,95000000,6.11,0.0243,441000000,441000000,None,-0.281,0.11,2268567000,2636942000,2.7,2025-03-31,22.03,3009011000,6977000000.0,4488768000,2181569000,686700000,669927000,669927000,None,0,None,1203063000,None,None,958321000,None,None,700000000,None,None,None,0.277,592000000,2214865000,2259204000,439849000,1187754000,None,None,None,None,None,None,None,3.483,22.83,4.633,None,None,None,None,None,-375000000,None,0.191,None,1807109000,2025-10-24,quarterly,2.81,USD,pre-market,127871000,9112328000,0.164,0.917,0.023,54.25,2214865000,1211220000,252899000,None,250.7,248.19,4.0741,11445643000,4111605000,2000731000,3898748000,7334038000,1898017000,12921792000,7546895000,24.51,-2773176000,273.07,212.05
2025-12-28,ITW,10.3,15883000000.0,24.51,None,1.151,11.06,118000000,None,370417000,370417000,-943000000,-117000000,None,None,154000000,None,None,None,3120000,579020000,None,8433023999,8433023999,560078000,None,None,2098276000,None,None,368375000,102000000,6.11,0.0243,443000000,443000000,None,-0.281,0.11,2268567000,2636942000,2.7,2024-12-31,22.03,3009011000,6977000000.0,4488768000,2181569000,686700000,669927000,669927000,None,0,None,1203063000,None,None,958321000,None,None,750000000,None,None,None,0.277,1114000000,2214865000,2259204000,439849000,1187754000,None,None,None,None,None,None,None,3.483,22.83,4.633,None,None,None,None,None,-375000000,None,0.191,None,1807109000,2025-10-24,quarterly,2.81,USD,pre-market,127871000,9112328000,0.164,0.917,0.023,54.25,2214865000,1211220000,252899000,None,250.7,248.19,4.0741,11445643000,4111605000,2000731000,3898748000,7334038000,1898017000,12921792000,7546895000,24.51,-2773176000,273.07,212.05
2025-12-28,ITW,10.3,15883000000.0,24.51,None,1.151,11.06,108000000,None,370417000,370417000,-1121000000,294000000,None,None,29000000,None,None,None,3120000,579020000,None,8433023999,8433023999,560078000,None,None,2098276000,None,None,368375000,104000000,6.11,0.0243,415000000,415000000,None,-0.281,0.11,2268567000,2636942000,2.7,2024-09-30,22.03,3009011000,6977000000.0,4488768000,2181569000,686700000,669927000,669927000,None,0,None,1203063000,None,None,958321000,None,None,1160000000,None,None,None,0.277,891000000,2214865000,2259204000,439849000,1187754000,None,None,None,None,None,None,None,3.483,22.83,4.633,None,None,None,None,None,-375000000,None,0.191,None,1807109000,2025-10-24,quarterly,2.81,USD,pre-market,127871000,9112328000,0.164,0.917,0.023,54.25,2214865000,1211220000,252899000,None,250.7,248.19,4.0741,11445643000,4111605000,2000731000,3898748000,7334038000,1898017000,12921792000,7546895000,24.51,-2773176000,273.07,212.05
2025-12-28,ITW,10.3,15883000000.0,24.51,None,1.151,11.06,116000000,None,370417000,370417000,-601000000,-169000000,None,None,5000000,None,None,None,3120000,579020000,None,8433023999,8433023999,560078000,None,None,2098276000,None,None,368375000,99000000,6.11,0.0243,418000000,418000000,None,-0.281,0.11,2268567000,2636942000,2.7,2024-06-30,22.03,3009011000,6977000000.0,4488768000,2181569000,686700000,669927000,669927000,None,0,None,1203063000,None,None,958321000,None,None,759000000,None,None,None,0.277,687000000,2214865000,2259204000,439849000,1187754000,None,None,None,None,None,None,None,3.483,22.83,4.633,None,None,None,None,None,-375000000,None,0.191,None,1807109000,2025-10-24,quarterly,2.81,USD,pre-market,127871000,9112328000,0.164,0.917,0.023,54.25,2214865000,1211220000,252899000,None,250.7,248.19,4.0741,11445643000,4111605000,2000731000,3898748000,7334038000,1898017000,12921792000,7546895000,24.51,-2773176000,273.07,212.05
2025-12-28,ITW,10.3,15883000000.0,24.51,None,1.151,11.06,95000000,None,370417000,370417000,-524000000,-152000000,None,None,-12000000,None,None,None,3120000,579020000,None,8433023999,8433023999,560078000,None,None,2098276000,None,None,368375000,97000000,6.11,0.0243,419000000,419000000,None,-0.281,0.11,2268567000,2636942000,2.7,2024-03-31,22.03,3009011000,6977000000.0,4488768000,2181569000,686700000,669927000,669927000,None,0,None,1203063000,None,None,958321000,None,None,819000000,None,None,None,0.277,589000000,2214865000,2259204000,439849000,1187754000,None,None,None,None,None,None,None,3.483,22.83,4.633,None,None,None,None,None,-375000000,None,0.191,None,1807109000,2025-10-24,quarterly,2.81,USD,pre-market,127871000,9112328000,0.164,0.917,0.023,54.25,2214865000,1211220000,252899000,None,250.7,248.19,4.0741,11445643000,4111605000,2000731000,3898748000,7334038000,1898017000,12921792000,7546895000,24.51,-2773176000,273.07,212.05
2025-12-28,ITW,10.3,15883000000.0,24.51,None,1.151,11.06,131000000,None,370417000,370417000,-877000000,-120000000,None,None,125000000,None,None,None,3120000,579020000,None,8433023999,8433023999,560078000,None,None,2098276000,None,None,368375000,99000000,6.11,0.0243,421000000,421000000,None,-0.281,0.11,2268567000,2636942000,2.7,2023-12-31,22.03,3009011000,6977000000.0,4488768000,2181569000,686700000,669927000,669927000,None,0,None,1203063000,None,None,958321000,None,None,717000000,None,None,None,0.277,1039000000,2214865000,2259204000,439849000,1187754000,None,None,None,None,None,None,None,3.483,22.83,4.633,None,None,None,None,None,-375000000,None,0.191,None,1807109000,2025-10-24,quarterly,2.81,USD,pre-market,127871000,9112328000,0.164,0.917,0.023,54.25,2214865000,1211220000,252899000,None,250.7,248.19,4.0741,11445643000,4111605000,2000731000,3898748000,7334038000,1898017000,12921792000,7546895000,24.51,-2773176000,273.07,212.05
2025-12-28,ITW,10.3,15883000000.0,24.51,None,1.151,11.06,126000000,None,370417000,370417000,-788000000,-283000000,None,None,95000000,None,None,None,3120000,579020000,None,8433023999,8433023999,560078000,None,None,2098276000,None,None,368375000,97000000,6.11,0.0243,396000000,396000000,None,-0.281,0.11,2268567000,2636942000,2.7,2023-09-30,22.03,3009011000,6977000000.0,4488768000,2181569000,686700000,669927000,669927000,None,0,None,1203063000,None,None,958321000,None,None,772000000,None,None,None,0.277,982000000,2214865000,2259204000,439849000,1187754000,None,None,None,None,None,None,None,3.483,22.83,4.633,None,None,None,None,None,-375000000,None,0.191,None,1807109000,2025-10-24,quarterly,2.81,USD,pre-market,127871000,9112328000,0.164,0.917,0.023,54.25,2214865000,1211220000,252899000,None,250.7,248.19,4.0741,11445643000,4111605000,2000731000,3898748000,7334038000,1898017000,12921792000,7546895000,24.51,-2773176000,273.07,212.05
2025-12-28,ITW,10.3,15883000000.0,24.51,None,1.151,11.06,85000000,None,370417000,370417000,-932000000,-69000000,-211000000,None,76000000,None,None,-25000000,3120000,579020000,None,8433023999,8433023999,560078000,None,None,2098276000,None,None,368375000,100000000,6.11,0.0243,398000000,398000000,None,-0.281,0.11,2268567000,2636942000,2.7,2023-06-30,22.03,3009011000,6977000000.0,4488768000,2181569000,686700000,669927000,669927000,None,0,None,1203063000,None,None,958321000,None,None,754000000,None,None,None,0.277,790000000,2214865000,2259204000,439849000,1187754000,None,None,None,None,None,None,None,3.483,22.83,4.633,None,None,None,None,None,-375000000,None,0.191,None,1807109000,2025-10-24,quarterly,2.81,USD,pre-market,127871000,9112328000,0.164,0.917,0.023,54.25,2214865000,1211220000,252899000,None,250.7,248.19,4.0741,11445643000,4111605000,2000731000,3898748000,7334038000,1898017000,12921792000,7546895000,24.51,-2773176000,273.07,212.05
2025-12-28,ITW,10.3,15883000000.0,24.51,None,1.151,11.06,113000000,None,370417000,370417000,-185000000,-111000000,432000000,None,64000000,None,None,-17000000,3120000,579020000,None,8433023999,8433023999,560078000,None,None,2098276000,None,None,368375000,99000000,6.11,0.0243,400000000,400000000,None,-0.281,0.11,2268567000,2636942000,2.7,2023-03-31,22.03,3009011000,6977000000.0,4488768000,2181569000,686700000,669927000,669927000,None,0,None,1203063000,None,None,958321000,None,None,714000000,None,None,None,0.277,728000000,2214865000,2259204000,439849000,1187754000,None,None,None,None,None,None,None,3.483,22.83,4.633,None,None,None,None,None,-375000000,None,0.191,None,1807109000,2025-10-24,quarterly,2.81,USD,pre-market,127871000,9112328000,0.164,0.917,0.023,54.25,2214865000,1211220000,252899000,None,250.7,248.19,4.0741,11445643000,4111605000,2000731000,3898748000,7334038000,1898017000,12921792000,7546895000,24.51,-2773176000,273.07,212.05
2025-12-28,ITW,10.3,15883000000.0,24.51,None,1.151,11.06,156000000,None,370417000,370417000,-1035000000,127000000,-97000000,None,22000000,None,None,-44000000,3120000,579020000,None,8433023999,8433023999,560078000,None,None,2098276000,None,None,368375000,99000000,6.11,0.0243,403000000,403000000,None,-0.281,0.11,2268567000,2636942000,2.7,2022-12-31,22.03,3009011000,6977000000.0,4488768000,2181569000,686700000,669927000,669927000,None,0,None,1203063000,None,None,958321000,None,None,907000000,None,None,None,0.277,811000000,2214865000,2259204000,439849000,1187754000,None,None,None,None,None,None,None,3.483,22.83,4.633,None,None,None,None,None,-500000000,None,0.191,None,1807109000,2025-10-24,quarterly,2.81,USD,pre-market,127871000,9112328000,0.164,0.917,0.023,54.25,2214865000,1211220000,252899000,None,250.7,248.19,4.0741,11445643000,4111605000,2000731000,3898748000,7334038000,1898017000,12921792000,7546895000,24.51,-2773176000,273.07,212.05
2025-12-28,ITW,10.3,15883000000.0,24.51,None,1.151,11.06,101000000,None,370417000,370417000,-681000000,-91000000,-59000000,None,-103000000,None,None,-21000000,3120000,579020000,None,8433023999,8433023999,560078000,None,None,2098276000,None,None,368375000,102000000,6.11,0.0243,377000000,377000000,None,-0.281,0.11,2268567000,2636942000,2.7,2022-09-30,22.03,3009011000,6977000000.0,4488768000,2181569000,686700000,669927000,669927000,None,0,None,1203063000,None,None,958321000,None,None,727000000,None,None,None,0.277,713000000,2214865000,2259204000,439849000,1187754000,None,None,None,None,None,None,None,3.483,22.83,4.633,None,None,None,None,None,-500000000,None,0.191,None,1807109000,2025-10-24,quarterly,2.81,USD,pre-market,127871000,9112328000,0.164,0.917,0.023,54.25,2214865000,1211220000,252899000,None,250.7,248.19,4.0741,11445643000,4111605000,2000731000,3898748000,7334038000,1898017000,12921792000,7546895000,24.51,-2773176000,273.07,212.05
2025-12-28,ITW,10.3,15883000000.0,24.51,None,1.151,11.06,81000000,None,370417000,370417000,-795000000,-73000000,-367000000,None,-167000000,None,None,-95000000,3120000,579020000,None,8433023999,8433023999,560078000,None,None,2098276000,None,None,368375000,103000000,6.11,0.0243,380000000,380000000,None,-0.281,0.11,2268567000,2636942000,2.7,2022-06-30,22.03,3009011000,6977000000.0,4488768000,2181569000,686700000,669927000,669927000,None,0,None,1203063000,None,None,958321000,None,None,738000000,None,None,None,0.277,501000000,2214865000,2259204000,439849000,1187754000,None,None,None,None,None,None,None,3.483,22.83,4.633,None,None,None,None,None,-375000000,None,0.191,None,1807109000,2025-10-24,quarterly,2.81,USD,pre-market,127871000,9112328000,0.164,0.917,0.023,54.25,2214865000,1211220000,252899000,None,250.7,248.19,4.0741,11445643000,4111605000,2000731000,3898748000,7334038000,1898017000,12921792000,7546895000,24.51,-2773176000,273.07,212.05
2025-12-28,ITW,10.3,15883000000.0,24.51,None,1.151,11.06,74000000,None,370417000,370417000,-489000000,-73000000,-239000000,None,-207000000,None,None,-301000000,3120000,579020000,None,8433023999,8433023999,560078000,None,None,2098276000,None,None,368375000,106000000,6.11,0.0243,382000000,382000000,None,-0.281,0.11,2268567000,2636942000,2.7,2022-03-31,22.03,3009011000,6977000000.0,4488768000,2181569000,686700000,669927000,669927000,None,0,None,1203063000,None,None,958321000,None,None,662000000,None,None,None,0.277,323000000,2214865000,2259204000,439849000,1187754000,None,None,None,None,None,None,None,3.483,22.83,4.633,None,None,None,None,None,-375000000,None,0.191,None,1807109000,2025-10-24,quarterly,2.81,USD,pre-market,127871000,9112328000,0.164,0.917,0.023,54.25,2214865000,1211220000,252899000,None,250.7,248.19,4.0741,11445643000,4111605000,2000731000,3898748000,7334038000,1898017000,12921792000,7546895000,24.51,-2773176000,273.07,212.05
2025-12-28,ITW,10.3,15883000000.0,24.51,None,1.151,11.06,79000000,None,370417000,370417000,-417000000,-808000000,-451000000,None,-85000000,None,None,30000000,3120000,579020000,None,8433023999,8433023999,560078000,None,None,2098276000,None,None,368375000,104000000,6.11,0.0243,383000000,383000000,None,-0.281,0.11,2268567000,2636942000,2.7,2021-12-31,22.03,3009011000,6977000000.0,4488768000,2181569000,686700000,669927000,669927000,None,0,None,1203063000,None,None,958321000,None,None,609000000,None,None,None,0.277,774000000,2214865000,2259204000,439849000,1187754000,None,None,None,None,None,None,None,3.483,22.83,4.633,None,None,None,None,None,-250000000,None,0.191,None,1807109000,2025-10-24,quarterly,2.81,USD,pre-market,127871000,9112328000,0.164,0.917,0.023,54.25,2214865000,1211220000,252899000,None,250.7,248.19,4.0741,11445643000,4111605000,2000731000,3898748000,7334038000,1898017000,12921792000,7546895000,24.51,-2773176000,273.07,212.05
2025-12-28,ITW,10.3,15883000000.0,24.51,None,1.151,11.06,71000000,None,370417000,370417000,-608000000,-62000000,-51000000,None,-143000000,None,None,30000000,3120000,579020000,None,8433023999,8433023999,560078000,None,None,2098276000,None,None,368375000,104000000,6.11,0.0243,359000000,359000000,None,-0.281,0.11,2268567000,2636942000,2.7,2021-09-30,22.03,3009011000,6977000000.0,4488768000,2181569000,686700000,669927000,669927000,None,0,None,1203063000,None,None,958321000,None,None,639000000,None,None,None,0.277,619000000,2214865000,2259204000,439849000,1187754000,None,None,None,None,None,None,None,3.483,22.83,4.633,None,None,None,None,None,-250000000,None,0.191,None,1807109000,2025-10-24,quarterly,2.81,USD,pre-market,127871000,9112328000,0.164,0.917,0.023,54.25,2214865000,1211220000,252899000,None,250.7,248.19,4.0741,11445643000,4111605000,2000731000,3898748000,7334038000,1898017000,12921792000,7546895000,24.51,-2773176000,273.07,212.05
2025-12-28,ITW,10.3,15883000000.0,24.51,None,1.151,11.06,78000000,None,370417000,370417000,-945000000,-49000000,-439000000,None,-100000000,None,None,-108000000,3120000,579020000,None,8433023999,8433023999,560078000,None,None,2098276000,None,None,368375000,102000000,6.11,0.0243,360000000,360000000,None,-0.281,0.11,2268567000,2636942000,2.7,2021-06-30,22.03,3009011000,6977000000.0,4488768000,2181569000,686700000,669927000,669927000,None,0,None,1203063000,None,None,958321000,None,None,775000000,None,None,None,0.277,555000000,2214865000,2259204000,439849000,1187754000,None,None,None,None,None,None,None,3.483,22.83,4.633,None,None,None,None,None,-250000000,None,0.191,None,1807109000,2025-10-24,quarterly,2.81,USD,pre-market,127871000,9112328000,0.164,0.917,0.023,54.25,2214865000,1211220000,252899000,None,250.7,248.19,4.0741,11445643000,4111605000,2000731000,3898748000,7334038000,1898017000,12921792000,7546895000,24.51,-2773176000,273.07,212.05
2025-12-28,ITW,10.3,15883000000.0,24.51,None,1.151,11.06,68000000,None,370417000,370417000,-594000000,-65000000,-50000000,None,-122000000,None,None,-192000000,3120000,579020000,None,8433023999,8433023999,560078000,None,None,2098276000,None,None,368375000,100000000,6.11,0.0243,361000000,361000000,None,-0.281,0.11,2268567000,2636942000,2.7,2021-03-31,22.03,3009011000,6977000000.0,4488768000,2181569000,686700000,669927000,669927000,None,0,None,1203063000,None,None,958321000,None,None,671000000,None,None,None,0.277,609000000,2214865000,2259204000,439849000,1187754000,None,None,None,None,None,None,None,3.483,22.83,4.633,None,None,None,None,None,-250000000,None,0.191,None,1807109000,2025-10-24,quarterly,2.81,USD,pre-market,127871000,9112328000,0.164,0.917,0.023,54.25,2214865000,1211220000,252899000,None,250.7,248.19,4.0741,11445643000,4111605000,2000731000,3898748000,7334038000,1898017000,12921792000,7546895000,24.51,-2773176000,273.07,212.05
2025-12-28,ITW,10.3,15883000000.0,24.51,None,1.151,11.06,68000000,None,370417000,370417000,-368000000,-63000000,342000000,None,-7000000,None,None,53000000,3120000,579020000,None,8433023999,8433023999,560078000,None,None,2098276000,None,None,368375000,105000000,6.11,0.0243,360000000,360000000,None,-0.281,0.11,2268567000,2636942000,2.7,2020-12-31,22.03,3009011000,6977000000.0,4488768000,2181569000,686700000,669927000,669927000,None,0,None,1203063000,None,None,958321000,None,None,642000000,None,None,None,0.277,773000000,2214865000,2259204000,439849000,1187754000,None,None,None,None,None,None,None,3.483,22.83,4.633,None,None,None,None,None,706000000,None,0.191,None,1807109000,2025-10-24,quarterly,2.81,USD,pre-market,127871000,9112328000,0.164,0.917,0.023,54.25,2214865000,1211220000,252899000,None,250.7,248.19,4.0741,11445643000,4111605000,2000731000,3898748000,7334038000,1898017000,12921792000,7546895000,24.51,-2773176000,273.07,212.05
2025-12-28,ITW,10.3,15883000000.0,24.51,None,1.151,11.06,52000000,None,370417000,370417000,-306000000,-48000000,329000000,None,64000000,None,None,-260000000,3120000,579020000,None,8433023999,8433023999,560078000,None,None,2098276000,None,None,368375000,118000000,6.11,0.0243,339000000,339000000,None,-0.281,0.11,2268567000,2636942000,2.7,2020-09-30,22.03,3009011000,6977000000.0,4488768000,2181569000,686700000,669927000,669927000,None,0,None,1203063000,None,None,958321000,None,None,582000000,None,None,None,0.277,683000000,2214865000,2259204000,439849000,1187754000,None,None,None,None,None,None,None,3.483,22.83,4.633,None,None,None,None,None,-706000000,None,0.191,None,1807109000,2025-10-24,quarterly,2.81,USD,pre-market,127871000,9112328000,0.164,0.917,0.023,54.25,2214865000,1211220000,252899000,None,250.7,248.19,4.0741,11445643000,4111605000,2000731000,3898748000,7334038000,1898017000,12921792000,7546895000,24.51,-2773176000,273.07,212.05
2025-12-28,ITW,10.3,15883000000.0,24.51,None,1.151,11.06,56000000,None,370417000,370417000,-328000000,-50000000,359000000,None,34000000,None,None,292000000,3120000,579020000,None,8433023999,8433023999,560078000,None,None,2098276000,None,None,368375000,100000000,6.11,0.0243,338000000,338000000,None,-0.281,0.11,2268567000,2636942000,2.7,2020-06-30,22.03,3009011000,6977000000.0,4488768000,2181569000,686700000,669927000,669927000,None,0,None,1203063000,None,None,958321000,None,None,319000000,None,None,None,0.277,737000000,2214865000,2259204000,439849000,1187754000,None,None,None,None,None,None,None,3.483,22.83,4.633,None,None,None,None,None,11000000,None,0.191,None,1807109000,2025-10-24,quarterly,2.81,USD,pre-market,127871000,9112328000,0.164,0.917,0.023,54.25,2214865000,1211220000,252899000,None,250.7,248.19,4.0741,11445643000,4111605000,2000731000,3898748000,7334038000,1898017000,12921792000,7546895000,24.51,-2773176000,273.07,212.05
2025-12-28,ITW,10.3,15883000000.0,24.51,None,1.151,11.06,60000000,None,370417000,370417000,-1047000000,-53000000,-486000000,None,-48000000,None,None,10000000,3120000,579020000,None,8433023999,8433023999,560078000,None,None,2098276000,None,None,368375000,104000000,6.11,0.0243,342000000,342000000,None,-0.281,0.11,2268567000,2636942000,2.7,2020-03-31,22.03,3009011000,6977000000.0,4488768000,2181569000,686700000,669927000,669927000,None,0,None,1203063000,None,None,958321000,None,None,566000000,None,None,None,0.277,614000000,2214865000,2259204000,439849000,1187754000,None,None,None,None,None,None,None,3.483,22.83,4.633,None,None,None,None,None,-706000000,None,0.191,None,1807109000,2025-10-24,quarterly,2.81,USD,pre-market,127871000,9112328000,0.164,0.917,0.023,54.25,2214865000,1211220000,252899000,None,250.7,248.19,4.0741,11445643000,4111605000,2000731000,3898748000,7334038000,1898017000,12921792000,7546895000,24.51,-2773176000,273.07,212.05
2025-12-28,ITW,10.3,15883000000.0,24.51,None,1.151,11.06,82000000,None,370417000,370417000,-685000000,37000000,126000000,None,67000000,None,None,78000000,3120000,579020000,None,8433023999,8433023999,560078000,None,None,2098276000,None,None,368375000,105000000,6.11,0.0243,344000000,344000000,None,-0.281,0.11,2268567000,2636942000,2.7,2019-12-31,22.03,3009011000,6977000000.0,4488768000,2181569000,686700000,669927000,669927000,None,0,None,1203063000,None,None,958321000,None,None,641000000,None,None,None,0.277,774000000,2214865000,2259204000,439849000,1187754000,None,None,None,None,None,None,None,3.483,22.83,4.633,None,None,None,None,None,-375000000,None,0.191,None,1807109000,2025-10-24,quarterly,2.81,USD,pre-market,127871000,9112328000,0.164,0.917,0.023,54.25,2214865000,1211220000,252899000,None,250.7,248.19,4.0741,11445643000,4111605000,2000731000,3898748000,7334038000,1898017000,12921792000,7546895000,24.51,-2773176000,273.07,212.05
2025-12-28,ITW,10.3,15883000000.0,24.51,None,1.151,11.06,90000000,None,370417000,370417000,-671000000,-69000000,180000000,None,20000000,None,None,78000000,3120000,579020000,None,8433023999,8433023999,560078000,None,None,2098276000,None,None,368375000,104000000,6.11,0.0243,323000000,323000000,None,-0.281,0.11,2268567000,2636942000,2.7,2019-09-30,22.03,3009011000,6977000000.0,4488768000,2181569000,686700000,669927000,669927000,None,0,None,1203063000,None,None,958321000,None,None,660000000,None,None,None,0.277,920000000,2214865000,2259204000,439849000,1187754000,None,None,None,None,None,None,None,3.483,22.83,4.633,None,None,None,None,None,-375000000,None,0.191,None,1807109000,2025-10-24,quarterly,2.81,USD,pre-market,127871000,9112328000,0.164,0.917,0.023,54.25,2214865000,1211220000,252899000,None,250.7,248.19,4.0741,11445643000,4111605000,2000731000,3898748000,7334038000,1898017000,12921792000,7546895000,24.51,-2773176000,273.07,212.05
2025-12-28,ITW,10.3,15883000000.0,24.51,None,1.151,11.06,77000000,None,370417000,370417000,-675000000,-79000000,-69000000,None,43000000,None,None,-10000000,3120000,579020000,None,8433023999,8433023999,560078000,None,None,2098276000,None,None,368375000,107000000,6.11,0.0243,326000000,326000000,None,-0.281,0.11,2268567000,2636942000,2.7,2019-06-30,22.03,3009011000,6977000000.0,4488768000,2181569000,686700000,669927000,669927000,None,0,None,1203063000,None,None,958321000,None,None,623000000,None,None,None,0.277,685000000,2214865000,2259204000,439849000,1187754000,None,None,None,None,None,None,None,3.483,22.83,4.633,None,None,None,None,None,-375000000,None,0.191,None,1807109000,2025-10-24,quarterly,2.81,USD,pre-market,127871000,9112328000,0.164,0.917,0.023,54.25,2214865000,1211220000,252899000,None,250.7,248.19,4.0741,11445643000,4111605000,2000731000,3898748000,7334038000,1898017000,12921792000,7546895000,24.51,-2773176000,273.07,212.05
2025-12-28,ITW,10.3,15883000000.0,24.51,None,1.151,11.06,77000000,None,370417000,370417000,-295000000,-72000000,249000000,None,-32000000,None,None,-106000000,3120000,579020000,None,8433023999,8433023999,560078000,None,None,2098276000,None,None,368375000,110000000,6.11,0.0243,328000000,328000000,None,-0.281,0.11,2268567000,2636942000,2.7,2019-03-31,22.03,3009011000,6977000000.0,4488768000,2181569000,686700000,669927000,669927000,None,0,None,1203063000,None,None,958321000,None,None,597000000,None,None,None,0.277,616000000,2214865000,2259204000,439849000,1187754000,None,None,None,None,None,None,None,3.483,22.83,4.633,None,None,None,None,None,-375000000,None,0.191,None,1807109000,2025-10-24,quarterly,2.81,USD,pre-market,127871000,9112328000,0.164,0.917,0.023,54.25,2214865000,1211220000,252899000,None,250.7,248.19,4.0741,11445643000,4111605000,2000731000,3898748000,7334038000,1898017000,12921792000,7546895000,24.51,-2773176000,273.07,212.05
2025-12-28,ITW,10.3,15883000000.0,24.51,None,1.151,11.06,82000000,None,370417000,370417000,-821000000,-67000000,-85000000,-6000000,14000000,None,None,142000000,3120000,579020000,None,8433023999,8433023999,560078000,None,None,2098276000,None,None,368375000,115000000,6.11,0.0243,332000000,332000000,None,-0.281,0.11,2268567000,2636942000,2.7,2018-12-31,22.03,3009011000,6977000000.0,4488768000,2181569000,686700000,669927000,669927000,None,0,None,1203063000,None,None,958321000,None,None,607000000,None,None,None,0.277,809000000,2214865000,2259204000,439849000,1187754000,None,None,None,None,None,None,None,3.483,22.83,4.633,None,None,None,None,None,-500000000,None,0.191,None,1807109000,2025-10-24,quarterly,2.81,USD,pre-market,127871000,9112328000,0.164,0.917,0.023,54.25,2214865000,1211220000,252899000,None,250.7,248.19,4.0741,11445643000,4111605000,2000731000,3898748000,7334038000,1898017000,12921792000,7546895000,24.51,-2773176000,273.07,212.05
2025-12-28,ITW,10.3,15883000000.0,24.51,None,1.151,11.06,101000000,None,370417000,370417000,-761000000,-93000000,-39000000,-29000000,-27000000,None,None,86000000,3120000,579020000,None,8433023999,8433023999,560078000,None,None,2098276000,None,None,368375000,115000000,6.11,0.0243,262000000,262000000,None,-0.281,0.11,2268567000,2636942000,2.7,2018-09-30,22.03,3009011000,6977000000.0,4488768000,2181569000,686700000,669927000,669927000,None,0,None,1203063000,None,None,958321000,None,None,638000000,None,None,None,0.277,844000000,2214865000,2259204000,439849000,1187754000,None,None,None,None,None,None,None,3.483,22.83,4.633,None,None,None,None,None,-500000000,None,0.191,None,1807109000,2025-10-24,quarterly,2.81,USD,pre-market,127871000,9112328000,0.164,0.917,0.023,54.25,2214865000,1211220000,252899000,None,250.7,248.19,4.0741,11445643000,4111605000,2000731000,3898748000,7334038000,1898017000,12921792000,7546895000,24.51,-2773176000,273.07,212.05
2025-12-28,ITW,10.3,15883000000.0,24.51,None,1.151,11.06,87000000,None,370417000,370417000,-774000000,-76000000,-312000000,-82000000,-27000000,None,None,-96000000,3120000,579020000,None,8433023999,8433023999,560078000,None,None,2098276000,None,None,368375000,116000000,6.11,0.0243,264000000,264000000,None,-0.281,0.11,2268567000,2636942000,2.7,2018-06-30,22.03,3009011000,6977000000.0,4488768000,2181569000,686700000,669927000,669927000,None,0,None,1203063000,None,None,958321000,None,None,666000000,None,None,None,0.277,620000000,2214865000,2259204000,439849000,1187754000,None,None,None,None,None,None,None,3.483,22.83,4.633,None,None,None,None,None,-500000000,None,0.191,None,1807109000,2025-10-24,quarterly,2.81,USD,pre-market,127871000,9112328000,0.164,0.917,0.023,54.25,2214865000,1211220000,252899000,None,250.7,248.19,4.0741,11445643000,4111605000,2000731000,3898748000,7334038000,1898017000,12921792000,7546895000,24.51,-2773176000,273.07,212.05
2025-12-28,ITW,10.3,15883000000.0,24.51,None,1.151,11.06,94000000,None,370417000,370417000,-1608000000,-89000000,-1154000000,5000000,-68000000,None,None,-192000000,3120000,579020000,None,8433023999,8433023999,560078000,None,None,2098276000,None,None,368375000,115000000,6.11,0.0243,266000000,266000000,None,-0.281,0.11,2268567000,2636942000,2.7,2018-03-31,22.03,3009011000,6977000000.0,4488768000,2181569000,686700000,669927000,669927000,None,0,None,1203063000,None,None,958321000,None,None,652000000,None,None,None,0.277,538000000,2214865000,2259204000,439849000,1187754000,None,None,None,None,None,None,None,3.483,22.83,4.633,None,None,None,None,None,-500000000,None,0.191,None,1807109000,2025-10-24,quarterly,2.81,USD,pre-market,127871000,9112328000,0.164,0.917,0.023,54.25,2214865000,1211220000,252899000,None,250.7,248.19,4.0741,11445643000,4111605000,2000731000,3898748000,7334038000,1898017000,12921792000,7546895000,24.51,-2773176000,273.07,212.05
2025-12-28,ITW,10.3,15883000000.0,24.51,None,1.151,11.06,78000000,None,370417000,370417000,-340000000,-57000000,309000000,11000000,12000000,None,None,59000000,3120000,579020000,None,8433023999,8433023999,560078000,None,None,2098276000,None,None,368375000,118000000,6.11,0.0243,267000000,267000000,None,-0.281,0.11,2268567000,2636942000,2.7,2017-12-31,22.03,3009011000,6977000000.0,4488768000,2181569000,686700000,669927000,669927000,None,0,None,1203063000,None,None,958321000,None,None,-76000000,None,None,None,0.277,695000000,2214865000,2259204000,439849000,1187754000,None,None,None,None,None,None,None,3.483,22.83,4.633,None,None,None,None,None,-250000000,None,0.191,None,1807109000,2025-10-24,quarterly,2.81,USD,pre-market,127871000,9112328000,0.164,0.917,0.023,54.25,2214865000,1211220000,252899000,None,250.7,248.19,4.0741,11445643000,4111605000,2000731000,3898748000,7334038000,1898017000,12921792000,7546895000,24.51,-2773176000,273.07,212.05
2025-12-28,ITW,10.3,15883000000.0,24.51,None,1.151,11.06,78000000,None,370417000,370417000,-455000000,-72000000,289000000,36000000,-11000000,None,None,-11000000,3120000,579020000,None,8433023999,8433023999,560078000,None,None,2098276000,None,None,368375000,116000000,6.11,0.0243,224000000,224000000,None,-0.281,0.11,2268567000,2636942000,2.7,2017-09-30,22.03,3009011000,6977000000.0,4488768000,2181569000,686700000,669927000,669927000,None,0,None,1203063000,None,None,958321000,None,None,640000000,None,None,None,0.277,780000000,2214865000,2259204000,439849000,1187754000,None,None,None,None,None,None,None,3.483,22.83,4.633,None,None,None,None,None,-250000000,None,0.191,None,1807109000,2025-10-24,quarterly,2.81,USD,pre-market,127871000,9112328000,0.164,0.917,0.023,54.25,2214865000,1211220000,252899000,None,250.7,248.19,4.0741,11445643000,4111605000,2000731000,3898748000,7334038000,1898017000,12921792000,7546895000,24.51,-2773176000,273.07,212.05
2025-12-28,ITW,10.3,15883000000.0,24.51,None,1.151,11.06,77000000,None,370417000,370417000,-429000000,-65000000,3000000,33000000,-15000000,None,None,-38000000,3120000,579020000,None,8433023999,8433023999,560078000,None,None,2098276000,None,None,368375000,114000000,6.11,0.0243,224000000,224000000,None,-0.281,0.11,2268567000,2636942000,2.7,2017-06-30,22.03,3009011000,6977000000.0,4488768000,2181569000,686700000,669927000,669927000,None,0,None,1203063000,None,None,958321000,None,None,587000000,None,None,None,0.277,464000000,2214865000,2259204000,439849000,1187754000,None,None,None,None,None,None,None,3.483,22.83,4.633,None,None,None,None,None,-250000000,None,0.191,None,1807109000,2025-10-24,quarterly,2.81,USD,pre-market,127871000,9112328000,0.164,0.917,0.023,54.25,2214865000,1211220000,252899000,None,250.7,248.19,4.0741,11445643000,4111605000,2000731000,3898748000,7334038000,1898017000,12921792000,7546895000,24.51,-2773176000,273.07,212.05
2025-12-28,ITW,10.3,15883000000.0,24.51,None,1.151,11.06,64000000,None,370417000,370417000,-450000000,-57000000,21000000,65000000,-67000000,None,None,-148000000,3120000,579020000,None,8433023999,8433023999,560078000,None,None,2098276000,None,None,368375000,114000000,6.11,0.0243,226000000,226000000,None,-0.281,0.11,2268567000,2636942000,2.7,2017-03-31,22.03,3009011000,6977000000.0,4488768000,2181569000,686700000,669927000,669927000,None,0,None,1203063000,None,None,958321000,None,None,536000000,None,None,None,0.277,463000000,2214865000,2259204000,439849000,1187754000,None,None,None,None,None,None,None,3.483,22.83,4.633,None,None,None,None,None,-250000000,None,0.191,None,1807109000,2025-10-24,quarterly,2.81,USD,pre-market,127871000,9112328000,0.164,0.917,0.023,54.25,2214865000,1211220000,252899000,None,250.7,248.19,4.0741,11445643000,4111605000,2000731000,3898748000,7334038000,1898017000,12921792000,7546895000,24.51,-2773176000,273.07,212.05
2025-12-28,ITW,10.3,15883000000.0,24.51,None,1.151,11.06,71000000,None,370417000,370417000,-456000000,105000000,173000000,-140000000,56000000,None,None,66000000,3120000,579020000,None,8433023999,8433023999,560078000,None,None,2098276000,None,None,368375000,118000000,6.11,0.0243,228000000,228000000,None,-0.281,0.11,2268567000,2636942000,2.7,2016-12-31,22.03,3009011000,6977000000.0,4488768000,2181569000,686700000,669927000,669927000,None,0,None,1203063000,None,None,958321000,None,None,507000000,None,None,None,0.277,664000000,2214865000,2259204000,439849000,1187754000,None,None,None,None,None,None,None,3.483,22.83,4.633,None,None,None,None,None,-518000000,None,0.191,None,1807109000,2025-10-24,quarterly,2.81,USD,pre-market,127871000,9112328000,0.164,0.917,0.023,54.25,2214865000,1211220000,252899000,None,250.7,248.19,4.0741,11445643000,4111605000,2000731000,3898748000,7334038000,1898017000,12921792000,7546895000,24.51,-2773176000,273.07,212.05
2025-12-28,ITW,10.3,15883000000.0,24.51,None,1.151,11.06,81000000,None,370417000,370417000,-155000000,-522000000,-56000000,-3000000,7000000,None,None,12000000,3120000,579020000,None,8433023999,8433023999,560078000,None,None,2098276000,None,None,368375000,120000000,6.11,0.0243,195000000,195000000,None,-0.281,0.11,2268567000,2636942000,2.7,2016-09-30,22.03,3009011000,6977000000.0,4488768000,2181569000,686700000,669927000,669927000,None,0,None,1203063000,None,None,958321000,None,None,535000000,None,None,None,0.277,624000000,2214865000,2259204000,439849000,1187754000,None,None,None,None,None,None,None,3.483,22.83,4.633,None,None,None,None,None,-482000000,None,0.191,None,1807109000,2025-10-24,quarterly,2.81,USD,pre-market,127871000,9112328000,0.164,0.917,0.023,54.25,2214865000,1211220000,252899000,None,250.7,248.19,4.0741,11445643000,4111605000,2000731000,3898748000,7334038000,1898017000,12921792000,7546895000,24.51,-2773176000,273.07,212.05
2025-12-28,ITW,10.3,15883000000.0,24.51,None,1.151,11.06,64000000,None,370417000,370417000,-481000000,-65000000,-93000000,-82000000,-25000000,None,None,-55000000,3120000,579020000,None,8433023999,8433023999,560078000,None,None,2098276000,None,None,368375000,115000000,6.11,0.0243,198000000,198000000,None,-0.281,0.11,2268567000,2636942000,2.7,2016-06-30,22.03,3009011000,6977000000.0,4488768000,2181569000,686700000,669927000,669927000,None,0,None,1203063000,None,None,958321000,None,None,525000000,None,None,None,0.277,535000000,2214865000,2259204000,439849000,1187754000,None,None,None,None,None,None,None,3.483,22.83,4.633,None,None,None,None,None,-520000000,None,0.191,None,1807109000,2025-10-24,quarterly,2.81,USD,pre-market,127871000,9112328000,0.164,0.917,0.023,54.25,2214865000,1211220000,252899000,None,250.7,248.19,4.0741,11445643000,4111605000,2000731000,3898748000,7334038000,1898017000,12921792000,7546895000,24.51,-2773176000,273.07,212.05
2025-12-28,ITW,10.3,15883000000.0,24.51,None,1.151,11.06,57000000,None,370417000,370417000,-1163000000,-50000000,-642000000,92000000,-29000000,None,None,-155000000,3120000,579020000,None,8433023999,8433023999,560078000,None,None,2098276000,None,None,368375000,117000000,6.11,0.0243,200000000,200000000,None,-0.281,0.11,2268567000,2636942000,2.7,2016-03-31,22.03,3009011000,6977000000.0,4488768000,2181569000,686700000,669927000,669927000,None,0,None,1203063000,None,None,958321000,None,None,468000000,None,None,None,0.277,479000000,2214865000,2259204000,439849000,1187754000,None,None,None,None,None,None,None,3.483,22.83,4.633,None,None,None,None,None,-480000000,None,0.191,None,1807109000,2025-10-24,quarterly,2.81,USD,pre-market,127871000,9112328000,0.164,0.917,0.023,54.25,2214865000,1211220000,252899000,None,250.7,248.19,4.0741,11445643000,4111605000,2000731000,3898748000,7334038000,1898017000,12921792000,7546895000,24.51,-2773176000,273.07,212.05
2025-12-28,ITW,10.3,15883000000.0,24.51,None,1.151,11.06,75000000,None,370417000,370417000,-472000000,-57000000,89000000,-85000000,57000000,None,None,115000000,3120000,579020000,None,8433023999,8433023999,560078000,None,None,2098276000,None,None,368375000,121000000,6.11,0.0243,200000000,200000000,None,-0.281,0.11,2268567000,2636942000,2.7,2015-12-31,22.03,3009011000,6977000000.0,4488768000,2181569000,686700000,669927000,669927000,None,0,None,1203063000,None,None,958321000,None,None,450000000,None,None,None,0.277,703000000,2214865000,2259204000,439849000,1187754000,None,None,None,None,None,None,None,3.483,22.83,4.633,None,None,None,None,None,-283000000,None,0.191,None,1807109000,2025-10-24,quarterly,2.81,USD,pre-market,127871000,9112328000,0.164,0.917,0.023,54.25,2214865000,1211220000,252899000,None,250.7,248.19,4.0741,11445643000,4111605000,2000731000,3898748000,7334038000,1898017000,12921792000,7546895000,24.51,-2773176000,273.07,212.05
2025-12-28,ITW,10.3,15883000000.0,24.51,None,1.151,11.06,62000000,None,370417000,370417000,-395000000,8000000,143000000,-176000000,16000000,None,None,32000000,3120000,579020000,None,8433023999,8433023999,560078000,None,None,2098276000,None,None,368375000,120000000,6.11,0.0243,177000000,177000000,None,-0.281,0.11,2268567000,2636942000,2.7,2015-09-30,22.03,3009011000,6977000000.0,4488768000,2181569000,686700000,669927000,669927000,None,0,None,1203063000,None,None,958321000,None,None,511000000,None,None,None,0.277,706000000,2214865000,2259204000,439849000,1187754000,None,None,None,None,None,None,None,3.483,22.83,4.633,None,None,None,None,None,-216000000,None,0.191,None,1807109000,2025-10-24,quarterly,2.81,USD,pre-market,127871000,9112328000,0.164,0.917,0.023,54.25,2214865000,1211220000,252899000,None,250.7,248.19,4.0741,11445643000,4111605000,2000731000,3898748000,7334038000,1898017000,12921792000,7546895000,24.51,-2773176000,273.07,212.05
2025-12-28,ITW,10.3,15883000000.0,24.51,None,1.151,11.06,64000000,None,370417000,370417000,-262000000,-103000000,186000000,103000000,10000000,None,None,-16000000,3120000,579020000,None,8433023999,8433023999,560078000,None,None,2098276000,None,None,368375000,118000000,6.11,0.0243,179000000,179000000,None,-0.281,0.11,2268567000,2636942000,2.7,2015-06-30,22.03,3009011000,6977000000.0,4488768000,2181569000,686700000,669927000,669927000,None,0,None,1203063000,None,None,958321000,None,None,480000000,None,None,None,0.277,448000000,2214865000,2259204000,439849000,1187754000,None,None,None,None,None,None,None,3.483,22.83,4.633,None,None,None,None,None,-307000000,None,0.191,None,1807109000,2025-10-24,quarterly,2.81,USD,pre-market,127871000,9112328000,0.164,0.917,0.023,54.25,2214865000,1211220000,252899000,None,250.7,248.19,4.0741,11445643000,4111605000,2000731000,3898748000,7334038000,1898017000,12921792000,7546895000,24.51,-2773176000,273.07,212.05
2025-12-28,ITW,10.3,15883000000.0,24.51,None,1.151,11.06,83000000,None,370417000,370417000,-1397000000,-58000000,-1318000000,-305000000,-58000000,None,None,-173000000,3120000,579020000,None,8433023999,8433023999,560078000,None,None,2098276000,None,None,368375000,118000000,6.11,0.0243,186000000,186000000,None,-0.281,0.11,2268567000,2636942000,2.7,2015-03-31,22.03,3009011000,6977000000.0,4488768000,2181569000,686700000,669927000,669927000,None,0,None,1203063000,None,None,958321000,None,None,458000000,None,None,None,0.277,442000000,2214865000,2259204000,439849000,1187754000,None,None,None,None,None,None,None,3.483,22.83,4.633,None,None,None,None,None,-1479000000,None,0.191,None,1807109000,2025-10-24,quarterly,2.81,USD,pre-market,127871000,9112328000,0.164,0.917,0.023,54.25,2214865000,1211220000,252899000,None,250.7,248.19,4.0741,11445643000,4111605000,2000731000,3898748000,7334038000,1898017000,12921792000,7546895000,24.51,-2773176000,273.07,212.05
2025-12-28,ITW,10.3,15883000000.0,24.51,None,1.151,11.06,89000000,None,370417000,370417000,-972000000,-106000000,-830000000,-210000000,52000000,None,None,169000000,3120000,579020000,None,8433023999,8433023999,560078000,None,None,2098276000,None,None,368375000,120000000,6.11,0.0243,190000000,190000000,None,-0.281,0.11,2268567000,2636942000,2.7,2014-12-31,22.03,3009011000,6977000000.0,4488768000,2181569000,686700000,669927000,669927000,None,0,None,1203063000,None,None,958321000,None,None,451000000,None,None,None,0.277,458000000,2214865000,2259204000,439849000,1187754000,None,None,None,None,None,None,None,3.483,22.83,4.633,None,None,None,None,None,-830000000,None,0.191,None,1807109000,2025-10-24,quarterly,2.81,USD,pre-market,127871000,9112328000,0.164,0.917,0.023,54.25,2214865000,1211220000,252899000,None,250.7,248.19,4.0741,11445643000,4111605000,2000731000,3898748000,7334038000,1898017000,12921792000,7546895000,24.51,-2773176000,273.07,212.05
2025-12-28,ITW,10.3,15883000000.0,24.51,None,1.151,11.06,126000000,None,370417000,370417000,-255000000,-126000000,-477000000,-367000000,-7000000,None,None,-7000000,3120000,579020000,None,8433023999,8433023999,560078000,None,None,2098276000,None,None,368375000,128000000,6.11,0.0243,166000000,166000000,None,-0.281,0.11,2268567000,2636942000,2.7,2014-09-30,22.03,3009011000,6977000000.0,4488768000,2181569000,686700000,669927000,669927000,None,0,None,1203063000,None,None,958321000,None,None,521000000,None,None,None,0.277,271000000,2214865000,2259204000,439849000,1187754000,None,None,None,None,None,None,None,3.483,22.83,4.633,None,None,None,None,None,-611000000,None,0.191,None,1807109000,2025-10-24,quarterly,2.81,USD,pre-market,127871000,9112328000,0.164,0.917,0.023,54.25,2214865000,1211220000,252899000,None,250.7,248.19,4.0741,11445643000,4111605000,2000731000,3898748000,7334038000,1898017000,12921792000,7546895000,24.51,-2773176000,273.07,212.05
2025-12-28,ITW,10.3,15883000000.0,24.51,None,1.151,11.06,78000000,None,370417000,370417000,-1995000000,3140000000,1750000000,32000000,-6000000,None,None,-35000000,3120000,579020000,None,8433023999,8433023999,560078000,None,None,2098276000,None,None,368375000,129000000,6.11,0.0243,174000000,174000000,None,-0.281,0.11,2268567000,2636942000,2.7,2014-06-30,22.03,3009011000,6977000000.0,4488768000,2181569000,686700000,669927000,669927000,None,0,None,1203063000,None,None,958321000,None,None,-217000000,None,None,None,0.277,573000000,2214865000,2259204000,439849000,1187754000,None,None,None,None,None,None,None,3.483,22.83,4.633,None,None,None,None,None,-1465000000,None,0.191,None,1807109000,2025-10-24,quarterly,2.81,USD,pre-market,127871000,9112328000,0.164,0.917,0.023,54.25,2214865000,1211220000,252899000,None,250.7,248.19,4.0741,11445643000,4111605000,2000731000,3898748000,7334038000,1898017000,12921792000,7546895000,24.51,-2773176000,273.07,212.05
2025-12-28,ITW,10.3,15883000000.0,24.51,None,1.151,11.06,68000000,None,370417000,370417000,-329000000,-66000000,-71000000,10000000,-49000000,None,None,-197000000,3120000,579020000,None,8433023999,8433023999,560078000,None,None,2098276000,None,None,368375000,130000000,6.11,0.0243,181000000,181000000,None,-0.281,0.11,2268567000,2636942000,2.7,2014-03-31,22.03,3009011000,6977000000.0,4488768000,2181569000,686700000,669927000,669927000,None,0,None,1203063000,None,None,958321000,None,None,473000000,None,None,None,0.277,314000000,2214865000,2259204000,439849000,1187754000,None,None,None,None,None,None,None,3.483,22.83,4.633,None,None,None,None,None,-1440000000,None,0.191,None,1807109000,2025-10-24,quarterly,2.81,USD,pre-market,127871000,9112328000,0.164,0.917,0.023,54.25,2214865000,1211220000,252899000,None,250.7,248.19,4.0741,11445643000,4111605000,2000731000,3898748000,7334038000,1898017000,12921792000,7546895000,24.51,-2773176000,273.07,212.05
2025-12-28,ITW,10.3,15883000000.0,24.51,None,1.151,11.06,111000000,None,370417000,370417000,-38000000,-59000000,600000000,-11000000,60000000,None,None,132000000,3120000,579020000,None,8433023999,8433023999,560078000,None,None,2098276000,None,None,368375000,134000000,6.11,0.0243,186000000,186000000,None,-0.281,0.11,2268567000,2636942000,2.7,2013-12-31,22.03,3009011000,6977000000.0,4488768000,2181569000,686700000,669927000,669927000,None,0,None,1203063000,None,None,958321000,None,None,407000000,None,None,None,0.277,708000000,2214865000,2259204000,439849000,1187754000,None,None,None,None,None,None,None,3.483,22.83,4.633,None,None,None,None,None,-1072000000,None,0.191,None,1807109000,2025-10-24,quarterly,2.81,USD,pre-market,127871000,9112328000,0.164,0.917,0.023,54.25,2214865000,1211220000,252899000,None,250.7,248.19,4.0741,11445643000,4111605000,2000731000,3898748000,7334038000,1898017000,12921792000,7546895000,24.51,-2773176000,273.07,212.05
2025-12-28,ITW,10.3,15883000000.0,24.51,None,1.151,11.06,79000000,None,370417000,370417000,-438000000,-221000000,250000000,98000000,-3000000,None,None,100000000,3120000,579020000,None,8433023999,8433023999,560078000,None,None,2098276000,None,None,368375000,147000000,6.11,0.0243,171000000,171000000,None,-0.281,0.11,2268567000,2636942000,2.7,2013-09-30,22.03,3009011000,6977000000.0,4488768000,2181569000,686700000,669927000,669927000,None,0,None,1203063000,None,None,958321000,None,None,468000000,None,None,None,0.277,811000000,2214865000,2259204000,439849000,1187754000,None,None,None,None,None,None,None,3.483,22.83,4.633,None,None,None,None,None,-357000000,None,0.191,None,1807109000,2025-10-24,quarterly,2.81,USD,pre-market,127871000,9112328000,0.164,0.917,0.023,54.25,2214865000,1211220000,252899000,None,250.7,248.19,4.0741,11445643000,4111605000,2000731000,3898748000,7334038000,1898017000,12921792000,7546895000,24.51,-2773176000,273.07,212.05
2025-12-28,ITW,10.3,15883000000.0,24.51,None,1.151,11.06,89000000,None,370417000,370417000,-359000000,-42000000,106000000,-136000000,5000000,None,None,-140000000,3120000,579020000,None,8433023999,8433023999,560078000,None,None,2098276000,None,None,368375000,144000000,6.11,0.0243,171000000,171000000,None,-0.281,0.11,2268567000,2636942000,2.7,2013-06-30,22.03,3009011000,6977000000.0,4488768000,2181569000,686700000,669927000,669927000,None,0,None,1203063000,None,None,958321000,None,None,476000000,None,None,None,0.277,643000000,2214865000,2259204000,439849000,1187754000,None,None,None,None,None,None,None,3.483,22.83,4.633,None,None,None,None,None,-333000000,None,0.191,None,1807109000,2025-10-24,quarterly,2.81,USD,pre-market,127871000,9112328000,0.164,0.917,0.023,54.25,2214865000,1211220000,252899000,None,250.7,248.19,4.0741,11445643000,4111605000,2000731000,3898748000,7334038000,1898017000,12921792000,7546895000,24.51,-2773176000,273.07,212.05
2025-12-28,ITW,10.3,15883000000.0,24.51,None,1.151,11.06,89000000,None,370417000,370417000,-305000000,-134000000,-117000000,-44000000,-38000000,None,None,-175000000,3120000,579020000,None,8433023999,8433023999,560078000,None,None,2098276000,None,None,368375000,188000000,6.11,0.0243,0,0,None,-0.281,0.11,2268567000,2636942000,2.7,2013-03-31,22.03,3009011000,6977000000.0,4488768000,2181569000,686700000,669927000,669927000,None,0,None,1203063000,None,None,958321000,None,None,419000000,None,None,None,0.277,366000000,2214865000,2259204000,439849000,1187754000,None,None,None,None,None,None,None,3.483,22.83,4.633,None,None,None,None,None,-344000000,None,0.191,None,1807109000,2025-10-24,quarterly,2.81,USD,pre-market,127871000,9112328000,0.164,0.917,0.023,54.25,2214865000,1211220000,252899000,None,250.7,248.19,4.0741,11445643000,4111605000,2000731000,3898748000,7334038000,1898017000,12921792000,7546895000,24.51,-2773176000,273.07,212.05
2025-12-28,ITW,10.3,15883000000.0,24.51,None,1.151,11.06,108000000,None,370417000,370417000,-872000000,956000000,725000000,36000000,89000000,None,None,196000000,3120000,579020000,None,8433023999,8433023999,560078000,None,None,2098276000,None,None,368375000,152000000,6.11,0.0243,350000000,350000000,None,-0.281,0.11,2268567000,2636942000,2.7,2012-12-31,22.03,3009011000,6977000000.0,4488768000,2181569000,686700000,669927000,669927000,None,0,None,1203063000,None,None,958321000,None,None,1931000000,None,None,None,0.277,605000000,2214865000,2259204000,439849000,1187754000,None,None,None,None,None,None,None,3.483,22.83,4.633,None,None,None,None,None,-624000000,None,0.191,None,1807109000,2025-10-24,quarterly,2.81,USD,pre-market,127871000,9112328000,0.164,0.917,0.023,54.25,2214865000,1211220000,252899000,None,250.7,248.19,4.0741,11445643000,4111605000,2000731000,3898748000,7334038000,1898017000,12921792000,7546895000,24.51,-2773176000,273.07,212.05
2025-12-28,ITW,10.3,15883000000.0,24.51,None,1.151,11.06,90000000,None,370417000,370417000,-394000000,80000000,362000000,41000000,39000000,None,None,130000000,3120000,579020000,None,8433023999,8433023999,560078000,None,None,2098276000,None,None,368375000,152000000,6.11,0.0243,169000000,169000000,None,-0.281,0.11,2268567000,2636942000,2.7,2012-09-30,22.03,3009011000,6977000000.0,4488768000,2181569000,686700000,669927000,669927000,None,0,None,1203063000,None,None,958321000,None,None,-40000000,None,None,None,0.277,635000000,2214865000,2259204000,439849000,1187754000,None,None,None,None,None,None,None,3.483,22.83,4.633,None,None,None,None,None,-396000000,None,0.191,None,1807109000,2025-10-24,quarterly,2.81,USD,pre-market,127871000,9112328000,0.164,0.917,0.023,54.25,2214865000,1211220000,252899000,None,250.7,248.19,4.0741,11445643000,4111605000,2000731000,3898748000,7334038000,1898017000,12921792000,7546895000,24.51,-2773176000,273.07,212.05
2025-12-28,ITW,10.3,15883000000.0,24.51,None,1.151,11.06,100000000,None,370417000,370417000,-495000000,448000000,388000000,-74000000,-3000000,None,None,-96000000,3120000,579020000,None,8433023999,8433023999,560078000,None,None,2098276000,None,None,368375000,156000000,6.11,0.0243,172000000,172000000,None,-0.281,0.11,2268567000,2636942000,2.7,2012-06-30,22.03,3009011000,6977000000.0,4488768000,2181569000,686700000,669927000,669927000,None,0,None,1203063000,None,None,958321000,None,None,-454000000,None,None,None,0.277,509000000,2214865000,2259204000,439849000,1187754000,None,None,None,None,None,None,None,3.483,22.83,4.633,None,None,None,None,None,-557000000,None,0.191,None,1807109000,2025-10-24,quarterly,2.81,USD,pre-market,127871000,9112328000,0.164,0.917,0.023,54.25,2214865000,1211220000,252899000,None,250.7,248.19,4.0741,11445643000,4111605000,2000731000,3898748000,7334038000,1898017000,12921792000,7546895000,24.51,-2773176000,273.07,212.05
2025-12-28,ITW,10.3,15883000000.0,24.51,None,1.151,11.06,84000000,None,370417000,370417000,190000000,-437000000,126000000,50000000,-43000000,None,None,-243000000,3120000,579020000,None,8433023999,8433023999,560078000,None,None,2098276000,None,None,368375000,153000000,6.11,0.0243,174000000,174000000,None,-0.281,0.11,2268567000,2636942000,2.7,2012-03-31,22.03,3009011000,6977000000.0,4488768000,2181569000,686700000,669927000,669927000,None,0,None,1203063000,None,None,958321000,None,None,-1000000,None,None,None,0.277,323000000,2214865000,2259204000,439849000,1187754000,None,None,None,None,None,None,None,3.483,22.83,4.633,None,None,None,None,None,-443000000,None,0.191,None,1807109000,2025-10-24,quarterly,2.81,USD,pre-market,127871000,9112328000,0.164,0.917,0.023,54.25,2214865000,1211220000,252899000,None,250.7,248.19,4.0741,11445643000,4111605000,2000731000,3898748000,7334038000,1898017000,12921792000,7546895000,24.51,-2773176000,273.07,212.05
2025-12-28,ITW,10.3,15883000000.0,24.51,None,1.151,11.06,94494000,None,370417000,370417000,-704031000,-170028000,-141010000,21386000,78111000,None,None,164439000,3120000,579020000,None,8433023999,8433023999,560078000,None,None,2098276000,None,None,368375000,152568000,6.11,0.0243,173949000,173949000,None,-0.281,0.11,2268567000,2636942000,2.7,2011-12-31,22.03,3009011000,6977000000.0,4488768000,2181569000,686700000,669927000,669927000,None,0,None,1203063000,None,None,958321000,None,None,4549000,None,None,None,0.277,711663000,2214865000,2259204000,439849000,1187754000,None,None,None,None,None,None,None,3.483,22.83,4.633,None,None,None,None,None,-542185000,None,0.191,None,1807109000,2025-10-24,quarterly,2.81,USD,pre-market,127871000,9112328000,0.164,0.917,0.023,54.25,2214865000,1211220000,252899000,None,250.7,248.19,4.0741,11445643000,4111605000,2000731000,3898748000,7334038000,1898017000,12921792000,7546895000,24.51,-2773176000,273.07,212.05
2025-12-28,ITW,10.3,15883000000.0,24.51,None,1.151,11.06,82960000,None,370417000,370417000,20117000,-511727000,88223000,-207343000,64985000,None,None,58268000,3120000,579020000,None,8433023999,8433023999,560078000,None,None,2098276000,None,None,368375000,154406000,6.11,0.0243,167000000,167000000,None,-0.281,0.11,2268567000,2636942000,2.7,2011-09-30,22.03,3009011000,6977000000.0,4488768000,2181569000,686700000,669927000,669927000,None,0,None,1203063000,None,None,958321000,None,None,-1128526000,None,None,None,0.277,787176000,2214865000,2259204000,439849000,1187754000,None,None,None,None,None,None,None,3.483,22.83,4.633,None,None,None,None,None,-400000000,None,0.191,None,1807109000,2025-10-24,quarterly,2.81,USD,pre-market,127871000,9112328000,0.164,0.917,0.023,54.25,2214865000,1211220000,252899000,None,250.7,248.19,4.0741,11445643000,4111605000,2000731000,3898748000,7334038000,1898017000,12921792000,7546895000,24.51,-2773176000,273.07,212.05
2025-12-28,ITW,10.3,15883000000.0,24.51,None,1.151,11.06,87601000,None,370417000,370417000,27669000,-284754000,146192000,90707000,-111824000,None,None,-205028000,3120000,579020000,None,8433023999,8433023999,560078000,None,None,2098276000,None,None,368375000,147787000,6.11,0.0243,170000000,170000000,None,-0.281,0.11,2268567000,2636942000,2.7,2011-06-30,22.03,3009011000,6977000000.0,4488768000,2181569000,686700000,669927000,669927000,None,0,None,1203063000,None,None,958321000,None,None,498430000,None,None,None,0.277,312570000,2214865000,2259204000,439849000,1187754000,None,None,None,None,None,None,None,3.483,22.83,4.633,None,None,None,None,None,-550000000,None,0.191,None,1807109000,2025-10-24,quarterly,2.81,USD,pre-market,127871000,9112328000,0.164,0.917,0.023,54.25,2214865000,1211220000,252899000,None,250.7,248.19,4.0741,11445643000,4111605000,2000731000,3898748000,7334038000,1898017000,12921792000,7546895000,24.51,-2773176000,273.07,212.05
2025-12-28,ITW,10.3,15883000000.0,24.51,None,1.151,11.06,88353000,None,370417000,370417000,334797000,-612622000,-101897000,31329000,-81849000,None,None,-320631000,3120000,579020000,None,8433023999,8433023999,560078000,None,None,2098276000,None,None,368375000,139248000,6.11,0.0243,169000000,169000000,None,-0.281,0.11,2268567000,2636942000,2.7,2011-03-31,22.03,3009011000,6977000000.0,4488768000,2181569000,686700000,669927000,669927000,None,0,None,1203063000,None,None,958321000,None,None,623140000,None,None,None,0.277,144599000,2214865000,2259204000,439849000,1187754000,None,None,None,None,None,None,None,3.483,22.83,4.633,None,None,None,None,None,419310000,None,0.191,None,1807109000,2025-10-24,quarterly,2.81,USD,pre-market,127871000,9112328000,0.164,0.917,0.023,54.25,2214865000,1211220000,252899000,None,250.7,248.19,4.0741,11445643000,4111605000,2000731000,3898748000,7334038000,1898017000,12921792000,7546895000,24.51,-2773176000,273.07,212.05
2025-12-28,ITW,10.3,15883000000.0,24.51,None,1.151,11.06,90633000,None,370417000,370417000,-676041000,-299284000,-459063000,57250000,45492000,None,None,20973000,3120000,579020000,None,8433023999,8433023999,560078000,None,None,2098276000,None,None,368375000,139487000,6.11,0.0243,168617000,168617000,None,-0.281,0.11,2268567000,2636942000,2.7,2010-12-31,22.03,3009011000,6977000000.0,4488768000,2181569000,686700000,669927000,669927000,None,0,None,1203063000,None,None,958321000,None,None,392794000,None,None,None,0.277,459012000,2214865000,2259204000,439849000,1187754000,None,None,None,None,None,None,None,3.483,22.83,4.633,None,None,None,None,None,-560150000,None,0.191,None,1807109000,2025-10-24,quarterly,2.81,USD,pre-market,127871000,9112328000,0.164,0.917,0.023,54.25,2214865000,1211220000,252899000,None,250.7,248.19,4.0741,11445643000,4111605000,2000731000,3898748000,7334038000,1898017000,12921792000,7546895000,24.51,-2773176000,273.07,212.05
2025-12-28,ITW,10.3,15883000000.0,24.51,None,1.151,11.06,72154000,None,370417000,370417000,-182245000,-4532000,383864000,86711000,-54731000,None,None,6898000,3120000,579020000,None,8433023999,8433023999,560078000,None,None,2098276000,None,None,368375000,134479000,6.11,0.0243,156088000,156088000,None,-0.281,0.11,2268567000,2636942000,2.7,2010-09-30,22.03,3009011000,6977000000.0,4488768000,2181569000,686700000,669927000,669927000,None,0,None,1203063000,None,None,958321000,None,None,419276000,None,None,None,0.277,483930000,2214865000,2259204000,439849000,1187754000,None,None,None,None,None,None,None,3.483,22.83,4.633,None,None,None,None,None,-350000000,None,0.191,None,1807109000,2025-10-24,quarterly,2.81,USD,pre-market,127871000,9112328000,0.164,0.917,0.023,54.25,2214865000,1211220000,252899000,None,250.7,248.19,4.0741,11445643000,4111605000,2000731000,3898748000,7334038000,1898017000,12921792000,7546895000,24.51,-2773176000,273.07,212.05
2025-12-28,ITW,10.3,15883000000.0,24.51,None,1.151,11.06,62663000,None,370417000,370417000,-150712000,-231453000,-152329000,-108606000,-65865000,None,None,-209499000,3120000,579020000,None,8433023999,8433023999,560078000,None,None,2098276000,None,None,368375000,137541000,6.11,0.0243,155771000,155771000,None,-0.281,0.11,2268567000,2636942000,2.7,2010-06-30,22.03,3009011000,6977000000.0,4488768000,2181569000,686700000,669927000,669927000,None,0,None,1203063000,None,None,958321000,None,None,420792000,None,None,None,0.277,338442000,2214865000,2259204000,439849000,1187754000,None,None,None,None,None,None,None,3.483,22.83,4.633,None,None,None,None,None,-27177000,None,0.191,None,1807109000,2025-10-24,quarterly,2.81,USD,pre-market,127871000,9112328000,0.164,0.917,0.023,54.25,2214865000,1211220000,252899000,None,250.7,248.19,4.0741,11445643000,4111605000,2000731000,3898748000,7334038000,1898017000,12921792000,7546895000,24.51,-2773176000,273.07,212.05
2025-12-28,ITW,10.3,15883000000.0,24.51,None,1.151,11.06,60722000,None,370417000,370417000,-38935000,-71575000,98794000,-70102000,-102657000,None,None,-56585000,3120000,579020000,None,8433023999,8433023999,560078000,None,None,2098276000,None,None,368375000,136771000,6.11,0.0243,155724000,155724000,None,-0.281,0.11,2268567000,2636942000,2.7,2010-03-31,22.03,3009011000,6977000000.0,4488768000,2181569000,686700000,669927000,669927000,None,0,None,1203063000,None,None,958321000,None,None,294331000,None,None,None,0.277,279406000,2214865000,2259204000,439849000,1187754000,None,None,None,None,None,None,None,3.483,22.83,4.633,None,None,None,None,None,112639000,None,0.191,None,1807109000,2025-10-24,quarterly,2.81,USD,pre-market,127871000,9112328000,0.164,0.917,0.023,54.25,2214865000,1211220000,252899000,None,250.7,248.19,4.0741,11445643000,4111605000,2000731000,3898748000,7334038000,1898017000,12921792000,7546895000,24.51,-2773176000,273.07,212.05
2025-12-28,ITW,10.3,15883000000.0,24.51,None,1.151,11.06,72749000,None,370417000,370417000,32533000,-223423000,None,None,47182000,None,None,None,3120000,579020000,None,8433023999,8433023999,560078000,None,None,2098276000,None,None,368375000,148533000,6.11,0.0243,155282000,155282000,None,-0.281,0.11,2268567000,2636942000,2.7,2009-12-31,22.03,3009011000,6977000000.0,4488768000,2181569000,686700000,669927000,669927000,None,0,None,1203063000,None,None,958321000,None,None,507400000,None,None,None,0.277,506310000,2214865000,2259204000,439849000,1187754000,None,None,None,None,None,None,None,3.483,22.83,4.633,None,None,None,None,None,1021000,None,0.191,None,1807109000,2025-10-24,quarterly,2.81,USD,pre-market,127871000,9112328000,0.164,0.917,0.023,54.25,2214865000,1211220000,252899000,None,250.7,248.19,4.0741,11445643000,4111605000,2000731000,3898748000,7334038000,1898017000,12921792000,7546895000,24.51,-2773176000,273.07,212.05
2025-12-28,ITW,10.3,15883000000.0,24.51,None,1.151,11.06,53015000,None,370417000,370417000,-219770000,-48698000,None,None,96838000,None,None,None,3120000,579020000,None,8433023999,8433023999,560078000,None,None,2098276000,None,None,368375000,151245000,6.11,0.0243,154892000,154892000,None,-0.281,0.11,2268567000,2636942000,2.7,2009-09-30,22.03,3009011000,6977000000.0,4488768000,2181569000,686700000,669927000,669927000,None,0,None,1203063000,None,None,958321000,None,None,302418000,None,None,None,0.277,569196000,2214865000,2259204000,439849000,1187754000,None,None,None,None,None,None,None,3.483,22.83,4.633,None,None,None,None,None,124000,None,0.191,None,1807109000,2025-10-24,quarterly,2.81,USD,pre-market,127871000,9112328000,0.164,0.917,0.023,54.25,2214865000,1211220000,252899000,None,250.7,248.19,4.0741,11445643000,4111605000,2000731000,3898748000,7334038000,1898017000,12921792000,7546895000,24.51,-2773176000,273.07,212.05
2025-12-28,ITW,10.3,15883000000.0,24.51,None,1.151,11.06,60347000,None,370417000,370417000,-1110100000,-98581000,None,None,239285000,None,None,None,3120000,579020000,None,8433023999,8433023999,560078000,None,None,2098276000,None,None,368375000,153041000,6.11,0.0243,154781000,154781000,None,-0.281,0.11,2268567000,2636942000,2.7,2009-06-30,22.03,3009011000,6977000000.0,4488768000,2181569000,686700000,669927000,669927000,None,0,None,1203063000,None,None,958321000,None,None,176565000,None,None,None,0.277,623937000,2214865000,2259204000,439849000,1187754000,None,None,None,None,None,None,None,3.483,22.83,4.633,None,None,None,None,None,56000,None,0.191,None,1807109000,2025-10-24,quarterly,2.81,USD,pre-market,127871000,9112328000,0.164,0.917,0.023,54.25,2214865000,1211220000,252899000,None,250.7,248.19,4.0741,11445643000,4111605000,2000731000,3898748000,7334038000,1898017000,12921792000,7546895000,24.51,-2773176000,273.07,212.05
2025-12-28,ITW,10.3,15883000000.0,24.51,None,1.151,11.06,60991000,None,370417000,370417000,46970000,-133420000,None,None,189374000,None,None,None,3120000,579020000,None,8433023999,8433023999,560078000,None,None,2098276000,None,None,368375000,222106000,6.11,0.0243,154726000,154726000,None,-0.281,0.11,2268567000,2636942000,2.7,2009-03-31,22.03,3009011000,6977000000.0,4488768000,2181569000,686700000,669927000,669927000,None,0,None,1203063000,None,None,958321000,None,None,-39374000,None,None,None,0.277,447146000,2214865000,2259204000,439849000,1187754000,None,None,None,None,None,None,None,3.483,22.83,4.633,None,None,None,None,None,2157939000,None,0.191,None,1807109000,2025-10-24,quarterly,2.81,USD,pre-market,127871000,9112328000,0.164,0.917,0.023,54.25,2214865000,1211220000,252899000,None,250.7,248.19,4.0741,11445643000,4111605000,2000731000,3898748000,7334038000,1898017000,12921792000,7546895000,24.51,-2773176000,273.07,212.05
2025-12-28,ITW,10.3,15883000000.0,24.51,None,1.151,11.06,81177000,None,370417000,370417000,-351987000,-293105000,None,None,26794000,None,None,None,3120000,579020000,None,8433023999,8433023999,560078000,None,None,2098276000,None,None,368375000,134492000,6.11,0.0243,158461000,158461000,None,-0.281,0.11,2268567000,2636942000,2.7,2008-12-31,22.03,3009011000,6977000000.0,4488768000,2181569000,686700000,669927000,669927000,None,0,None,1203063000,None,None,958321000,None,None,233774000,None,None,None,0.277,590097000,2214865000,2259204000,439849000,1187754000,None,None,None,None,None,None,None,3.483,22.83,4.633,None,None,None,None,None,-399011000,None,0.191,None,1807109000,2025-10-24,quarterly,2.81,USD,pre-market,127871000,9112328000,0.164,0.917,0.023,54.25,2214865000,1211220000,252899000,None,250.7,248.19,4.0741,11445643000,4111605000,2000731000,3898748000,7334038000,1898017000,12921792000,7546895000,24.51,-2773176000,273.07,212.05
2025-12-28,ITW,10.3,15883000000.0,24.51,None,1.151,11.06,89308000,None,370417000,370417000,196307000,-624187000,None,None,-32802000,None,None,None,3120000,579020000,None,8433023999,8433023999,560078000,None,None,2098276000,None,None,368375000,182013000,6.11,0.0243,145423000,145423000,None,-0.281,0.11,2268567000,2636942000,2.7,2008-09-30,22.03,3009011000,6977000000.0,4488768000,2181569000,686700000,669927000,669927000,None,0,None,1203063000,None,None,958321000,None,None,453518000,None,None,None,0.277,688759000,2214865000,2259204000,439849000,1187754000,None,None,None,None,None,None,None,3.483,22.83,4.633,None,None,None,None,None,-406009000,None,0.191,None,1807109000,2025-10-24,quarterly,2.81,USD,pre-market,127871000,9112328000,0.164,0.917,0.023,54.25,2214865000,1211220000,252899000,None,250.7,248.19,4.0741,11445643000,4111605000,2000731000,3898748000,7334038000,1898017000,12921792000,7546895000,24.51,-2773176000,273.07,212.05
2025-12-28,ITW,10.3,15883000000.0,24.51,None,1.151,11.06,95982000,None,370417000,370417000,-216700000,-518553000,None,None,-33445000,None,None,None,3120000,579020000,None,8433023999,8433023999,560078000,None,None,2098276000,None,None,368375000,143820000,6.11,0.0243,146379000,146379000,None,-0.281,0.11,2268567000,2636942000,2.7,2008-06-30,22.03,3009011000,6977000000.0,4488768000,2181569000,686700000,669927000,669927000,None,0,None,1203063000,None,None,958321000,None,None,528090000,None,None,None,0.277,450104000,2214865000,2259204000,439849000,1187754000,None,None,None,None,None,None,None,3.483,22.83,4.633,None,None,None,None,None,-200000000,None,0.191,None,1807109000,2025-10-24,quarterly,2.81,USD,pre-market,127871000,9112328000,0.164,0.917,0.023,54.25,2214865000,1211220000,252899000,None,250.7,248.19,4.0741,11445643000,4111605000,2000731000,3898748000,7334038000,1898017000,12921792000,7546895000,24.51,-2773176000,273.07,212.05
2025-12-28,ITW,10.3,15883000000.0,24.51,None,1.151,11.06,89005000,None,370417000,370417000,-89496000,-320225000,None,None,-65336000,None,None,None,3120000,579020000,None,8433023999,8433023999,560078000,None,None,2098276000,None,None,368375000,231582000,6.11,0.0243,148427000,148427000,None,-0.281,0.11,2268567000,2636942000,2.7,2008-03-31,22.03,3009011000,6977000000.0,4488768000,2181569000,686700000,669927000,669927000,None,0,None,1203063000,None,None,958321000,None,None,303621000,None,None,None,0.277,493924000,2214865000,2259204000,439849000,1187754000,None,None,None,None,None,None,None,3.483,22.83,4.633,None,None,None,None,None,-385574000,None,0.191,None,1807109000,2025-10-24,quarterly,2.81,USD,pre-market,127871000,9112328000,0.164,0.917,0.023,54.25,2214865000,1211220000,252899000,None,250.7,248.19,4.0741,11445643000,4111605000,2000731000,3898748000,7334038000,1898017000,12921792000,7546895000,24.51,-2773176000,273.07,212.05
2025-12-28,ITW,10.3,15883000000.0,24.51,None,1.151,11.06,98728000,None,370417000,370417000,-340415000,-260438000,None,None,50866000,None,None,None,3120000,579020000,None,8433023999,8433023999,560078000,None,None,2098276000,None,None,368375000,141948000,6.11,0.0243,152308000,152308000,None,-0.281,0.11,2268567000,2636942000,2.7,2007-12-31,22.03,3009011000,6977000000.0,4488768000,2181569000,686700000,669927000,669927000,None,0,None,1203063000,None,None,958321000,None,None,470733000,None,None,None,0.277,793399000,2214865000,2259204000,439849000,1187754000,None,None,None,None,None,None,None,3.483,22.83,4.633,None,None,None,None,None,-758850000,None,0.191,None,1807109000,2025-10-24,quarterly,2.81,USD,pre-market,127871000,9112328000,0.164,0.917,0.023,54.25,2214865000,1211220000,252899000,None,250.7,248.19,4.0741,11445643000,4111605000,2000731000,3898748000,7334038000,1898017000,12921792000,7546895000,24.51,-2773176000,273.07,212.05
2025-12-28,ITW,10.3,15883000000.0,24.51,None,1.151,11.06,80298000,None,370417000,370417000,-385301000,-240599000,None,None,17357000,None,None,None,3120000,579020000,None,8433023999,8433023999,560078000,None,None,2098276000,None,None,368375000,128040000,6.11,0.0243,115874000,115874000,None,-0.281,0.11,2268567000,2636942000,2.7,2007-09-30,22.03,3009011000,6977000000.0,4488768000,2181569000,686700000,669927000,669927000,None,0,None,1203063000,None,None,958321000,None,None,491088000,None,None,None,0.277,736441000,2214865000,2259204000,439849000,1187754000,None,None,None,None,None,None,None,3.483,22.83,4.633,None,None,None,None,None,-519038000,None,0.191,None,1807109000,2025-10-24,quarterly,2.81,USD,pre-market,127871000,9112328000,0.164,0.917,0.023,54.25,2214865000,1211220000,252899000,None,250.7,248.19,4.0741,11445643000,4111605000,2000731000,3898748000,7334038000,1898017000,12921792000,7546895000,24.51,-2773176000,273.07,212.05
2025-12-28,ITW,10.3,15883000000.0,24.51,None,1.151,11.06,89038000,None,370417000,370417000,-473211000,-172082000,None,None,-5690000,None,None,None,3120000,579020000,None,8433023999,8433023999,560078000,None,None,2098276000,None,None,368375000,129579000,6.11,0.0243,116911000,116911000,None,-0.281,0.11,2268567000,2636942000,2.7,2007-06-30,22.03,3009011000,6977000000.0,4488768000,2181569000,686700000,669927000,669927000,None,0,None,1203063000,None,None,958321000,None,None,505606000,None,None,None,0.277,531638000,2214865000,2259204000,439849000,1187754000,None,None,None,None,None,None,None,3.483,22.83,4.633,None,None,None,None,None,-260000000,None,0.191,None,1807109000,2025-10-24,quarterly,2.81,USD,pre-market,127871000,9112328000,0.164,0.917,0.023,54.25,2214865000,1211220000,252899000,None,250.7,248.19,4.0741,11445643000,4111605000,2000731000,3898748000,7334038000,1898017000,12921792000,7546895000,24.51,-2773176000,273.07,212.05
2025-12-28,ITW,10.3,15883000000.0,24.51,None,1.151,11.06,85291000,None,370417000,370417000,-191001000,-250929000,None,None,-67076000,None,None,None,3120000,579020000,None,8433023999,8433023999,560078000,None,None,2098276000,None,None,368375000,125177000,6.11,0.0243,117337000,117337000,None,-0.281,0.11,2268567000,2636942000,2.7,2007-03-31,22.03,3009011000,6977000000.0,4488768000,2181569000,686700000,669927000,669927000,None,0,None,1203063000,None,None,958321000,None,None,402435000,None,None,None,0.277,422819000,2214865000,2259204000,439849000,1187754000,None,None,None,None,None,None,None,3.483,22.83,4.633,None,None,None,None,None,-219873000,None,0.191,None,1807109000,2025-10-24,quarterly,2.81,USD,pre-market,127871000,9112328000,0.164,0.917,0.023,54.25,2214865000,1211220000,252899000,None,250.7,248.19,4.0741,11445643000,4111605000,2000731000,3898748000,7334038000,1898017000,12921792000,7546895000,24.51,-2773176000,273.07,212.05
2025-12-28,ITW,10.3,15883000000.0,24.51,None,1.151,11.06,78216000,None,370417000,370417000,-399043000,-375789000,None,None,42366000,None,None,None,3120000,579020000,None,8433023999,8433023999,560078000,None,None,2098276000,None,None,368375000,125994000,6.11,0.0243,118999000,118999000,None,-0.281,0.11,2268567000,2636942000,2.7,2006-12-31,22.03,3009011000,6977000000.0,4488768000,2181569000,686700000,669927000,669927000,None,0,None,1203063000,None,None,958321000,None,None,439270000,None,None,None,0.277,743431000,2214865000,2259204000,439849000,1187754000,None,None,None,None,None,None,None,3.483,22.83,4.633,None,None,None,None,None,-198891000,None,0.191,None,1807109000,2025-10-24,quarterly,2.81,USD,pre-market,127871000,9112328000,0.164,0.917,0.023,54.25,2214865000,1211220000,252899000,None,250.7,248.19,4.0741,11445643000,4111605000,2000731000,3898748000,7334038000,1898017000,12921792000,7546895000,24.51,-2773176000,273.07,212.05
2025-12-28,ITW,10.3,15883000000.0,24.51,None,1.151,11.06,77796000,None,370417000,370417000,100351000,-519539000,None,None,-11729000,None,None,None,3120000,579020000,None,8433023999,8433023999,560078000,None,None,2098276000,None,None,368375000,106416000,6.11,0.0243,93664000,93664000,None,-0.281,0.11,2268567000,2636942000,2.7,2006-09-30,22.03,3009011000,6977000000.0,4488768000,2181569000,686700000,669927000,669927000,None,0,None,1203063000,None,None,958321000,None,None,446092000,None,None,None,0.277,573166000,2214865000,2259204000,439849000,1187754000,None,None,None,None,None,None,None,3.483,22.83,4.633,None,None,None,None,None,-247985000,None,0.191,None,1807109000,2025-10-24,quarterly,2.81,USD,pre-market,127871000,9112328000,0.164,0.917,0.023,54.25,2214865000,1211220000,252899000,None,250.7,248.19,4.0741,11445643000,4111605000,2000731000,3898748000,7334038000,1898017000,12921792000,7546895000,24.51,-2773176000,273.07,212.05
2025-12-28,ITW,10.3,15883000000.0,24.51,None,1.151,11.06,76675000,None,370417000,370417000,-201951000,-148551000,None,None,-44795000,None,None,None,3120000,579020000,None,8433023999,8433023999,560078000,None,None,2098276000,None,None,368375000,101752000,6.11,0.0243,93563000,93563000,None,-0.281,0.11,2268567000,2636942000,2.7,2006-06-30,22.03,3009011000,6977000000.0,4488768000,2181569000,686700000,669927000,669927000,None,0,None,1203063000,None,None,958321000,None,None,465854000,None,None,None,0.277,360920000,2214865000,2259204000,439849000,1187754000,None,None,None,None,None,None,None,3.483,22.83,4.633,None,None,None,None,None,139940000,None,0.191,None,1807109000,2025-10-24,quarterly,2.81,USD,pre-market,127871000,9112328000,0.164,0.917,0.023,54.25,2214865000,1211220000,252899000,None,250.7,248.19,4.0741,11445643000,4111605000,2000731000,3898748000,7334038000,1898017000,12921792000,7546895000,24.51,-2773176000,273.07,212.05
2025-12-28,ITW,10.3,15883000000.0,24.51,None,1.151,11.06,68319000,None,370417000,370417000,-74583000,-230536000,None,None,-46046000,None,None,None,3120000,579020000,None,8433023999,8433023999,560078000,None,None,2098276000,None,None,368375000,109744000,6.11,0.0243,92620000,92620000,None,-0.281,0.11,2268567000,2636942000,2.7,2006-03-31,22.03,3009011000,6977000000.0,4488768000,2181569000,686700000,669927000,669927000,None,0,None,1203063000,None,None,958321000,None,None,366530000,None,None,None,0.277,388511000,2214865000,2259204000,439849000,1187754000,None,None,None,None,None,None,None,3.483,22.83,4.633,None,None,None,None,None,18495000,None,0.191,None,1807109000,2025-10-24,quarterly,2.81,USD,pre-market,127871000,9112328000,0.164,0.917,0.023,54.25,2214865000,1211220000,252899000,None,250.7,248.19,4.0741,11445643000,4111605000,2000731000,3898748000,7334038000,1898017000,12921792000,7546895000,24.51,-2773176000,273.07,212.05
2025-12-28,ITW,10.3,15883000000.0,24.51,None,1.151,11.06,77077000,None,370417000,370417000,-224834000,-234024000,None,None,47189000,None,None,None,3120000,579020000,None,8433023999,8433023999,560078000,None,None,2098276000,None,None,368375000,100660000,6.11,0.0243,92384000,92384000,None,-0.281,0.11,2268567000,2636942000,2.7,2005-12-31,22.03,3009011000,6977000000.0,4488768000,2181569000,686700000,669927000,669927000,None,0,None,1203063000,None,None,958321000,None,None,400579000,None,None,None,0.277,485964000,2214865000,2259204000,439849000,1187754000,None,None,None,None,None,None,None,3.483,22.83,4.633,None,None,None,None,None,1041798000,None,0.191,None,1807109000,2025-10-24,quarterly,2.81,USD,pre-market,127871000,9112328000,0.164,0.917,0.023,54.25,2214865000,1211220000,252899000,None,250.7,248.19,4.0741,11445643000,4111605000,2000731000,3898748000,7334038000,1898017000,12921792000,7546895000,24.51,-2773176000,273.07,212.05
2025-12-28,ITW,10.3,15883000000.0,24.51,None,1.151,11.06,71316000,None,370417000,370417000,-864379000,-182178000,None,None,65733000,None,None,None,3120000,579020000,None,8433023999,8433023999,560078000,None,None,2098276000,None,None,368375000,93982000,6.11,0.0243,79909000,79909000,None,-0.281,0.11,2268567000,2636942000,2.7,2005-09-30,22.03,3009011000,6977000000.0,4488768000,2181569000,686700000,669927000,669927000,None,0,None,1203063000,None,None,958321000,None,None,408202000,None,None,None,0.277,559297000,2214865000,2259204000,439849000,1187754000,None,None,None,None,None,None,None,3.483,22.83,4.633,None,None,None,None,None,-469112000,None,0.191,None,1807109000,2025-10-24,quarterly,2.81,USD,pre-market,127871000,9112328000,0.164,0.917,0.023,54.25,2214865000,1211220000,252899000,None,250.7,248.19,4.0741,11445643000,4111605000,2000731000,3898748000,7334038000,1898017000,12921792000,7546895000,24.51,-2773176000,273.07,212.05
2025-12-28,ITW,10.3,15883000000.0,24.51,None,1.151,11.06,437000000,None,370417000,370417000,-3189000000,-144000000,None,None,176000000,None,None,None,3120000,579020000,None,8433023999,8433023999,560078000,None,None,2098276000,None,None,368375000,402000000,6.11,0.0243,1695000000,1695000000,None,-0.281,0.11,2268567000,2636942000,2.7,2024-12-31,22.03,3009011000,6977000000.0,4488768000,2181569000,686700000,669927000,669927000,None,0,None,1203063000,None,None,958321000,None,None,3488000000,None,None,None,0.277,3281000000,2214865000,2259204000,439849000,1187754000,None,None,None,None,None,None,None,3.483,22.83,4.633,None,None,None,None,None,-1500000000,None,0.191,None,1807109000,2025-10-24,annual,2.81,USD,pre-market,127871000,9112328000,0.164,0.917,0.023,54.25,2214865000,1211220000,252899000,None,250.7,248.19,4.0741,11445643000,4111605000,2000731000,3898748000,7334038000,1898017000,12921792000,7546895000,24.51,-2773176000,273.07,212.05
2025-12-28,ITW,10.3,15883000000.0,24.51,None,1.151,11.06,455000000,None,370417000,370417000,-2782000000,-403000000,None,None,360000000,None,None,None,3120000,579020000,None,8433023999,8433023999,560078000,None,None,2098276000,None,None,368375000,395000000,6.11,0.0243,1615000000,1615000000,None,-0.281,0.11,2268567000,2636942000,2.7,2023-12-31,22.03,3009011000,6977000000.0,4488768000,2181569000,686700000,669927000,669927000,None,0,None,1203063000,None,None,958321000,None,None,2957000000,None,None,None,0.277,3539000000,2214865000,2259204000,439849000,1187754000,None,None,None,None,None,None,None,3.483,22.83,4.633,None,None,None,None,None,-1500000000,None,0.191,None,1807109000,2025-10-24,annual,2.81,USD,pre-market,127871000,9112328000,0.164,0.917,0.023,54.25,2214865000,1211220000,252899000,None,250.7,248.19,4.0741,11445643000,4111605000,2000731000,3898748000,7334038000,1898017000,12921792000,7546895000,24.51,-2773176000,273.07,212.05
2025-12-28,ITW,10.3,15883000000.0,24.51,None,1.151,11.06,412000000,None,370417000,370417000,-3000000000,-110000000,-762000000,None,-455000000,None,None,-461000000,3120000,579020000,None,8433023999,8433023999,560078000,None,None,2098276000,None,None,368375000,410000000,6.11,0.0243,1542000000,1542000000,None,-0.281,0.11,2268567000,2636942000,2.7,2022-12-31,22.03,3009011000,6977000000.0,4488768000,2181569000,686700000,669927000,669927000,None,0,None,1203063000,None,None,958321000,None,None,3034000000,None,None,None,0.277,2348000000,2214865000,2259204000,439849000,1187754000,None,None,None,None,None,None,None,3.483,22.83,4.633,None,None,None,None,None,-1750000000,None,0.191,None,1807109000,2025-10-24,annual,2.81,USD,pre-market,127871000,9112328000,0.164,0.917,0.023,54.25,2214865000,1211220000,252899000,None,250.7,248.19,4.0741,11445643000,4111605000,2000731000,3898748000,7334038000,1898017000,12921792000,7546895000,24.51,-2773176000,273.07,212.05
2025-12-28,ITW,10.3,15883000000.0,24.51,None,1.151,11.06,296000000,None,370417000,370417000,-2564000000,-984000000,-991000000,None,-450000000,None,None,-240000000,3120000,579020000,None,8433023999,8433023999,560078000,None,None,2098276000,None,None,368375000,410000000,6.11,0.0243,1463000000,1463000000,None,-0.281,0.11,2268567000,2636942000,2.7,2021-12-31,22.03,3009011000,6977000000.0,4488768000,2181569000,686700000,669927000,669927000,None,0,None,1203063000,None,None,958321000,None,None,2694000000,None,None,None,0.277,2557000000,2214865000,2259204000,439849000,1187754000,None,None,None,None,None,None,None,3.483,22.83,4.633,None,None,None,None,None,-1000000000,None,0.191,None,1807109000,2025-10-24,annual,2.81,USD,pre-market,127871000,9112328000,0.164,0.917,0.023,54.25,2214865000,1211220000,252899000,None,250.7,248.19,4.0741,11445643000,4111605000,2000731000,3898748000,7334038000,1898017000,12921792000,7546895000,24.51,-2773176000,273.07,212.05
2025-12-28,ITW,10.3,15883000000.0,24.51,None,1.151,11.06,236000000,None,370417000,370417000,-2049000000,-214000000,544000000,None,43000000,None,None,95000000,3120000,579020000,None,8433023999,8433023999,560078000,None,None,2098276000,None,None,368375000,427000000,6.11,0.0243,1379000000,1379000000,None,-0.281,0.11,2268567000,2636942000,2.7,2020-12-31,22.03,3009011000,6977000000.0,4488768000,2181569000,686700000,669927000,669927000,None,0,None,1203063000,None,None,958321000,None,None,2109000000,None,None,None,0.277,2807000000,2214865000,2259204000,439849000,1187754000,None,None,None,None,None,None,None,3.483,22.83,4.633,None,None,None,None,None,-706000000,None,0.191,None,1807109000,2025-10-24,annual,2.81,USD,pre-market,127871000,9112328000,0.164,0.917,0.023,54.25,2214865000,1211220000,252899000,None,250.7,248.19,4.0741,11445643000,4111605000,2000731000,3898748000,7334038000,1898017000,12921792000,7546895000,24.51,-2773176000,273.07,212.05
2025-12-28,ITW,10.3,15883000000.0,24.51,None,1.151,11.06,326000000,None,370417000,370417000,-2326000000,-183000000,486000000,None,98000000,None,None,40000000,3120000,579020000,None,8433023999,8433023999,560078000,None,None,2098276000,None,None,368375000,426000000,6.11,0.0243,1321000000,1321000000,None,-0.281,0.11,2268567000,2636942000,2.7,2019-12-31,22.03,3009011000,6977000000.0,4488768000,2181569000,686700000,669927000,669927000,None,0,None,1203063000,None,None,958321000,None,None,2521000000,None,None,None,0.277,2995000000,2214865000,2259204000,439849000,1187754000,None,None,None,None,None,None,None,3.483,22.83,4.633,None,None,None,None,None,-1500000000,None,0.191,None,1807109000,2025-10-24,annual,2.81,USD,pre-market,127871000,9112328000,0.164,0.917,0.023,54.25,2214865000,1211220000,252899000,None,250.7,248.19,4.0741,11445643000,4111605000,2000731000,3898748000,7334038000,1898017000,12921792000,7546895000,24.51,-2773176000,273.07,212.05
2025-12-28,ITW,10.3,15883000000.0,24.51,None,1.151,11.06,364000000,None,370417000,370417000,-3964000000,-325000000,-1590000000,-112000000,-108000000,None,None,-60000000,3120000,579020000,None,8433023999,8433023999,560078000,None,None,2098276000,None,None,368375000,461000000,6.11,0.0243,1124000000,1124000000,None,-0.281,0.11,2268567000,2636942000,2.7,2018-12-31,22.03,3009011000,6977000000.0,4488768000,2181569000,686700000,669927000,669927000,None,0,None,1203063000,None,None,958321000,None,None,2563000000,None,None,None,0.277,2811000000,2214865000,2259204000,439849000,1187754000,None,None,None,None,None,None,None,3.483,22.83,4.633,None,None,None,None,None,-2000000000,None,0.191,None,1807109000,2025-10-24,annual,2.81,USD,pre-market,127871000,9112328000,0.164,0.917,0.023,54.25,2214865000,1211220000,252899000,None,250.7,248.19,4.0741,11445643000,4111605000,2000731000,3898748000,7334038000,1898017000,12921792000,7546895000,24.51,-2773176000,273.07,212.05
2025-12-28,ITW,10.3,15883000000.0,24.51,None,1.151,11.06,297000000,None,370417000,370417000,-1674000000,-251000000,622000000,145000000,-81000000,None,None,-138000000,3120000,579020000,None,8433023999,8433023999,560078000,None,None,2098276000,None,None,368375000,462000000,6.11,0.0243,941000000,941000000,None,-0.281,0.11,2268567000,2636942000,2.7,2017-12-31,22.03,3009011000,6977000000.0,4488768000,2181569000,686700000,669927000,669927000,None,0,None,1203063000,None,None,958321000,None,None,1687000000,None,None,None,0.277,2402000000,2214865000,2259204000,439849000,1187754000,None,None,None,None,None,None,None,3.483,22.83,4.633,None,None,None,None,None,-1000000000,None,0.191,None,1807109000,2025-10-24,annual,2.81,USD,pre-market,127871000,9112328000,0.164,0.917,0.023,54.25,2214865000,1211220000,252899000,None,250.7,248.19,4.0741,11445643000,4111605000,2000731000,3898748000,7334038000,1898017000,12921792000,7546895000,24.51,-2773176000,273.07,212.05
2025-12-28,ITW,10.3,15883000000.0,24.51,None,1.151,11.06,273000000,None,370417000,370417000,-2255000000,-532000000,-618000000,-133000000,9000000,None,None,-132000000,3120000,579020000,None,8433023999,8433023999,560078000,None,None,2098276000,None,None,368375000,470000000,6.11,0.0243,821000000,821000000,None,-0.281,0.11,2268567000,2636942000,2.7,2016-12-31,22.03,3009011000,6977000000.0,4488768000,2181569000,686700000,669927000,669927000,None,0,None,1203063000,None,None,958321000,None,None,2035000000,None,None,None,0.277,2302000000,2214865000,2259204000,439849000,1187754000,None,None,None,None,None,None,None,3.483,22.83,4.633,None,None,None,None,None,-2000000000,None,0.191,None,1807109000,2025-10-24,annual,2.81,USD,pre-market,127871000,9112328000,0.164,0.917,0.023,54.25,2214865000,1211220000,252899000,None,250.7,248.19,4.0741,11445643000,4111605000,2000731000,3898748000,7334038000,1898017000,12921792000,7546895000,24.51,-2773176000,273.07,212.05
2025-12-28,ITW,10.3,15883000000.0,24.51,None,1.151,11.06,284000000,None,370417000,370417000,-2526000000,-210000000,-900000000,-463000000,25000000,None,None,-42000000,3120000,579020000,None,8433023999,8433023999,560078000,None,None,2098276000,None,None,368375000,477000000,6.11,0.0243,742000000,742000000,None,-0.281,0.11,2268567000,2636942000,2.7,2015-12-31,22.03,3009011000,6977000000.0,4488768000,2181569000,686700000,669927000,669927000,None,0,None,1203063000,None,None,958321000,None,None,1899000000,None,None,None,0.277,2299000000,2214865000,2259204000,439849000,1187754000,None,None,None,None,None,None,None,3.483,22.83,4.633,None,None,None,None,None,-2002000000,None,0.191,None,1807109000,2025-10-24,annual,2.81,USD,pre-market,127871000,9112328000,0.164,0.917,0.023,54.25,2214865000,1211220000,252899000,None,250.7,248.19,4.0741,11445643000,4111605000,2000731000,3898748000,7334038000,1898017000,12921792000,7546895000,24.51,-2773176000,273.07,212.05
2025-12-28,ITW,10.3,15883000000.0,24.51,None,1.151,11.06,361000000,None,370417000,370417000,-3551000000,2842000000,372000000,-535000000,-10000000,None,None,-70000000,3120000,579020000,None,8433023999,8433023999,560078000,None,None,2098276000,None,None,368375000,507000000,6.11,0.0243,711000000,711000000,None,-0.281,0.11,2268567000,2636942000,2.7,2014-12-31,22.03,3009011000,6977000000.0,4488768000,2181569000,686700000,669927000,669927000,None,0,None,1203063000,None,None,958321000,None,None,1228000000,None,None,None,0.277,1616000000,2214865000,2259204000,439849000,1187754000,None,None,None,None,None,None,None,3.483,22.83,4.633,None,None,None,None,None,-4346000000,None,0.191,None,1807109000,2025-10-24,annual,2.81,USD,pre-market,127871000,9112328000,0.164,0.917,0.023,54.25,2214865000,1211220000,252899000,None,250.7,248.19,4.0741,11445643000,4111605000,2000731000,3898748000,7334038000,1898017000,12921792000,7546895000,24.51,-2773176000,273.07,212.05
2025-12-28,ITW,10.3,15883000000.0,24.51,None,1.151,11.06,368000000,None,370417000,370417000,-1140000000,-456000000,839000000,-93000000,24000000,None,None,-83000000,3120000,579020000,None,8433023999,8433023999,560078000,None,None,2098276000,None,None,368375000,613000000,6.11,0.0243,528000000,528000000,None,-0.281,0.11,2268567000,2636942000,2.7,2013-12-31,22.03,3009011000,6977000000.0,4488768000,2181569000,686700000,669927000,669927000,None,0,None,1203063000,None,None,958321000,None,None,1770000000,None,None,None,0.277,2528000000,2214865000,2259204000,439849000,1187754000,None,None,None,None,None,None,None,3.483,22.83,4.633,None,None,None,None,None,-2106000000,None,0.191,None,1807109000,2025-10-24,annual,2.81,USD,pre-market,127871000,9112328000,0.164,0.917,0.023,54.25,2214865000,1211220000,252899000,None,250.7,248.19,4.0741,11445643000,4111605000,2000731000,3898748000,7334038000,1898017000,12921792000,7546895000,24.51,-2773176000,273.07,212.05
2025-12-28,ITW,10.3,15883000000.0,24.51,None,1.151,11.06,382000000,None,370417000,370417000,-1571000000,1047000000,1601000000,53000000,82000000,None,None,-13000000,3120000,579020000,None,8433023999,8433023999,560078000,None,None,2098276000,None,None,368375000,613000000,6.11,0.0243,865000000,865000000,None,-0.281,0.11,2268567000,2636942000,2.7,2012-12-31,22.03,3009011000,6977000000.0,4488768000,2181569000,686700000,669927000,669927000,None,0,None,1203063000,None,None,958321000,None,None,2395000000,None,None,None,0.277,2072000000,2214865000,2259204000,439849000,1187754000,None,None,None,None,None,None,None,3.483,22.83,4.633,None,None,None,None,None,-2020000000,None,0.191,None,1807109000,2025-10-24,annual,2.81,USD,pre-market,127871000,9112328000,0.164,0.917,0.023,54.25,2214865000,1211220000,252899000,None,250.7,248.19,4.0741,11445643000,4111605000,2000731000,3898748000,7334038000,1898017000,12921792000,7546895000,24.51,-2773176000,273.07,212.05
2025-12-28,ITW,10.3,15883000000.0,24.51,None,1.151,11.06,353408000,None,370417000,370417000,-321448000,-1579131000,-8492000,-63921000,-50577000,None,None,-302952000,3120000,579020000,None,8433023999,8433023999,560078000,None,None,2098276000,None,None,368375000,594009000,6.11,0.0243,680280000,680280000,None,-0.281,0.11,2268567000,2636942000,2.7,2011-12-31,22.03,3009011000,6977000000.0,4488768000,2181569000,686700000,669927000,669927000,None,0,None,1203063000,None,None,958321000,None,None,-13045000,None,None,None,0.277,1956008000,2214865000,2259204000,439849000,1187754000,None,None,None,None,None,None,None,3.483,22.83,4.633,None,None,None,None,None,-950000000,None,0.191,None,1807109000,2025-10-24,annual,2.81,USD,pre-market,127871000,9112328000,0.164,0.917,0.023,54.25,2214865000,1211220000,252899000,None,250.7,248.19,4.0741,11445643000,4111605000,2000731000,3898748000,7334038000,1898017000,12921792000,7546895000,24.51,-2773176000,273.07,212.05
2025-12-28,ITW,10.3,15883000000.0,24.51,None,1.151,11.06,286172000,None,370417000,370417000,-1047933000,-606844000,-128734000,-34747000,-177761000,None,None,-238213000,3120000,579020000,None,8433023999,8433023999,560078000,None,None,2098276000,None,None,368375000,548278000,6.11,0.0243,636200000,636200000,None,-0.281,0.11,2268567000,2636942000,2.7,2010-12-31,22.03,3009011000,6977000000.0,4488768000,2181569000,686700000,669927000,669927000,None,0,None,1203063000,None,None,958321000,None,None,1527193000,None,None,None,0.277,1560790000,2214865000,2259204000,439849000,1187754000,None,None,None,None,None,None,None,3.483,22.83,4.633,None,None,None,None,None,-350000000,None,0.191,None,1807109000,2025-10-24,annual,2.81,USD,pre-market,127871000,9112328000,0.164,0.917,0.023,54.25,2214865000,1211220000,252899000,None,250.7,248.19,4.0741,11445643000,4111605000,2000731000,3898748000,7334038000,1898017000,12921792000,7546895000,24.51,-2773176000,273.07,212.05
2025-12-28,ITW,10.3,15883000000.0,24.51,None,1.151,11.06,247102000,None,370417000,370417000,-1250367000,-504122000,575822000,183722000,572679000,None,None,336873000,3120000,579020000,None,8433023999,8433023999,560078000,None,None,2098276000,None,None,368375000,674925000,6.11,0.0243,619681000,619681000,None,-0.281,0.11,2268567000,2636942000,2.7,2009-12-31,22.03,3009011000,6977000000.0,4488768000,2181569000,686700000,669927000,669927000,None,0,None,1203063000,None,None,958321000,None,None,947009000,None,None,None,0.277,2146589000,2214865000,2259204000,439849000,1187754000,None,None,None,None,None,None,None,3.483,22.83,4.633,None,None,None,None,None,2159140000,None,0.191,None,1807109000,2025-10-24,annual,2.81,USD,pre-market,127871000,9112328000,0.164,0.917,0.023,54.25,2214865000,1211220000,252899000,None,250.7,248.19,4.0741,11445643000,4111605000,2000731000,3898748000,7334038000,1898017000,12921792000,7546895000,24.51,-2773176000,273.07,212.05
2025-12-28,ITW,10.3,15883000000.0,24.51,None,1.151,11.06,355472000,None,370417000,370417000,-461876000,-1756070000,None,None,-104789000,None,None,None,3120000,579020000,None,8433023999,8433023999,560078000,None,None,2098276000,None,None,368375000,691907000,6.11,0.0243,598690000,598690000,None,-0.281,0.11,2268567000,2636942000,2.7,2008-12-31,22.03,3009011000,6977000000.0,4488768000,2181569000,686700000,669927000,669927000,None,0,None,1203063000,None,None,958321000,None,None,1519003000,None,None,None,0.277,2222884000,2214865000,2259204000,439849000,1187754000,None,None,None,None,None,None,None,3.483,22.83,4.633,None,None,None,None,None,-1390594000,None,0.191,None,1807109000,2025-10-24,annual,2.81,USD,pre-market,127871000,9112328000,0.164,0.917,0.023,54.25,2214865000,1211220000,252899000,None,250.7,248.19,4.0741,11445643000,4111605000,2000731000,3898748000,7334038000,1898017000,12921792000,7546895000,24.51,-2773176000,273.07,212.05
2025-12-28,ITW,10.3,15883000000.0,24.51,None,1.151,11.06,353355000,None,370417000,370417000,-1389928000,-924048000,None,None,-4543000,None,None,None,3120000,579020000,None,8433023999,8433023999,560078000,None,None,2098276000,None,None,368375000,524744000,6.11,0.0243,502430000,502430000,None,-0.281,0.11,2268567000,2636942000,2.7,2007-12-31,22.03,3009011000,6977000000.0,4488768000,2181569000,686700000,669927000,669927000,None,0,None,1203063000,None,None,958321000,None,None,1869862000,None,None,None,0.277,2484297000,2214865000,2259204000,439849000,1187754000,None,None,None,None,None,None,None,3.483,22.83,4.633,None,None,None,None,None,-1757761000,None,0.191,None,1807109000,2025-10-24,annual,2.81,USD,pre-market,127871000,9112328000,0.164,0.917,0.023,54.25,2214865000,1211220000,252899000,None,250.7,248.19,4.0741,11445643000,4111605000,2000731000,3898748000,7334038000,1898017000,12921792000,7546895000,24.51,-2773176000,273.07,212.05
2025-12-28,ITW,10.3,15883000000.0,24.51,None,1.151,11.06,301006000,None,370417000,370417000,-575226000,-1274415000,None,None,-60204000,None,None,None,3120000,579020000,None,8433023999,8433023999,560078000,None,None,2098276000,None,None,368375000,443906000,6.11,0.0243,398846000,398846000,None,-0.281,0.11,2268567000,2636942000,2.7,2006-12-31,22.03,3009011000,6977000000.0,4488768000,2181569000,686700000,669927000,669927000,None,0,None,1203063000,None,None,958321000,None,None,1717746000,None,None,None,0.277,2066028000,2214865000,2259204000,439849000,1187754000,None,None,None,None,None,None,None,3.483,22.83,4.633,None,None,None,None,None,-446876000,None,0.191,None,1807109000,2025-10-24,annual,2.81,USD,pre-market,127871000,9112328000,0.164,0.917,0.023,54.25,2214865000,1211220000,252899000,None,250.7,248.19,4.0741,11445643000,4111605000,2000731000,3898748000,7334038000,1898017000,12921792000,7546895000,24.51,-2773176000,273.07,212.05
2025-12-28,ITW,10.3,15883000000.0,24.51,None,1.151,11.06,293102000,None,370417000,370417000,-1266322000,-784399000,None,None,104419000,None,None,None,3120000,579020000,None,8433023999,8433023999,560078000,None,None,2098276000,None,None,368375000,383074000,6.11,0.0243,335092000,335092000,None,-0.281,0.11,2268567000,2636942000,2.7,2005-12-31,22.03,3009011000,6977000000.0,4488768000,2181569000,686700000,669927000,669927000,None,0,None,1203063000,None,None,958321000,None,None,1494869000,None,None,None,0.277,1846536000,2214865000,2259204000,439849000,1187754000,None,None,None,None,None,None,None,3.483,22.83,4.633,None,None,None,None,None,-1041798000,None,0.191,None,1807109000,2025-10-24,annual,2.81,USD,pre-market,127871000,9112328000,0.164,0.917,0.023,54.25,2214865000,1211220000,252899000,None,250.7,248.19,4.0741,11445643000,4111605000,2000731000,3898748000,7334038000,1898017000,12921792000,7546895000,24.51,-2773176000,273.07,212.05
