date,symbol,eps,revenue_ttm,pe_ratio,accumulateddepreciationamortizationppe,beta,book_value,capitalexpenditures,capitalleaseobligations,cashandcashequivalentsatcarryingvalue,cashandshortterminvestments,cashflowfromfinancing,cashflowfrominvestment,changeincashandcashequivalents,changeinexchangerate,changeininventory,changeinoperatingassets,changeinoperatingliabilities,changeinreceivables,commonstock,commonstocksharesoutstanding,comprehensiveincomenetoftax,costofgoodsandservicessold,costofrevenue,currentaccountspayable,currentdebt,currentlongtermdebt,currentnetreceivables,deferredrevenue,depreciation,depreciationandamortization,depreciationdepletionandamortization,dividend_per_share,dividend_yield,dividendpayout,dividendpayoutcommonstock,dividendpayoutpreferredstock,earnings_growth_yoy,earnings_surprise,ebit,ebitda,estimated_eps,fiscaldateending,forward_pe,goodwill,gross_profit_ttm,grossprofit,incomebeforetax,incometaxexpense,intangibleassets,intangibleassetsexcludinggoodwill,interestanddebtexpense,interestexpense,interestincome,inventory,investmentincomenet,investments,longtermdebt,longtermdebtnoncurrent,longterminvestments,netincome,netincomefromcontinuingoperations,netinterestincome,noninterestincome,operating_margin_ttm,operatingcashflow,operatingexpenses,operatingincome,othercurrentassets,othercurrentliabilities,othernoncurrentassets,othernoncurrentliabilities,othernonoperatingincome,paymentsforoperatingactivities,paymentsforrepurchaseofcommonstock,paymentsforrepurchaseofequity,paymentsforrepurchaseofpreferredstock,peg_ratio,price_to_book,price_to_sales_ttm,proceedsfromissuanceofcommonstock,proceedsfromissuanceoflongtermdebtandcapitalsecuritiesnet,proceedsfromissuanceofpreferredstock,proceedsfromoperatingactivities,proceedsfromrepaymentsofshorttermdebt,proceedsfromrepurchaseofequity,proceedsfromsaleoftreasurystock,profit_margin,profitloss,propertyplantequipment,report_date,report_type,reported_eps,reportedcurrency,reporttime,researchanddevelopment,retainedearnings,return_on_assets_ttm,return_on_equity_ttm,revenue_growth_yoy,revenue_per_share_ttm,sellinggeneralandadministrative,shortlongtermdebttotal,shorttermdebt,shortterminvestments,sma_200,sma_50,surprise_pct,totalassets,totalcurrentassets,totalcurrentliabilities,totalliabilities,totalnoncurrentassets,totalnoncurrentliabilities,totalrevenue,totalshareholderequity,trailing_pe,treasurystock,week_52_high,week_52_low
1996-03-31,JCI,,,,,,,,,,,,,,,,,,,,,,,,,,,,,,,,,,,,,,0.01,,,0.53,,,,,,,,,,,,,,,,,,,,,,,,,,,,,,,,,,,,,,,,,,,,,,,,,1996-04-17,,0.54,,pre-market,,,,,,,,,,,,,1.8868,,,,,,,,,,,,
1996-06-30,JCI,,,,,,,,,,,,,,,,,,,,,,,,,,,,,,,,,,,,,,0.04,,,0.61,,,,,,,,,,,,,,,,,,,,,,,,,,,,,,,,,,,,,,,,,,,,,,,,,1996-07-25,,0.65,,pre-market,,,,,,,,,,,,,6.5574,,,,,,,,,,,,
1996-09-30,JCI,,,,,,,,,,,,,,,,,,,,,,,,,,,,,,,,,,,,,,0.03,,,0.54,,,,,,,,,,,,,,,,,,,,,,,,,,,,,,,,,,,,,,,,,,,,,,,,,1996-10-16,,0.57,,pre-market,,,,,,,,,,,,,5.5556,,,,,,,,,,,,
1996-12-31,JCI,,,,,,,,,,,,,,,,,,,,,,,,,,,,,,,,,,,,,,0.03,,,0.58,,,,,,,,,,,,,,,,,,,,,,,,,,,,,,,,,,,,,,,,,,,,,,,,,1997-01-13,,0.61,,pre-market,,,,,,,,,,,,,5.1724,,,,,,,,,,,,
1997-03-31,JCI,,,,,,,,,,,,,,,,,,,,,,,,,,,,,,,,,,,,,,0.03,,,0.67,,,,,,,,,,,,,,,,,,,,,,,,,,,,,,,,,,,,,,,,,,,,,,,,,1997-04-14,,0.7,,pre-market,,,,,,,,,,,,,4.4776,,,,,,,,,,,,
1997-06-30,JCI,,,,,,,,,,,,,,,,,,,,,,,,,,,,,,,,,,,,,,0.08,,,0.78,,,,,,,,,,,,,,,,,,,,,,,,,,,,,,,,,,,,,,,,,,,,,,,,,1997-07-21,,0.86,,pre-market,,,,,,,,,,,,,10.2564,,,,,,,,,,,,
1997-09-30,JCI,,,,,,,,,,,,,,,,,,,,,,,,,,,,,,,,,,,,,,0.07,,,0.75,,,,,,,,,,,,,,,,,,,,,,,,,,,,,,,,,,,,,,,,,,,,,,,,,1997-10-21,,0.82,,pre-market,,,,,,,,,,,,,9.3333,,,,,,,,,,,,
1997-12-31,JCI,,,,,,,,,,,,,,,,,,,,,,,,,,,,,,,,,,,,,,0.03,,,0.87,,,,,,,,,,,,,,,,,,,,,,,,,,,,,,,,,,,,,,,,,,,,,,,,,1998-01-21,,0.9,,pre-market,,,,,,,,,,,,,3.4483,,,,,,,,,,,,
1998-03-31,JCI,,,,,,,,,,,,,,,,,,,,,,,,,,,,,,,,,,,,,,0.06,,,0.95,,,,,,,,,,,,,,,,,,,,,,,,,,,,,,,,,,,,,,,,,,,,,,,,,1998-04-21,,1.01,,pre-market,,,,,,,,,,,,,6.3158,,,,,,,,,,,,
1998-06-30,JCI,,,,,,,,,,,,,,,,,,,,,,,,,,,,,,,,,,,,,,0.09,,,1.06,,,,,,,,,,,,,,,,,,,,,,,,,,,,,,,,,,,,,,,,,,,,,,,,,1998-07-17,,1.15,,pre-market,,,,,,,,,,,,,8.4906,,,,,,,,,,,,
1998-09-30,JCI,,,,,,,,,,,,,,,,,,,,,,,,,,,,,,,,,,,,,,0.05,,,1.14,,,,,,,,,,,,,,,,,,,,,,,,,,,,,,,,,,,,,,,,,,,,,,,,,1998-10-22,,1.19,,pre-market,,,,,,,,,,,,,4.386,,,,,,,,,,,,
1998-12-31,JCI,,,,,,,,,,,,,,,,,,,,,,,,,,,,,,,,,,,,,,0.05,,,1.23,,,,,,,,,,,,,,,,,,,,,,,,,,,,,,,,,,,,,,,,,,,,,,,,,1999-01-19,,1.28,,pre-market,,,,,,,,,,,,,4.065,,,,,,,,,,,,
1999-03-31,JCI,,,,,,,,,,,,,,,,,,,,,,,,,,,,,,,,,,,,,,0.08,,,1.37,,,,,,,,,,,,,,,,,,,,,,,,,,,,,,,,,,,,,,,,,,,,,,,,,1999-04-20,,1.45,,pre-market,,,,,,,,,,,,,5.8394,,,,,,,,,,,,
1999-06-30,JCI,,,,,,,,,,,,,,,,,,,,,,,,,,,,,,,,,,,,,,0.1,,,1.66,,,,,,,,,,,,,,,,,,,,,,,,,,,,,,,,,,,,,,,,,,,,,,,,,1999-07-20,,1.76,,pre-market,,,,,,,,,,,,,6.0241,,,,,,,,,,,,
1999-09-30,JCI,,,,,,,,,,,,,,,,,,,,,,,,,,,,,,,,,,,,,,0.08,,,1.85,,,,,,,,,,,,,,,,,,,,,,,,,,,,,,,,,,,,,,,,,,,,,,,,,1999-10-21,,1.93,,pre-market,,,,,,,,,,,,,4.3243,,,,,,,,,,,,
1999-12-31,JCI,,,,,,,,,,,,,,,,,,,,,,,,,,,,,,,,,,,,,,0.04,,,1.89,,,,,,,,,,,,,,,,,,,,,,,,,,,,,,,,,,,,,,,,,,,,,,,,,2000-01-18,,1.93,,pre-market,,,,,,,,,,,,,2.1164,,,,,,,,,,,,
2000-03-31,JCI,,,,,,,,,,,,,,,,,,,,,,,,,,,,,,,,,,,,,,0.0,,,2.09,,,,,,,,,,,,,,,,,,,,,,,,,,,,,,,,,,,,,,,,,,,,,,,,,2000-04-18,,2.09,,pre-market,,,,,,,,,,,,,0.0,,,,,,,,,,,,
2000-06-30,JCI,,,,,,,,,,,,,,,,,,,,,,,,,,,,,,,,,,,,,,0.05,,,2.38,,,,,,,,,,,,,,,,,,,,,,,,,,,,,,,,,,,,,,,,,,,,,,,,,2000-07-19,,2.43,,pre-market,,,,,,,,,,,,,2.1008,,,,,,,,,,,,
2000-09-30,JCI,,,,,,,,,,,,,,,,,,,,,,,,,,,,,,,,,,,,,,0.03,,,2.65,,,,,,,,,,,,,,,,,,,,,,,,,,,,,,,,,,,,,,,,,,,,,,,,,2000-10-24,,2.68,,pre-market,,,,,,,,,,,,,1.1321,,,,,,,,,,,,
2000-12-31,JCI,,,,,,,,,,,,,,,,,,,,,,,,,,,,,,,,,,,,,,-0.02,,,2.37,,,,,,,,,,,,,,,,,,,,,,,,,,,,,,,,,,,,,,,,,,,,,,,,,2001-01-17,,2.35,,pre-market,,,,,,,,,,,,,-0.8439,,,,,,,,,,,,
2001-03-31,JCI,,,,,,,,,,,,,,,,,,,,,,,,,,,,,,,,,,,,,,0.17,,,2.55,,,,,,,,,,,,,,,,,,,,,,,,,,,,,,,,,,,,,,,,,,,,,,,,,2001-04-18,,2.72,,pre-market,,,,,,,,,,,,,6.6667,,,,,,,,,,,,
2001-06-30,JCI,,,,,,,,,,,,,,,,,,,,,,,,,,,,,,,,,,,,,,0.12,,,2.9,,,,,,,,,,,,,,,,,,,,,,,,,,,,,,,,,,,,,,,,,,,,,,,,,2001-07-18,,3.02,,pre-market,,,,,,,,,,,,,4.1379,,,,,,,,,,,,
2001-09-30,JCI,,,,,,,,,,,,,,,,,,,,,,,,,,,,,,,,,,,,,,0.09,,,3.51,,,,,,,,,,,,,,,,,,,,,,,,,,,,,,,,,,,,,,,,,,,,,,,,,2001-10-18,,3.6,,pre-market,,,,,,,,,,,,,2.5641,,,,,,,,,,,,
2001-12-31,JCI,,,,,,,,,,,,,,,,,,,,,,,,,,,,,,,,,,,,,,0.07,,,3.03,,,,,,,,,,,,,,,,,,,,,,,,,,,,,,,,,,,,,,,,,,,,,,,,,2002-01-15,,3.1,,pre-market,,,,,,,,,,,,,2.3102,,,,,,,,,,,,
2002-03-31,JCI,,,,,,,,,,,,,,,,,,,,,,,,,,,,,,,,,,,,,,0.07,,,2.65,,,,,,,,,,,,,,,,,,,,,,,,,,,,,,,,,,,,,,,,,,,,,,,,,2002-04-25,,2.72,,pre-market,,,,,,,,,,,,,2.6415,,,,,,,,,,,,
2002-06-30,JCI,,,,,,,,,,,,,,,,,,,,,,,,,,,,,,,,,,,,,,0.01,,,1.87,,,,,,,,,,,,,,,,,,,,,,,,,,,,,,,,,,,,,,,,,,,,,,,,,2002-07-23,,1.88,,pre-market,,,,,,,,,,,,,0.5348,,,,,,,,,,,,
2002-09-30,JCI,,,,,,,,,,,,,,,,,,,,,,,,,,,,,,,,,,,,,,-0.07,,,1.33,,,,,,,,,,,,,,,,,,,,,,,,,,,,,,,,,,,,,,,,,,,,,,,,,2002-10-24,,1.26,,pre-market,,,,,,,,,,,,,-5.2632,,,,,,,,,,,,
2002-12-31,JCI,,,,,,,,,,,,,,,,,,,,,,,,,,,,,,,,,,,,,,0.0,,,1.34,,,,,,,,,,,,,,,,,,,,,,,,,,,,,,,,,,,,,,,,,,,,,,,,,2003-01-22,,1.34,,pre-market,,,,,,,,,,,,,0.0,,,,,,,,,,,,
2003-03-31,JCI,,,,,,,,,,,,,,,,,,,,,,,,,,,,,,,,,,,,,,0.01,,,1.33,,,,,,,,,,,,,,,,,,,,,,,,,,,,,,,,,,,,,,,,,,,,,,,,,2003-04-30,,1.34,,pre-market,,,,,,,,,,,,,0.7519,,,,,,,,,,,,
2003-06-30,JCI,,,,,,,,,,,,,,,,,,,,,,,,,,,,,,,,,,,,,,-0.11,,,1.45,,,,,,,,,,,,,,,,,,,,,,,,,,,,,,,,,,,,,,,,,,,,,,,,,2003-07-29,,1.34,,pre-market,,,,,,,,,,,,,-7.5862,,,,,,,,,,,,
2003-09-30,JCI,,,,,,,,,,,,,,,,,,,,,,,,,,,,,,,,,,,,,,0.02,,,1.4,,,,,,,,,,,,,,,,,,,,,,,,,,,,,,,,,,,,,,,,,,,,,,,,,2003-11-04,,1.42,,pre-market,,,,,,,,,,,,,1.4286,,,,,,,,,,,,
2003-12-31,JCI,,,,,,,,,,,,,,,,,,,,,,,,,,,,,,,,,,,,,,0.08,,,1.34,,,,,,,,,,,,,,,,,,,,,,,,,,,,,,,,,,,,,,,,,,,,,,,,,2004-02-03,,1.42,,pre-market,,,,,,,,,,,,,5.9701,,,,,,,,,,,,
2004-03-31,JCI,,,,,,,,,,,,,,,,,,,,,,,,,,,,,,,,,,,,,,0.22,,,1.5,,,,,,,,,,,,,,,,,,,,,,,,,,,,,,,,,,,,,,,,,,,,,,,,,2004-05-04,,1.72,,pre-market,,,,,,,,,,,,,14.6667,,,,,,,,,,,,
2004-06-30,JCI,,,,,,,,,,,,,,,,,,,,,,,,,,,,,,,,,,,,,,0.14,,,1.74,,,,,,,,,,,,,,,,,,,,,,,,,,,,,,,,,,,,,,,,,,,,,,,,,2004-08-03,,1.88,,pre-market,,,,,,,,,,,,,8.046,,,,,,,,,,,,
2004-09-30,JCI,,,,,,,,,,,,,,,,,,,,,,,,,,,,,,,,,,,,,,0.07,,,1.81,,,,,,,,,,,,,,,,,,,,,,,,,,,,,,,,,,,,,,,,,,,,,,,,,2004-11-01,,1.88,,pre-market,,,,,,,,,,,,,3.8674,,,,,,,,,,,,
2004-12-31,JCI,,,,,,,,,,,,,,,,,,,,,,,,,,,,,,,,,,,,,,0.01,,,1.75,,,,,,,,,,,,,,,,,,,,,,,,,,,,,,,,,,,,,,,,,,,,,,,,,2005-02-01,,1.76,,pre-market,,,,,,,,,,,,,0.5714,,,,,,,,,,,,
2005-03-31,JCI,,,,,,,,,,,,,,,,,,,,,,,,,,,,,,,,,,,,,,0.05,,,1.96,,,,,,,,,,,,,,,,,,,,,,,,,,,,,,,,,,,,,,,,,,,,,,,,,2005-05-03,,2.01,,pre-market,,,,,,,,,,,,,2.551,,,,,,,,,,,,
2005-06-30,JCI,,,,,,,,,,,,,,,,,,,,,,,,,,,,,,,,,,,,,,0.05,,,2.04,,,,,,,,,,,,,,,,,,,,,,,,,,,,,,,,,,,,,,,,,,,,,,,,,2005-08-02,,2.09,,pre-market,,,,,,,,,,,,,2.451,,,,,,,,,,,,
2005-09-30,JCI,,,,,,,,,,,,,,,,,,,,,,,,,,,,,,,,,,,,,,0.06,,,1.95,,,,,,,,,,,,,,,,,,,,,,,,,,,,,,,,,,,,,,,,,,,,,,,,,2005-11-16,,2.01,,pre-market,,,,,,,,,,,,,3.0769,,,,,,,,,,,,
2005-12-31,JCI,,,,,,,,,,,,,,,,,,,,,,,,,,,,,,,,,,,,,,0.03,,,1.6,,,,,,,,,,,,,,,,,,,,,,,,,,,,,,,,,,,,,,,,,,,,,,,,,2006-02-02,,1.63,,pre-market,,,,,,,,,,,,,1.875,,,,,,,,,,,,
2006-03-31,JCI,,,,,,,,,,,,,,,,,,,,,,,,,,,,,,,,,,,,,,0.14,,,1.74,,,,,,,,,,,,,,,,,,,,,,,,,,,,,,,,,,,,,,,,,,,,,,,,,2006-05-04,,1.88,,pre-market,,,,,,,,,,,,,8.046,,,,,,,,,,,,
2006-06-30,JCI,,,,,,,,,,,,,,,,,,,,,,,,,,,,,,,,,,,,,,0.06,,,1.99,,,,,,,,,,,,,,,,,,,,,,,,,,,,,,,,,,,,,,,,,,,,,,,,,2006-08-03,,2.05,,pre-market,,,,,,,,,,,,,3.0151,,,,,,,,,,,,
2006-09-30,JCI,,,,,,,,,,,,,,,,,,,,,,,,,,,,,,,,,,,,,,0.09,,,2.05,,,,,,,,,,,,,,,,,,,,,,,,,,,,,,,,,,,,,,,,,,,,,,,,,2006-11-15,,2.14,,pre-market,,,,,,,,,,,,,4.3902,,,,,,,,,,,,
2006-12-31,JCI,,,,,,,,,,,,,,,,,,,,,,,,,,,,,,,,,,,,,,0.05,,,1.83,,,,,,,,,,,,,,,,,,,,,,,,,,,,,,,,,,,,,,,,,,,,,,,,,2007-02-06,,1.88,,pre-market,,,,,,,,,,,,,2.7322,,,,,,,,,,,,
2007-03-31,JCI,,,,,,,,,,,,,,,,,,,,,,,,,,,,,,,,,,,,,,0.08,,,1.97,,,,,,,,,,,,,,,,,,,,,,,,,,,,,,,,,,,,,,,,,,,,,,,,,2007-05-08,,2.05,,pre-market,,,,,,,,,,,,,4.0609,,,,,,,,,,,,
2007-06-30,JCI,,,,,,,,,,,,,,,,,,,,,,,,,,,,,,,,,,,,,,0.08,,,0.5,,,,,,,,,,,,,,,,,,,,,,,,,,,,,,,,,,,,,,,,,,,,,,,,,2007-08-07,,0.58,,pre-market,,,,,,,,,,,,,16.0,,,,,,,,,,,,
2007-09-30,JCI,,,,,,,,,,,,,,,,,,,,,,,,,,,,,,,,,,,,,,0.02,,,0.58,,,,,,,,,,,,,,,,,,,,,,,,,,,,,,,,,,,,,,,,,,,,,,,,,2007-11-15,,0.6,,pre-market,,,,,,,,,,,,,3.4483,,,,,,,,,,,,
2007-12-31,JCI,,,,,,,,,,,,,,,,,,,,,,,,,,,,,,,,,,,,,,0.17,,,0.59,,,,,,,,,,,,,,,,,,,,,,,,,,,,,,,,,,,,,,,,,,,,,,,,,2008-02-05,,0.76,,pre-market,,,,,,,,,,,,,28.8136,,,,,,,,,,,,
2008-03-31,JCI,,,,,,,,,,,,,,,,,,,,,,,,,,,,,,,,,,,,,,0.1,,,0.6,,,,,,,,,,,,,,,,,,,,,,,,,,,,,,,,,,,,,,,,,,,,,,,,,2008-05-01,,0.7,,pre-market,,,,,,,,,,,,,16.6667,,,,,,,,,,,,
2008-06-30,JCI,,,,,,,,,,,,,,,,,,,,,,,,,,,,,,,,,,,,,,0.22,,,0.7,,,,,,,,,,,,,,,,,,,,,,,,,,,,,,,,,,,,,,,,,,,,,,,,,2008-07-31,,0.92,,pre-market,,,,,,,,,,,,,31.4286,,,,,,,,,,,,
2008-09-30,JCI,,,,,,,,,,,,,,,,,,,,,,,,,,,,,,,,,,,,,,0.08,,,0.77,,,,,,,,,,,,,,,,,,,,,,,,,,,,,,,,,,,,,,,,,,,,,,,,,2008-11-11,,0.85,,pre-market,,,,,,,,,,,,,10.3896,,,,,,,,,,,,
2008-12-31,JCI,,,,,,,,,,,,,,,,,,,,,,,,,,,,,,,,,,,,,,0.14,,,0.5,,,,,,,,,,,,,,,,,,,,,,,,,,,,,,,,,,,,,,,,,,,,,,,,,2009-02-03,,0.64,,pre-market,,,,,,,,,,,,,28.0,,,,,,,,,,,,
2009-03-31,JCI,,,,,,,,,,,,,,,,,,,,,,,,,,,,,,,,,,,,,,0.16,,,0.42,,,,,,,,,,,,,,,,,,,,,,,,,,,,,,,,,,,,,,,,,,,,,,,,,2009-04-30,,0.58,,pre-market,,,,,,,,,,,,,38.0952,,,,,,,,,,,,
2009-06-30,JCI,,,,,,,,,,,,,,,,,,,,,,,,,,,,,,,,,,,,,,0.14,,,0.47,,,,,,,,,,,,,,,,,,,,,,,,,,,,,,,,,,,,,,,,,,,,,,,,,2009-07-30,,0.61,,pre-market,,,,,,,,,,,,,29.7872,,,,,,,,,,,,
2009-09-30,JCI,,,,,,,,,,,,,,,,,,,,,,,,,,,,,,,,,,,,,,0.08,,,0.56,,,,,,,,,,,,,,,,,,,,,,,,,,,,,,,,,,,,,,,,,,,,,,,,,2009-11-10,,0.64,,pre-market,,,,,,,,,,,,,14.2857,,,,,,,,,,,,
2009-12-31,JCI,,,,,,,,,,,,,,,,,,,,,,,,,,,,,,,,,,,,,,0.06,,,0.62,,,,,,,,,,,,,,,,,,,,,,,,,,,,,,,,,,,,,,,,,,,,,,,,,2010-01-28,,0.68,,pre-market,,,,,,,,,,,,,9.6774,,,,,,,,,,,,
2010-03-31,JCI,,,,,,,,,,,,,,,,,,,,,,,,,,,,,,,,,,,,,,0.05,,,0.57,,,,,,,,,,,,,,,,,,,,,,,,,,,,,,,,,,,,,,,,,,,,,,,,,2010-04-27,,0.62,,pre-market,,,,,,,,,,,,,8.7719,,,,,,,,,,,,
2010-06-30,JCI,,,,,,,,,,,,,,,,,,,,,,,,,,,,,,,,,,,,,,0.08,,,0.67,,,,,,,,,,,,,,,,,,,,,,,,,,,,,,,,,,,,,,,,,,,,,,,,,2010-07-29,,0.75,,pre-market,,,,,,,,,,,,,11.9403,,,,,,,,,,,,
2010-09-30,JCI,,,,,,,,,,,,,,,,,,,,,,,,,,,,,,,,,,,,,,0.08,,,0.69,,,,,,,,,,,,,,,,,,,,,,,,,,,,,,,,,,,,,,,,,,,,,,,,,2010-11-09,,0.77,,pre-market,,,,,,,,,,,,,11.5942,,,,,,,,,,,,
2010-12-31,JCI,,,,,,,,,,,,,,,,,,,,,,,,,,,,,,,,,,,,,,0.08,,,0.71,,,,,,,,,,,,,,,,,,,,,,,,,,,,,,,,,,,,,,,,,,,,,,,,,2011-01-27,,0.79,,pre-market,,,,,,,,,,,,,11.2676,,,,,,,,,,,,
2011-03-31,JCI,,,,,,,,,,,,,,,,,,,,,,,,,,,,,,,,,,,,,,0.05,,,0.71,,,,,,,,,,,,,,,,,,,,,,,,,,,,,,,,,,,,,,,,,,,,,,,,,2011-04-28,,0.76,,pre-market,,,,,,,,,,,,,7.0423,,,,,,,,,,,,
2011-06-30,JCI,,,,,,,,,,,,,,,,,,,,,,,,,,,,,,,,,,,,,,0.13,,,0.76,,,,,,,,,,,,,,,,,,,,,,,,,,,,,,,,,,,,,,,,,,,,,,,,,2011-07-28,,0.89,,pre-market,,,,,,,,,,,,,17.1053,,,,,,,,,,,,
2011-09-30,JCI,,,,,,,,,,,,,,,,,,,,,,,,,,,,,,,,,,,,,,0.06,,,0.9,,,,,,,,,,,,,,,,,,,,,,,,,,,,,,,,,,,,,,,,,,,,,,,,,2011-11-16,,0.96,,pre-market,,,,,,,,,,,,,6.6667,,,,,,,,,,,,
2011-12-31,JCI,,,,,,,,,,,,,,,,,,,,,,,,,,,,,,,,,,,,,,0.06,,,0.82,,,,,,,,,,,,,,,,,,,,,,,,,,,,,,,,,,,,,,,,,,,,,,,,,2012-01-31,,0.88,,pre-market,,,,,,,,,,,,,7.3171,,,,,,,,,,,,
2012-03-31,JCI,,,,,,,,,,,,,,,,,,,,,,,,,,,,,,,,,,,,,,0.07,,,0.83,,,,,,,,,,,,,,,,,,,,,,,,,,,,,,,,,,,,,,,,,,,,,,,,,2012-04-26,,0.9,,pre-market,,,,,,,,,,,,,8.4337,,,,,,,,,,,,
2012-06-30,JCI,,,,,,,,,,,,,,,,,,,,,,,,,,,,,,,,,,,,,,0.09,,,0.97,,,,,,,,,,,,,,,,,,,,,,,,,,,,,,,,,,,,,,,,,,,,,,,,,2012-07-31,,1.06,,pre-market,,,,,,,,,,,,,9.2784,,,,,,,,,,,,
2012-09-30,JCI,,,,,,,,,,,,,,,,,,,,,,,,,,,,,,,,,,,,,,-0.01,,,0.36,,,,,,,,,,,,,,,,,,,,,,,,,,,,,,,,,,,,,,,,,,,,,,,,,2012-11-14,,0.35,,pre-market,,,,,,,,,,,,,-2.7778,,,,,,,,,,,,
2012-12-31,JCI,,,,,,,,,,,,,,,,,,,,,,,,,,,,,,,,,,,,,,0.01,,,0.41,,,,,,,,,,,,,,,,,,,,,,,,,,,,,,,,,,,,,,,,,,,,,,,,,2013-01-29,,0.42,,pre-market,,,,,,,,,,,,,2.439,,,,,,,,,,,,
2013-03-31,JCI,,,,,,,,,,,,,,,,,,,,,,,,,,,,,,,,,,,,,,0.03,,,0.41,,,,,,,,,,,,,,,,,,,,,,,,,,,,,,,,,,,,,,,,,,,,,,,,,2013-04-26,,0.44,,pre-market,,,,,,,,,,,,,7.3171,,,,,,,,,,,,
2013-06-30,JCI,,,,,,,,,,,,,,,,,,,,,,,,,,,,,,,,,,,,,,0.02,,,0.5,,,,,,,,,,,,,,,,,,,,,,,,,,,,,,,,,,,,,,,,,,,,,,,,,2013-07-26,,0.52,,pre-market,,,,,,,,,,,,,4.0,,,,,,,,,,,,
2013-09-30,JCI,,,,,,,,,,,,,,,,,,,,,,,,,,,,,,,,,,,,,,-0.01,,,0.55,,,,,,,,,,,,,,,,,,,,,,,,,,,,,,,,,,,,,,,,,,,,,,,,,2013-11-14,,0.54,,pre-market,,,,,,,,,,,,,-1.8182,,,,,,,,,,,,
2013-12-31,JCI,,,,,,,,,,,,,,,,,,,,,,,,,,,,,,,,,,,,,,0.02,,,0.47,,,,,,,,,,,,,,,,,,,,,,,,,,,,,,,,,,,,,,,,,,,,,,,,,2014-01-31,,0.49,,pre-market,,,,,,,,,,,,,4.2553,,,,,,,,,,,,
2014-03-31,JCI,,,,,,,,,,,,,,,,,,,,,,,,,,,,,,,,,,,,,,0.04,,,0.43,,,,,,,,,,,,,,,,,,,,,,,,,,,,,,,,,,,,,,,,,,,,,,,,,2014-04-25,,0.47,,pre-market,,,,,,,,,,,,,9.3023,,,,,,,,,,,,
2014-06-30,JCI,,,,,,,,,,,,,,,,,,,,,,,,,,,,,,,,,,,,,,0.01,,,0.56,,,,,,,,,,,,,,,,,,,,,,,,,,,,,,,,,,,,,,,,,,,,,,,,,2014-07-25,,0.57,,pre-market,,,,,,,,,,,,,1.7857,,,,,,,,,,,,
2014-09-30,JCI,,,,,,,,,,,,,,,,,,,,,,,,,,,,,,,,,,,,,,0.0,,,0.59,,,,,,,,,,,,,,,,,,,,,,,,,,,,,,,,,,,,,,,,,,,,,,,,,2014-11-13,,0.59,,pre-market,,,,,,,,,,,,,0.0,,,,,,,,,,,,
2014-12-31,JCI,,,,,,,,,,,,,,,,,,,,,,,,,,,,,,,,,,,,,,0.0,,,0.51,,,,,,,,,,,,,,,,,,,,,,,,,,,,,,,,,,,,,,,,,,,,,,,,,2015-01-30,,0.51,,pre-market,,,,,,,,,,,,,0.0,,,,,,,,,,,,
2015-03-31,JCI,,,,,,,,,,,,,,,,,,,,,,,,,,,,,,,,,,,,,,0.06,,,0.52,,,,,,,,,,,,,,,,,,,,,,,,,,,,,,,,,,,,,,,,,,,,,,,,,2015-04-24,,0.58,,pre-market,,,,,,,,,,,,,11.5385,,,,,,,,,,,,
2015-06-30,JCI,,,,,,,,,,,,,,,,,,,,,,,,,,,,,,,,,,,,,,0.03,,,0.59,,,,,,,,,,,,,,,,,,,,,,,,,,,,,,,,,,,,,,,,,,,,,,,,,2015-07-31,,0.62,,pre-market,,,,,,,,,,,,,5.0847,,,,,,,,,,,,
2015-09-30,JCI,,,,,,,,,,,,,,,,,,,,,,,,,,,,,,,,,,,,,,0.0,,,0.64,,,,,,,,,,,,,,,,,,,,,,,,,,,,,,,,,,,,,,,,,,,,,,,,,2015-11-13,,0.64,,pre-market,,,,,,,,,,,,,0.0,,,,,,,,,,,,
2015-12-31,JCI,,,,,,,,,,,,,,,,,,,,,,,,,,,,,,,,,,,,,,0.0,,,0.44,,,,,,,,,,,,,,,,,,,,,,,,,,,,,,,,,,,,,,,,,,,,,,,,,2016-01-29,,0.44,,pre-market,,,,,,,,,,,,,0.0,,,,,,,,,,,,
2016-03-31,JCI,,,,,,,,,,,,,,,,,,,,,,,,,,,,,,,,,,,,,,-0.01,,,0.48,,,,,,,,,,,,,,,,,,,,,,,,,,,,,,,,,,,,,,,,,,,,,,,,,2016-04-29,,0.47,,pre-market,,,,,,,,,,,,,-2.0833,,,,,,,,,,,,
2016-06-30,JCI,,,,,,,,,,,,,,,,,,,,,,,,,,,,,,,,,,,,,,0.01,,,0.56,,,,,,,,,,,,,,,,,,,,,,,,,,,,,,,,,,,,,,,,,,,,,,,,,2016-07-29,,0.57,,pre-market,,,,,,,,,,,,,1.7857,,,,,,,,,,,,
2016-09-30,JCI,,,,,,,,,,,,,,,,,,,,,,,,,,,,,,,,,,,,,,0.15,,,1.06,,,,,,,,,,,,,,,,,,,,,,,,,,,,,,,,,,,,,,,,,,,,,,,,,2016-11-08,,1.21,,pre-market,,,,,,,,,,,,,14.1509,,,,,,,,,,,,
2016-12-31,JCI,,,,,,,,,,,,,,,,,,,,,,,,,,,,,,,,,,,,,,0.01,,,0.52,,,,,,,,,,,,,,,,,,,,,,,,,,,,,,,,,,,,,,,,,,,,,,,,,2017-02-01,,0.53,,pre-market,,,,,,,,,,,,,1.9231,,,,,,,,,,,,
2017-03-31,JCI,,,,,,,,,,,,,,,,,,,,,,,,,,,,,,,,,,,,,,0.01,,,0.49,,,,,,,,,,,,,,,,,,,,,,,,,,,,,,,,,,,,,,,,,,,,,,,,,2017-04-27,,0.5,,pre-market,,,,,,,,,,,,,2.0408,,,,,,,,,,,,
2017-06-30,JCI,,,,,,,,,,,,,,,,,,,,,,,,,,,,,,,,,,,,,,0.0,,,0.71,,,,,,,,,,,,,,,,,,,,,,,,,,,,,,,,,,,,,,,,,,,,,,,,,2017-07-27,,0.71,,pre-market,,,,,,,,,,,,,0.0,,,,,,,,,,,,
2017-09-30,JCI,,,,,,,,,,,,,,,,,,,,,,,,,,,,,,,,,,,,,,0.0,,,0.87,,,,,,,,,,,,,,,,,,,,,,,,,,,,,,,,,,,,,,,,,,,,,,,,,2017-11-09,,0.87,,pre-market,,,,,,,,,,,,,0.0,,,,,,,,,,,,
2017-12-31,JCI,,,,,,,,,,,,,,,,,,,,,,,,,,,,,,,,,,,,,,0.01,,,0.53,,,,,,,,,,,,,,,,,,,,,,,,,,,,,,,,,,,,,,,,,,,,,,,,,2018-01-31,,0.54,,pre-market,,,,,,,,,,,,,1.8868,,,,,,,,,,,,
2018-03-31,JCI,,,,,,,,,,,,,,,,,,,,,,,,,,,,,,,,,,,,,,0.01,,,0.52,,,,,,,,,,,,,,,,,,,,,,,,,,,,,,,,,,,,,,,,,,,,,,,,,2018-05-01,,0.53,,pre-market,,,,,,,,,,,,,1.9231,,,,,,,,,,,,
2018-06-30,JCI,,,,,,,,,,,,,,,,,,,,,,,,,,,,,,,,,,,,,,0.02,,,0.79,,,,,,,,,,,,,,,,,,,,,,,,,,,,,,,,,,,,,,,,,,,,,,,,,2018-07-31,,0.81,,pre-market,,,,,,,,,,,,,2.5316,,,,,,,,,,,,
2018-09-30,JCI,,,,,,,,,,,,,,,,,,,,,,,,,,,,,,,,,,,,,,0.0,,,0.93,,,,,,,,,,,,,,,,,,,,,,,,,,,,,,,,,,,,,,,,,,,,,,,,,2018-11-08,,0.93,,pre-market,,,,,,,,,,,,,0.0,,,,,,,,,,,,
2018-12-31,JCI,,,,,,,,,,,,,,,,,,,,,,,,,,,,,,,,,,,,,,0.02,,,0.24,,,,,,,,,,,,,,,,,,,,,,,,,,,,,,,,,,,,,,,,,,,,,,,,,2019-02-01,,0.26,,pre-market,,,,,,,,,,,,,8.3333,,,,,,,,,,,,
2019-03-31,JCI,,,,,,,,,,,,,,,,,,,,,,,,,,,,,,,,,,,,,,0.02,,,0.3,,,,,,,,,,,,,,,,,,,,,,,,,,,,,,,,,,,,,,,,,,,,,,,,,2019-05-01,,0.32,,pre-market,,,,,,,,,,,,,6.6667,,,,,,,,,,,,
2019-06-30,JCI,,,,,,,,,,,,,,,,,,,,,,,,,,,,,,,,,,,,,,0.02,,,0.63,,,,,,,,,,,,,,,,,,,,,,,,,,,,,,,,,,,,,,,,,,,,,,,,,2019-07-31,,0.65,,pre-market,,,,,,,,,,,,,3.1746,,,,,,,,,,,,
2019-09-30,JCI,,,,,,,,,,,,,,,,,,,,,,,,,,,,,,,,,,,,,,0.02,,,0.76,,,,,,,,,,,,,,,,,,,,,,,,,,,,,,,,,,,,,,,,,,,,,,,,,2019-11-07,,0.78,,pre-market,,,,,,,,,,,,,2.6316,,,,,,,,,,,,
2019-12-31,JCI,,,,,,,,,,,,,,,,,,,,,,,,,,,,,,,,,,,,,,0.02,,,0.38,,,,,,,,,,,,,,,,,,,,,,,,,,,,,,,,,,,,,,,,,,,,,,,,,2020-01-31,,0.4,,pre-market,,,,,,,,,,,,,5.2632,,,,,,,,,,,,
2020-03-31,JCI,,,,,,,,,,,,,,,,,,,,,,,,,,,,,,,,,,,,,,0.06,,,0.36,,,,,,,,,,,,,,,,,,,,,,,,,,,,,,,,,,,,,,,,,,,,,,,,,2020-05-01,,0.42,,pre-market,,,,,,,,,,,,,16.6667,,,,,,,,,,,,
2020-06-30,JCI,,,,,,,,,,,,,,,,,,,,,,,,,,,,,,,,,,,,,,0.19,,,0.48,,,,,,,,,,,,,,,,,,,,,,,,,,,,,,,,,,,,,,,,,,,,,,,,,2020-07-31,,0.67,,pre-market,,,,,,,,,,,,,39.5833,,,,,,,,,,,,
2020-09-30,JCI,,,,,,,,,,,,,,,,,,,,,,,,,,,,,,,,,,,,,,0.03,,,0.73,,,,,,,,,,,,,,,,,,,,,,,,,,,,,,,,,,,,,,,,,,,,,,,,,2020-11-03,,0.76,,pre-market,,,,,,,,,,,,,4.1096,,,,,,,,,,,,
2020-12-31,JCI,,,,,,,,,,,,,,,,,,,,,,,,,,,,,,,,,,,,,,0.03,,,0.4,,,,,,,,,,,,,,,,,,,,,,,,,,,,,,,,,,,,,,,,,,,,,,,,,2021-01-29,,0.43,,pre-market,,,,,,,,,,,,,7.5,,,,,,,,,,,,
2021-03-31,JCI,,,,,,,,,,,,,,,,,,,,,,,,,,,,,,,,,,,,,,0.03,,,0.49,,,,,,,,,,,,,,,,,,,,,,,,,,,,,,,,,,,,,,,,,,,,,,,,,2021-04-30,,0.52,,pre-market,,,,,,,,,,,,,6.1224,,,,,,,,,,,,
2021-06-30,JCI,,,,,,,,,,,,,,,,,,,,,,,,,,,,,,,,,,,,,,0.0,,,0.83,,,,,,,,,,,,,,,,,,,,,,,,,,,,,,,,,,,,,,,,,,,,,,,,,2021-07-30,,0.83,,pre-market,,,,,,,,,,,,,0.0,,,,,,,,,,,,
2021-09-30,JCI,,,,,,,,,,,,,,,,,,,,,,,,,,,,,,,,,,,,,,0.01,,,0.87,,,,,,,,,,,,,,,,,,,,,,,,,,,,,,,,,,,,,,,,,,,,,,,,,2021-11-05,,0.88,,pre-market,,,,,,,,,,,,,1.1494,,,,,,,,,,,,
2021-12-31,JCI,,,,,,,,,,,,,,,,,,,,,,,,,,,,,,,,,,,,,,0.01,,,0.53,,,,,,,,,,,,,,,,,,,,,,,,,,,,,,,,,,,,,,,,,,,,,,,,,2022-02-02,,0.54,,pre-market,,,,,,,,,,,,,1.8868,,,,,,,,,,,,
2022-03-31,JCI,,,,,,,,,,,,,,,,,,,,,,,,,,,,,,,,,,,,,,0.0,,,0.63,,,,,,,,,,,,,,,,,,,,,,,,,,,,,,,,,,,,,,,,,,,,,,,,,2022-05-04,,0.63,,pre-market,,,,,,,,,,,,,0.0,,,,,,,,,,,,
2022-06-30,JCI,,,,,,,,,,,,,,,,,,,,,,,,,,,,,,,,,,,,,,0.0,,,0.85,,,,,,,,,,,,,,,,,,,,,,,,,,,,,,,,,,,,,,,,,,,,,,,,,2022-08-04,,0.85,,pre-market,,,,,,,,,,,,,0.0,,,,,,,,,,,,
2022-09-30,JCI,,,,,,,,,,,,,,,,,,,,,,,,,,,,,,,,,,,,,,0.01,,,0.98,,,,,,,,,,,,,,,,,,,,,,,,,,,,,,,,,,,,,,,,,,,,,,,,,2022-11-03,,0.99,,pre-market,,,,,,,,,,,,,1.0204,,,,,,,,,,,,
2022-12-31,JCI,,,,,,,,,,,,,,,,,,,,,,,,,,,,,,,,,,,,,,0.0,,,0.67,,,,,,,,,,,,,,,,,,,,,,,,,,,,,,,,,,,,,,,,,,,,,,,,,2023-02-01,,0.67,,pre-market,,,,,,,,,,,,,0.0,,,,,,,,,,,,
2023-03-31,JCI,,,,,,,,,,,,,,,,,,,,,,,,,,,,,,,,,,,,,,0.02,,,0.73,,,,,,,,,,,,,,,,,,,,,,,,,,,,,,,,,,,,,,,,,,,,,,,,,2023-05-05,,0.75,,pre-market,,,,,,,,,,,,,2.7397,,,,,,,,,,,,
2023-06-30,JCI,,,,,,,,,,,,,,,,,,,,,,,,,,,,,,,,,,,,,,0.0,,,1.03,,,,,,,,,,,,,,,,,,,,,,,,,,,,,,,,,,,,,,,,,,,,,,,,,2023-08-02,,1.03,,pre-market,,,,,,,,,,,,,0.0,,,,,,,,,,,,
2023-09-30,JCI,,,,,,,,,,,,,,,,,,,,,,,,,,,,,,,,,,,,,,-0.04,,,1.09,,,,,,,,,,,,,,,,,,,,,,,,,,,,,,,,,,,,,,,,,,,,,,,,,2023-12-12,,1.05,,pre-market,,,,,,,,,,,,,-3.6697,,,,,,,,,,,,
2023-12-31,JCI,,,,,,,,,,,,,,,,,,,,,,,,,,,,,,,,,,,,,,0.0,,,0.51,,,,,,,,,,,,,,,,,,,,,,,,,,,,,,,,,,,,,,,,,,,,,,,,,2024-01-30,,0.51,,pre-market,,,,,,,,,,,,,0.0,,,,,,,,,,,,
2024-03-31,JCI,,,,,,,,,,,,,,,,,,,,,,,,,,,,,,,,,,,,,,0.03,,,0.75,,,,,,,,,,,,,,,,,,,,,,,,,,,,,,,,,,,,,,,,,,,,,,,,,2024-05-01,,0.78,,pre-market,,,,,,,,,,,,,4.0,,,,,,,,,,,,
2024-06-30,JCI,,,,,,,,,,,,,,,,,,,,,,,,,,,,,,,,,,,,,,0.06,,,1.08,,,,,,,,,,,,,,,,,,,,,,,,,,,,,,,,,,,,,,,,,,,,,,,,,2024-07-31,,1.14,,pre-market,,,,,,,,,,,,,5.5556,,,,,,,,,,,,
2024-09-30,JCI,,,,,,,,,,,,,,,,,,,,,,,,,,,,,,,,,,,,,,0.03,,,1.25,,,,,,,,,,,,,,,,,,,,,,,,,,,,,,,,,,,,,,,,,,,,,,,,,2024-11-06,,1.28,,pre-market,,,,,,,,,,,,,2.4,,,,,,,,,,,,
2024-12-31,JCI,,,,,,,,,,,,,,,,,,,,,,,,,,,,,,,,,,,,,,0.05,,,0.59,,,,,,,,,,,,,,,,,,,,,,,,,,,,,,,,,,,,,,,,,,,,,,,,,2025-02-05,,0.64,,pre-market,,,,,,,,,,,,,8.4746,,,,,,,,,,,,
2025-03-31,JCI,,,,,,,,,,,,,,,,,,,,,,,,,,,,,,,,,,,,,,0.02,,,0.8,,,,,,,,,,,,,,,,,,,,,,,,,,,,,,,,,,,,,,,,,,,,,,,,,2025-05-07,,0.82,,pre-market,,,,,,,,,,,,,2.5,,,,,,,,,,,,
2025-06-30,JCI,,,,,,,,,,,,,,,,,,,,,,,,,,,,,,,,,,,,,,0.04,,,1.01,,,,,,,,,,,,,,,,,,,,,,,,,,,,,,,,,,,,,,,,,,,,,,,,,2025-07-29,,1.05,,pre-market,,,,,,,,,,,,,3.9604,,,,,,,,,,,,
2025-09-30,JCI,,,,,,,,,,,,,,,,,,,,,,,,,,,,,,,,,,,,,,0.07,,,1.19,,,,,,,,,,,,,,,,,,,,,,,,,,,,,,,,,,,,,,,,,,,,,,,,,2025-11-12,,1.26,,pre-market,,,,,,,,,,,,,5.8824,,,,,,,,,,,,
2025-12-28,JCI,2.62,23595999000.0,46.59,,1.417,21.15,,,,,,,,,,,,,,,,,,,,,,,,,,1.51,0.0124,,,,1.813,0.07,,,1.19,,26.81,,8592000000.0,,,,,,,,,,,,,,,,,,,0.153,,,,,,,,,,,,,1.529,5.77,3.385,,,,,,,,0.14,,,2025-11-12,,1.26,,pre-market,,,0.0461,0.114,0.031,36.2,,,,,102.75,115.66,5.8824,,,,,,,,,46.59,,123.37,67.31
2025-12-28,JCI,2.62,23595999000.0,46.59,,1.417,21.15,,,,,,,,,,,,,,,None,4091000000,4091000000,,,,,,None,280000000,,1.51,0.0124,,,,1.813,0.07,431000000,711000000,1.19,2025-09-30,26.81,,8592000000.0,2351000000,355000000,85000000,,,None,76000000,11000000,,None,,,,,123000000,270000000,-46000000,None,0.153,,1521000000,830000000,,,,,None,,,,,1.529,5.77,3.385,,,,,,,,0.14,,,2025-11-12,quarterly,1.26,USD,pre-market,None,,0.0461,0.114,0.031,36.2,1521000000,,,,102.75,115.66,5.8824,,,,,,,6442000000,,46.59,,123.37,67.31
2025-12-28,JCI,2.62,23595999000.0,46.59,,1.417,21.15,,,,,,,,,,,,,,,None,3806000000,3806000000,,,,,,None,190000000,,1.51,0.0124,,,,1.813,0.07,760000000,950000000,1.19,2025-06-30,26.81,,8592000000.0,2246000000,705000000,87000000,,,None,55000000,77000000,,None,,,,,701000000,618000000,-56000000,None,0.153,,1417000000,829000000,,,,,None,,,,,1.529,5.77,3.385,,,,,,,,0.14,,,2025-11-12,quarterly,1.26,USD,pre-market,None,,0.0461,0.114,0.031,36.2,1417000000,,,,102.75,115.66,5.8824,,,,,,,6052000000,,46.59,,123.37,67.31
2025-12-28,JCI,2.62,23595999000.0,46.59,,1.417,21.15,,,,,,,,,,,,,,,None,3607000000,3607000000,,,,,,None,202000000,,1.51,0.0124,,,,1.813,0.07,557000000,759000000,1.19,2025-03-31,26.81,,8592000000.0,2069000000,501000000,26000000,,,None,56000000,2000000,,None,,,,,478000000,475000000,-58000000,None,0.153,,1427000000,642000000,,,,,None,,,,,1.529,5.77,3.385,,,,,,,,0.14,,,2025-11-12,quarterly,1.26,USD,pre-market,None,,0.0461,0.114,0.031,36.2,1427000000,,,,102.75,115.66,5.8824,,,,,,,5676000000,,46.59,,123.37,67.31
2025-12-28,JCI,2.62,23595999000.0,46.59,,1.417,21.15,,,,,,,,,,,,,,,None,3500000000,3500000000,,,,,,None,193000000,,1.51,0.0124,,,,1.813,0.07,475000000,668000000,1.19,2024-12-31,26.81,,8592000000.0,1926000000,408000000,47000000,,,None,67000000,3000000,,None,,,,,419000000,361000000,-70000000,None,0.153,,1399000000,527000000,,,,,None,,,,,1.529,5.77,3.385,,,,,,,,0.14,,,2025-11-12,quarterly,1.26,USD,pre-market,None,,0.0461,0.114,0.031,36.2,1399000000,,,,102.75,115.66,5.8824,,,,,,,5426000000,,46.59,,123.37,67.31
2025-12-28,JCI,2.62,23595999000.0,46.59,,1.417,21.15,,,,,,,,,,,,,,,None,3986000000,3986000000,,,,,,None,192000000,,1.51,0.0124,,,,1.813,0.07,761000000,953000000,1.19,2024-09-30,26.81,,8592000000.0,2262000000,648000000,110000000,,,None,113000000,2000000,,None,,,,,633000000,189000000,-87000000,None,0.153,,1368000000,894000000,,,,,None,,,,,1.529,5.77,3.385,,,,,,,,0.14,,,2025-11-12,quarterly,1.26,USD,pre-market,None,,0.0461,0.114,0.031,36.2,807000000,,,,102.75,115.66,5.8824,,,,,,,6248000000,,46.59,,123.37,67.31
2025-12-28,JCI,2.62,23595999000.0,46.59,,1.417,21.15,,,,,,,,,,,,,,,None,4743000000,4743000000,,,,,,None,220000000,,1.51,0.0124,,,,1.813,0.07,1410000000,1630000000,1.19,2024-06-30,26.81,,8592000000.0,2488000000,1279000000,227000000,,,None,131000000,5000000,,None,,,,,975000000,1052000000,-106000000,None,0.153,,1088000000,1400000000,,,,,None,,,,,1.529,5.77,3.385,,,,,,,,0.14,,,2025-11-12,quarterly,1.26,USD,pre-market,None,,0.0461,0.114,0.031,36.2,1090000000,,,,102.75,115.66,5.8824,,,,,,,7231000000,,46.59,,123.37,67.31
2025-12-28,JCI,2.62,23595999000.0,46.59,,1.417,21.15,,,,,,,,,,,,,,,None,3674000000,3674000000,,,,,,None,215000000,,1.51,0.0124,,,,1.813,0.07,-312000000,-97000000,1.19,2024-03-31,26.81,,8592000000.0,1923000000,-471000000,-153000000,,,None,159000000,5000000,,None,,,,,-277000000,-234000000,-99000000,None,0.153,,2065000000,-142000000,,,,,None,,,,,1.529,5.77,3.385,,,,,,,,0.14,,,2025-11-12,quarterly,1.26,USD,pre-market,None,,0.0461,0.114,0.031,36.2,2251000000,,,,102.75,115.66,5.8824,,,,,,,5597000000,,46.59,,123.37,67.31
2025-12-28,JCI,2.62,23595999000.0,46.59,,1.417,21.15,,,,,,,,,,,,,,,None,3422000000,3422000000,,,,,,None,208000000,,1.51,0.0124,,,,1.813,0.07,384000000,592000000,1.19,2023-12-31,26.81,,8592000000.0,1787000000,320000000,-20000000,,,None,64000000,5000000,,None,,,,,374000000,404000000,-110000000,None,0.153,,1334000000,453000000,,,,,None,,,,,1.529,5.77,3.385,,,,,,,,0.14,,,2025-11-12,quarterly,1.26,USD,pre-market,None,,0.0461,0.114,0.031,36.2,1513000000,,,,102.75,115.66,5.8824,,,,,,,5209000000,,46.59,,123.37,67.31
2025-12-28,JCI,2.62,23595999000.0,46.59,,1.417,21.15,,,,,,,,,,,,,,,None,3873000000,3873000000,,,,,,None,202000000,,1.51,0.0124,,,,1.813,0.07,497000000,699000000,1.19,2023-09-30,26.81,,8592000000.0,1980000000,396000000,-92000000,,,None,101000000,1000000,,None,,,,,549000000,581000000,-63000000,None,0.153,,1309000000,671000000,,,,,None,,,,,1.529,5.77,3.385,,,,,,,,0.14,,,2025-11-12,quarterly,1.26,USD,pre-market,320000000,,0.0461,0.114,0.031,36.2,1476000000,,,,102.75,115.66,5.8824,,,,,,,5853000000,,46.59,,123.37,67.31
2025-12-28,JCI,2.62,23595999000.0,46.59,,1.417,21.15,,,,,,,,,,,,,,,None,4688000000,4688000000,,,,,,None,212000000,,1.51,0.0124,,,,1.813,0.07,831000000,1043000000,1.19,2023-06-30,26.81,,8592000000.0,2445000000,793000000,-329000000,,,None,38000000,67000000,,None,,,,,1049000000,1122000000,-80000000,None,0.153,,1555000000,890000000,,,,,78000000,,,,,1.529,5.77,3.385,,,,,,,,0.14,,,2025-11-12,quarterly,1.26,USD,pre-market,None,,0.0461,0.114,0.031,36.2,1555000000,,,,102.75,115.66,5.8824,,,,,,,7133000000,,46.59,,123.37,67.31
2025-12-28,JCI,2.62,23595999000.0,46.59,,1.417,21.15,,,,,,,,,,,,,,,None,4432000000,4432000000,,,,,,None,206000000,,1.51,0.0124,,,,1.813,0.07,320000000,526000000,1.19,2023-03-31,26.81,,8592000000.0,2254000000,223000000,49000000,,,None,97000000,3000000,,None,,,,,133000000,174000000,-71000000,None,0.153,,1579000000,675000000,,,,,50000000,,,,,1.529,5.77,3.385,,,,,,,,0.14,,,2025-11-12,quarterly,1.26,USD,pre-market,None,,0.0461,0.114,0.031,36.2,1579000000,,,,102.75,115.66,5.8824,,,,,,,6686000000,,46.59,,123.37,67.31
2025-12-28,JCI,2.62,23595999000.0,46.59,,1.417,21.15,,,,,,,,,,,,,,,None,3982000000,3982000000,,,,,,None,203000000,,1.51,0.0124,,,,1.813,0.07,328000000,531000000,1.19,2022-12-31,26.81,,8592000000.0,2086000000,170000000,14000000,,,None,158000000,57000000,,None,,,,,118000000,156000000,-75000000,None,0.153,,1571000000,515000000,,,,,62000000,,,,,1.529,5.77,3.385,,,,,,,,0.14,,,2025-11-12,quarterly,1.26,USD,pre-market,None,,0.0461,0.114,0.031,36.2,1571000000,,,,102.75,115.66,5.8824,,,,,,,6068000000,,46.59,,123.37,67.31
2025-12-28,JCI,2.62,23595999000.0,46.59,,1.417,21.15,,,,,,,,,,,,,,,None,4434000000,4434000000,,,,,,None,197000000,,1.51,0.0124,,,,1.813,0.07,690000000,887000000,1.19,2022-09-30,26.81,,8592000000.0,2291000000,606000000,-203000000,,,None,84000000,60000000,,None,,,,,761000000,809000000,-60000000,None,0.153,,1533000000,758000000,,,,,71000000,,,,,1.529,5.77,3.385,,,,,,,,0.14,,,2025-11-12,quarterly,1.26,USD,pre-market,295000000,,0.0461,0.114,0.031,36.2,1533000000,,,,102.75,115.66,5.8824,,,,,,,6725000000,,46.59,,123.37,67.31
2025-12-28,JCI,2.62,23595999000.0,46.59,,1.417,21.15,,,,,,,,,,,,,,,None,4425000000,4425000000,,,,,,None,201000000,,1.51,0.0124,,,,1.813,0.07,548000000,749000000,1.19,2022-06-30,26.81,,8592000000.0,2189000000,504000000,61000000,,,None,44000000,2000000,,None,,,,,379000000,443000000,-58000000,None,0.153,,1585000000,604000000,,,,,63000000,,,,,1.529,5.77,3.385,,,,,,,,0.14,,,2025-11-12,quarterly,1.26,USD,pre-market,None,,0.0461,0.114,0.031,36.2,1589000000,,,,102.75,115.66,5.8824,,,,,,,6614000000,,46.59,,123.37,67.31
2025-12-28,JCI,2.62,23595999000.0,46.59,,1.417,21.15,,,,,,,,,,,,,,,None,4143000000,4143000000,,,,,,None,208000000,,1.51,0.0124,,,,1.813,0.07,172000000,380000000,1.19,2022-03-31,26.81,,8592000000.0,1955000000,110000000,58000000,,,None,62000000,1000000,,None,,,,,11000000,52000000,-60000000,None,0.153,,1448000000,507000000,,,,,42000000,,,,,1.529,5.77,3.385,,,,,,,,0.14,,,2025-11-12,quarterly,1.26,USD,pre-market,None,,0.0461,0.114,0.031,36.2,1454000000,,,,102.75,115.66,5.8824,,,,,,,6098000000,,46.59,,123.37,67.31
2025-12-28,JCI,2.62,23595999000.0,46.59,,1.417,21.15,,,,,,,,,,,,,,,None,3982000000,3982000000,,,,,,None,224000000,,1.51,0.0124,,,,1.813,0.07,637000000,861000000,1.19,2021-12-31,26.81,,8592000000.0,1880000000,490000000,71000000,,,None,147000000,2000000,,None,,,,,381000000,419000000,-58000000,None,0.153,,1374000000,506000000,,,,,70000000,,,,,1.529,5.77,3.385,,,,,,,,0.14,,,2025-11-12,quarterly,1.26,USD,pre-market,None,,0.0461,0.114,0.031,36.2,1369000000,,,,102.75,115.66,5.8824,,,,,,,5862000000,,46.59,,123.37,67.31
2025-12-28,JCI,2.62,23595999000.0,46.59,,1.417,21.15,,,,,,,,,,,,,,,None,4199000000,4199000000,,,,,,None,218000000,,1.51,0.0124,,,,1.813,0.07,910000000,1128000000,1.19,2021-09-30,26.81,,8592000000.0,2193000000,806000000,490000000,,,None,104000000,47000000,,None,,,,,269000000,316000000,-47000000,None,0.153,,1342000000,851000000,,,,,73000000,,,,,1.529,5.77,3.385,,,,,,,,0.14,,,2025-11-12,quarterly,1.26,USD,pre-market,275000000,,0.0461,0.114,0.031,36.2,1344000000,,,,102.75,115.66,5.8824,,,,,,,6392000000,,46.59,,123.37,67.31
2025-12-28,JCI,2.62,23595999000.0,46.59,,1.417,21.15,,,,,,,,,,,,,,,None,4158000000,4158000000,,,,,,None,208000000,,1.51,0.0124,,,,1.813,0.07,814000000,1022000000,1.19,2021-06-30,26.81,,8592000000.0,2183000000,769000000,108000000,,,None,45000000,1000000,,None,,,,,574000000,661000000,-61000000,None,0.153,,1371000000,812000000,,,,,74000000,,,,,1.529,5.77,3.385,,,,,,,,0.14,,,2025-11-12,quarterly,1.26,USD,pre-market,None,,0.0461,0.114,0.031,36.2,1367000000,,,,102.75,115.66,5.8824,,,,,,,6341000000,,46.59,,123.37,67.31
2025-12-28,JCI,2.62,23595999000.0,46.59,,1.417,21.15,,,,,,,,,,,,,,,None,3652000000,3652000000,,,,,,None,212000000,,1.51,0.0124,,,,1.813,0.07,763000000,975000000,1.19,2021-03-31,26.81,,8592000000.0,1942000000,606000000,209000000,,,None,157000000,3000000,,None,,,,,343000000,397000000,-54000000,None,0.153,,1271000000,671000000,,,,,56000000,,,,,1.529,5.77,3.385,,,,,,,,0.14,,,2025-11-12,quarterly,1.26,USD,pre-market,None,,0.0461,0.114,0.031,36.2,1253000000,,,,102.75,115.66,5.8824,,,,,,,5594000000,,46.59,,123.37,67.31
2025-12-28,JCI,2.62,23595999000.0,46.59,,1.417,21.15,,,,,,,,,,,,,,,None,3620000000,3620000000,,,,,,None,207000000,,1.51,0.0124,,,,1.813,0.07,459000000,666000000,1.19,2020-12-31,26.81,,8592000000.0,1721000000,433000000,61000000,,,None,26000000,3000000,,None,,,,,451000000,372000000,-64000000,None,0.153,,1300000000,421000000,,,,,58000000,,,,,1.529,5.77,3.385,,,,,,,,0.14,,,2025-11-12,quarterly,1.26,USD,pre-market,None,,0.0461,0.114,0.031,36.2,1294000000,,,,102.75,115.66,5.8824,,,,,,,5341000000,,46.59,,123.37,67.31
2025-12-28,JCI,2.62,23595999000.0,46.59,,1.417,21.15,,,,,,,,,,,,,,,None,3973000000,3973000000,,,,,,None,206000000,,1.51,0.0124,,,,1.813,0.07,606000000,812000000,1.19,2020-09-30,26.81,,8592000000.0,1981000000,521000000,31000000,,,None,85000000,54000000,,None,,,,,441000000,490000000,-62000000,None,0.153,,1463000000,518000000,,,,,61000000,,,,,1.529,5.77,3.385,,,,,,,,0.14,,,2025-11-12,quarterly,1.26,USD,pre-market,274000000,,0.0461,0.114,0.031,36.2,1453000000,,,,102.75,115.66,5.8824,,,,,,,5954000000,,46.59,,123.37,67.31
2025-12-28,JCI,2.62,23595999000.0,46.59,,1.417,21.15,,,,,,,,,,,,,,,None,3507000000,3507000000,,,,,,None,202000000,,1.51,0.0124,,,,1.813,0.07,-38000000,164000000,1.19,2020-06-30,26.81,,8592000000.0,1836000000,-123000000,-1000000,,,None,85000000,3000000,,None,,,,,-182000000,-122000000,-63000000,None,0.153,,1344000000,492000000,,,,,47000000,,,,,1.529,5.77,3.385,,,,,,,,0.14,,,2025-11-12,quarterly,1.26,USD,pre-market,None,,0.0461,0.114,0.031,36.2,1334000000,,,,102.75,115.66,5.8824,,,,,,,5343000000,,46.59,,123.37,67.31
2025-12-28,JCI,2.62,23595999000.0,46.59,,1.417,21.15,,,,,,,,,,,,,,,None,3649000000,3649000000,,,,,,None,207000000,,1.51,0.0124,,,,1.813,0.07,306000000,513000000,1.19,2020-03-31,26.81,,8592000000.0,1795000000,249000000,13000000,,,None,57000000,5000000,,None,,,,,213000000,236000000,-62000000,None,0.153,,1431000000,364000000,,,,,20000000,,,,,1.529,5.77,3.385,,,,,,,,0.14,,,2025-11-12,quarterly,1.26,USD,pre-market,None,,0.0461,0.114,0.031,36.2,1451000000,,,,102.75,115.66,5.8824,,,,,,,5444000000,,46.59,,123.37,67.31
2025-12-28,JCI,2.62,23595999000.0,46.59,,1.417,21.15,,,,,,,,,,,,,,,None,3771000000,3771000000,,,,,,None,207000000,,1.51,0.0124,,,,1.813,0.07,382000000,589000000,1.19,2019-12-31,26.81,,8592000000.0,1805000000,256000000,65000000,,,None,126000000,13000000,,None,,,,,159000000,191000000,-54000000,None,0.153,,1423000000,382000000,,,,,43000000,,,,,1.529,5.77,3.385,,,,,,,,0.14,,,2025-11-12,quarterly,1.26,USD,pre-market,None,,0.0461,0.114,0.031,36.2,1427000000,,,,102.75,115.66,5.8824,,,,,,,5576000000,,46.59,,123.37,67.31
2025-12-28,JCI,2.62,23595999000.0,46.59,,1.417,21.15,,,,,,,,,,,,,,,None,4294000000,4294000000,,,,,,None,200000000,,1.51,0.0124,,,,1.813,0.07,83000000,283000000,1.19,2019-09-30,26.81,,8592000000.0,1980000000,27000000,-627000000,,,None,56000000,40000000,,None,,,,,612000000,654000000,-54000000,None,0.153,,1964000000,16000000,,,,,None,,,,,1.529,5.77,3.385,,,,,,,,0.14,,,2025-11-12,quarterly,1.26,USD,pre-market,319000000,,0.0461,0.114,0.031,36.2,1960000000,,,,102.75,115.66,5.8824,,,,,,,6274000000,,46.59,,123.37,67.31
2025-12-28,JCI,2.62,23595999000.0,46.59,,1.417,21.15,,,,,,,,,,,,,,,None,4306000000,4306000000,,,,,,None,203000000,,1.51,0.0124,,,,1.813,0.07,534000000,737000000,1.19,2019-06-30,26.81,,8592000000.0,2145000000,464000000,239000000,,,None,70000000,28000000,,None,,,,,-1008000000,225000000,-60000000,None,0.153,,1395000000,750000000,,,,,62000000,,,,,1.529,5.77,3.385,,,,,,,,0.14,,,2025-11-12,quarterly,1.26,USD,pre-market,319000000,,0.0461,0.114,0.031,36.2,1388000000,,,,102.75,115.66,5.8824,,,,,,,6451000000,,46.59,,123.37,67.31
2025-12-28,JCI,2.62,23595999000.0,46.59,,1.417,21.15,,,,,,,,,,,,,,,None,3934000000,3934000000,,,,,,None,211000000,,1.51,0.0124,,,,1.813,0.07,425000000,636000000,1.19,2019-03-31,26.81,,8592000000.0,1845000000,321000000,47000000,,,None,104000000,91000000,,None,,,,,515000000,274000000,-98000000,None,0.153,,1470000000,375000000,,,,,33000000,,,,,1.529,5.77,3.385,,,,,,,,0.14,,,2025-11-12,quarterly,1.26,USD,pre-market,319000000,,0.0461,0.114,0.031,36.2,1458000000,,,,102.75,115.66,5.8824,,,,,,,5779000000,,46.59,,123.37,67.31
2025-12-28,JCI,2.62,23595999000.0,46.59,,1.417,21.15,,,,,,,,,,,,,,,None,3745000000,3745000000,,,,,,None,211000000,,1.51,0.0124,,,,1.813,0.07,320000000,531000000,1.19,2018-12-31,26.81,,8592000000.0,1719000000,244000000,108000000,,,None,76000000,None,,None,,,,,355000000,136000000,None,None,0.153,,1429000000,290000000,,,,,42000000,,,,,1.529,5.77,3.385,,,,,,,,0.14,,,2025-11-12,quarterly,1.26,USD,pre-market,319000000,,0.0461,0.114,0.031,36.2,1438000000,,,,102.75,115.66,5.8824,,,,,,,5464000000,,46.59,,123.37,67.31
2025-12-28,JCI,2.62,23595999000.0,46.59,,1.417,21.15,,,,,,,,,,,,,,,None,4120000000,4120000000,,,,,,None,175000000,,1.51,0.0124,,,,1.813,0.07,695000000,870000000,1.19,2018-09-30,26.81,,8592000000.0,2063000000,515000000,-117000000,,,None,180000000,None,,None,,,,,771000000,825000000,None,None,0.153,,1396000000,667000000,,,,,65000000,,,,,1.529,5.77,3.385,,,,,,,,0.14,,,2025-11-12,quarterly,1.26,USD,pre-market,310000000,,0.0461,0.114,0.031,36.2,1392000000,,,,102.75,115.66,5.8824,,,,,,,6183000000,,46.59,,123.37,67.31
2025-12-28,JCI,2.62,23595999000.0,46.59,,1.417,21.15,,,,,,,,,,,,,,,None,4192000000,4192000000,,,,,,None,227000000,,1.51,0.0124,,,,1.813,0.07,689000000,916000000,1.19,2018-06-30,26.81,,8592000000.0,2090000000,607000000,61000000,,,None,82000000,None,,None,,,,,723000000,804000000,None,None,0.153,,1438000000,652000000,,,,,66000000,,,,,1.529,5.77,3.385,,,,,,,,0.14,,,2025-11-12,quarterly,1.26,USD,pre-market,380000000,,0.0461,0.114,0.031,36.2,1441000000,,,,102.75,115.66,5.8824,,,,,,,6282000000,,46.59,,123.37,67.31
2025-12-28,JCI,2.62,23595999000.0,46.59,,1.417,21.15,,,,,,,,,,,,,,,None,3806000000,3806000000,,,,,,None,212000000,,1.51,0.0124,,,,1.813,0.07,361000000,573000000,1.19,2018-03-31,26.81,,8592000000.0,1824000000,254000000,36000000,,,None,107000000,None,,None,,,,,438000000,483000000,None,None,0.153,,1485000000,339000000,,,,,44000000,,,,,1.529,5.77,3.385,,,,,,,,0.14,,,2025-11-12,quarterly,1.26,USD,pre-market,380000000,,0.0461,0.114,0.031,36.2,1490000000,,,,102.75,115.66,5.8824,,,,,,,5630000000,,46.59,,123.37,67.31
2025-12-28,JCI,2.62,23595999000.0,46.59,,1.417,21.15,,,,,,,,,,,,,,,None,3601000000,3601000000,,,,,,None,210000000,,1.51,0.0124,,,,1.813,0.07,282000000,492000000,1.19,2017-12-31,26.81,,8592000000.0,1704000000,170000000,217000000,,,None,112000000,None,,None,,,,,230000000,271000000,None,None,0.153,,1431000000,273000000,,,,,60000000,,,,,1.529,5.77,3.385,,,,,,,,0.14,,,2025-11-12,quarterly,1.26,USD,pre-market,380000000,,0.0461,0.114,0.031,36.2,1319000000,,,,102.75,115.66,5.8824,,,,,,,5305000000,,46.59,,123.37,67.31
2025-12-28,JCI,2.62,23595999000.0,46.59,,1.417,21.15,,,,,,,,,,,,,,,None,5625000000,5625000000,,,,,,None,269000000,,1.51,0.0124,,,,1.813,0.07,1137000000,1406000000,1.19,2017-09-30,26.81,,8592000000.0,2511000000,1062000000,135000000,,,None,75000000,None,,None,,,,,875000000,927000000,None,None,0.153,,1248000000,1263000000,,,,,63000000,,,,,1.529,5.77,3.385,,,,,,,,0.14,,,2025-11-12,quarterly,1.26,USD,pre-market,360000000,,0.0461,0.114,0.031,36.2,818000000,,,,102.75,115.66,5.8824,,,,,,,8136000000,,46.59,,123.37,67.31
2025-12-28,JCI,2.62,23595999000.0,46.59,,1.417,21.15,,,,,,,,,,,,,,,None,5259000000,5259000000,,,,,,None,281000000,,1.51,0.0124,,,,1.813,0.07,898000000,1179000000,1.19,2017-06-30,26.81,,8592000000.0,2424000000,718000000,89000000,,,None,180000000,None,,None,,,,,555000000,629000000,None,None,0.153,,1611000000,813000000,,,,,69000000,,,,,1.529,5.77,3.385,,,,,,,,0.14,,,2025-11-12,quarterly,1.26,USD,pre-market,0,,0.0461,0.114,0.031,36.2,1609000000,,,,102.75,115.66,5.8824,,,,,,,7683000000,,46.59,,123.37,67.31
2025-12-28,JCI,2.62,23595999000.0,46.59,,1.417,21.15,,,,,,,,,,,,,,,None,4999000000,4999000000,,,,,,None,292000000,,1.51,0.0124,,,,1.813,0.07,527000000,819000000,1.19,2017-03-31,26.81,,8592000000.0,2268000000,393000000,508000000,,,None,134000000,None,,None,,,,,-148000000,-115000000,None,None,0.153,,1726000000,542000000,,,,,53000000,,,,,1.529,5.77,3.385,,,,,,,,0.14,,,2025-11-12,quarterly,1.26,USD,pre-market,0,,0.0461,0.114,0.031,36.2,1726000000,,,,102.75,115.66,5.8824,,,,,,,7267000000,,46.59,,123.37,67.31
2025-12-28,JCI,2.62,23595999000.0,46.59,,1.417,21.15,,,,,,,,,,,,,,,None,4982000000,4982000000,,,,,,None,346000000,,1.51,0.0124,,,,1.813,0.07,530000000,876000000,1.19,2016-12-31,26.81,,8592000000.0,2104000000,385000000,-27000000,,,None,145000000,None,,None,,,,,329000000,412000000,None,None,0.153,,1570000000,534000000,,,,,55000000,,,,,1.529,5.77,3.385,,,,,,,,0.14,,,2025-11-12,quarterly,1.26,USD,pre-market,0,,0.0461,0.114,0.031,36.2,1570000000,,,,102.75,115.66,5.8824,,,,,,,7086000000,,46.59,,123.37,67.31
2025-12-28,JCI,2.62,23595999000.0,46.59,,1.417,21.15,,,,,,,,,,,,,,,None,8133000000,8133000000,,,,,,None,273000000,,1.51,0.0124,,,,1.813,0.07,6000000,279000000,1.19,2016-09-30,26.81,,8592000000.0,2065000000,-97000000,1035000000,,,None,103000000,None,,None,,,,,-1171000000,-1108000000,None,None,0.153,,1914000000,151000000,,,,,631000000,,,,,1.529,5.77,3.385,,,,,,,,0.14,,,2025-11-12,quarterly,1.26,USD,pre-market,158000000,,0.0461,0.114,0.031,36.2,2475000000,,,,102.75,115.66,5.8824,,,,,,,10198000000,,46.59,,123.37,67.31
2025-12-28,JCI,2.62,23595999000.0,46.59,,1.417,21.15,,,,,,,,,,,,,,,None,7629000000,7629000000,,,,,,None,235000000,,1.51,0.0124,,,,1.813,0.07,546000000,781000000,1.19,2016-06-30,26.81,,8592000000.0,1887000000,480000000,78000000,,,None,66000000,None,,None,,,,,383000000,240000000,None,None,0.153,,1185000000,527000000,,,,,57000000,,,,,1.529,5.77,3.385,,,,,,,,0.14,,,2025-11-12,quarterly,1.26,USD,pre-market,0,,0.0461,0.114,0.031,36.2,621000000,,,,102.75,115.66,5.8824,,,,,,,9516000000,,46.59,,123.37,67.31
2025-12-28,JCI,2.62,23595999000.0,46.59,,1.417,21.15,,,,,,,,,,,,,,,None,3446000000,3446000000,,,,,,None,219000000,,1.51,0.0124,,,,1.813,0.07,362000000,581000000,1.19,2016-03-31,26.81,,8592000000.0,1729000000,297000000,41000000,,,None,65000000,None,,None,,,,,-530000000,144000000,None,None,0.153,,899000000,388000000,,,,,4000000,,,,,1.529,5.77,3.385,,,,,,,,0.14,,,2025-11-12,quarterly,1.26,USD,pre-market,0,,0.0461,0.114,0.031,36.2,579000000,,,,102.75,115.66,5.8824,,,,,,,9031000000,,46.59,,123.37,67.31
2025-12-28,JCI,2.62,23595999000.0,46.59,,1.417,21.15,,,,,,,,,,,,,,,None,3439000000,3439000000,,,,,,None,226000000,,1.51,0.0124,,,,1.813,0.07,458000000,684000000,1.19,2015-12-31,26.81,,8592000000.0,1633000000,386000000,83000000,,,None,72000000,None,,None,,,,,450000000,72000000,None,None,0.153,,847000000,410000000,,,,,-161000000,,,,,1.529,5.77,3.385,,,,,,,,0.14,,,2025-11-12,quarterly,1.26,USD,pre-market,0,,0.0461,0.114,0.031,36.2,515000000,,,,102.75,115.66,5.8824,,,,,,,8929000000,,46.59,,123.37,67.31
2025-12-28,JCI,2.62,23595999000.0,46.59,,1.417,21.15,,,,,,,,,,,,,,,None,7190000000,7190000000,,,,,,None,213000000,,1.51,0.0124,,,,1.813,0.07,231000000,444000000,1.19,2015-09-30,26.81,,8592000000.0,1559000000,158000000,135000000,,,None,73000000,None,,None,,,,,349000000,84000000,None,None,0.153,,1031000000,528000000,,,,,-87000000,,,,,1.529,5.77,3.385,,,,,,,,0.14,,,2025-11-12,quarterly,1.26,USD,pre-market,733000000,,0.0461,0.114,0.031,36.2,581000000,,,,102.75,115.66,5.8824,,,,,,,8749000000,,46.59,,123.37,67.31
2025-12-28,JCI,2.62,23595999000.0,46.59,,1.417,21.15,,,,,,,,,,,,,,,None,7902000000,7902000000,,,,,,None,218000000,,1.51,0.0124,,,,1.813,0.07,819000000,1037000000,1.19,2015-06-30,26.81,,8592000000.0,1706000000,747000000,215000000,,,None,72000000,None,,None,,,,,178000000,188000000,None,None,0.153,,975000000,731000000,,,,,10000000,,,,,1.529,5.77,3.385,,,,,,,,0.14,,,2025-11-12,quarterly,1.26,USD,pre-market,0,,0.0461,0.114,0.031,36.2,602000000,,,,102.75,115.66,5.8824,,,,,,,9608000000,,46.59,,123.37,67.31
2025-12-28,JCI,2.62,23595999000.0,46.59,,1.417,21.15,,,,,,,,,,,,,,,None,7625000000,7625000000,,,,,,None,205000000,,1.51,0.0124,,,,1.813,0.07,590000000,795000000,1.19,2015-03-31,26.81,,8592000000.0,1573000000,611000000,132000000,,,None,72000000,None,,None,,,,,529000000,181000000,None,None,0.153,,975000000,598000000,,,,,3000000,,,,,1.529,5.77,3.385,,,,,,,,0.14,,,2025-11-12,quarterly,1.26,USD,pre-market,0,,0.0461,0.114,0.031,36.2,609000000,,,,102.75,115.66,5.8824,,,,,,,9198000000,,46.59,,123.37,67.31
2025-12-28,JCI,2.62,23595999000.0,46.59,,1.417,21.15,,,,,,,,,,,,,,,None,8015000000,8015000000,,,,,,None,224000000,,1.51,0.0124,,,,1.813,0.07,604000000,828000000,1.19,2014-12-31,26.81,,8592000000.0,1680000000,635000000,118000000,,,None,71000000,None,,None,,,,,507000000,162000000,None,None,0.153,,1005000000,604000000,,,,,7000000,,,,,1.529,5.77,3.385,,,,,,,,0.14,,,2025-11-12,quarterly,1.26,USD,pre-market,0,,0.0461,0.114,0.031,36.2,636000000,,,,102.75,115.66,5.8824,,,,,,,10666000000,,46.59,,123.37,67.31
2025-12-28,JCI,2.62,23595999000.0,46.59,,1.417,21.15,,,,,,,,,,,,,,,None,9137000000,9137000000,,,,,,None,224000000,,1.51,0.0124,,,,1.813,0.07,520000000,744000000,1.19,2014-09-30,26.81,,8592000000.0,1842000000,442000000,94000000,,,None,78000000,None,,None,,,,,309000000,1509000000,None,None,0.153,,1294000000,548000000,,,,,None,,,,,1.529,5.77,3.385,,,,,,,,0.14,,,2025-11-12,quarterly,1.26,USD,pre-market,1144000000,,0.0461,0.114,0.031,36.2,1096000000,,,,102.75,115.66,5.8824,,,,,,,10979000000,,46.59,,123.37,67.31
2025-12-28,JCI,2.62,23595999000.0,46.59,,1.417,21.15,,,,,,,,,,,,,,,None,8253000000,8253000000,,,,,,None,240000000,,1.51,0.0124,,,,1.813,0.07,464000000,704000000,1.19,2014-06-30,26.81,,8592000000.0,1663000000,401000000,154000000,,,None,63000000,None,,None,,,,,176000000,0,None,None,0.153,,943000000,512000000,,,,,None,,,,,1.529,5.77,3.385,,,,,,,,0.14,,,2025-11-12,quarterly,1.26,USD,pre-market,0,,0.0461,0.114,0.031,36.2,658000000,,,,102.75,115.66,5.8824,,,,,,,10812000000,,46.59,,123.37,67.31
2025-12-28,JCI,2.62,23595999000.0,46.59,,1.417,21.15,,,,,,,,,,,,,,,None,7995000000,7995000000,,,,,,None,247000000,,1.51,0.0124,,,,1.813,0.07,593000000,840000000,1.19,2014-03-31,26.81,,8592000000.0,1546000000,537000000,101000000,,,None,56000000,None,,None,,,,,261000000,0,None,None,0.153,,952000000,520000000,,,,,None,,,,,1.529,5.77,3.385,,,,,,,,0.14,,,2025-11-12,quarterly,1.26,USD,pre-market,0,,0.0461,0.114,0.031,36.2,627000000,,,,102.75,115.66,5.8824,,,,,,,10463000000,,46.59,,123.37,67.31
2025-12-28,JCI,2.62,23595999000.0,46.59,,1.417,21.15,,,,,,,,,,,,,,,None,9251000000,9251000000,,,,,,None,244000000,,1.51,0.0124,,,,1.813,0.07,652000000,896000000,1.19,2013-12-31,26.81,,8592000000.0,1657000000,536000000,103000000,,,None,57000000,None,,None,,,,,469000000,0,None,None,0.153,,1084000000,509000000,,,,,None,,,,,1.529,5.77,3.385,,,,,,,,0.14,,,2025-11-12,quarterly,1.26,USD,pre-market,0,,0.0461,0.114,0.031,36.2,565000000,,,,102.75,115.66,5.8824,,,,,,,10908000000,,46.59,,123.37,67.31
2025-12-28,JCI,2.62,23595999000.0,46.59,,1.417,21.15,,,,,,,,,,,,,,,None,8945000000,8945000000,,,,,,None,256000000,,1.51,0.0124,,,,1.813,0.07,1096000000,1352000000,1.19,2013-09-30,26.81,,8592000000.0,2102000000,1036000000,895000000,,,None,60000000,None,,None,,,,,105000000,159000000,None,None,0.153,,802000000,1271000000,,,,,-26000000,,,,,1.529,5.77,3.385,,,,,,,,0.14,,,2025-11-12,quarterly,1.26,USD,pre-market,558000000,,0.0461,0.114,0.031,36.2,636000000,,,,102.75,115.66,5.8824,,,,,,,11047000000,,46.59,,123.37,67.31
2025-12-28,JCI,2.62,23595999000.0,46.59,,1.417,21.15,,,,,,,,,,,,,,,None,8935000000,8935000000,,,,,,None,239000000,,1.51,0.0124,,,,1.813,0.07,547000000,786000000,1.19,2013-06-30,26.81,,8592000000.0,1680000000,480000000,-72000000,,,None,67000000,None,,None,,,,,550000000,132000000,None,None,0.153,,977000000,587000000,,,,,-1000000,,,,,1.529,5.77,3.385,,,,,,,,0.14,,,2025-11-12,quarterly,1.26,USD,pre-market,0,,0.0461,0.114,0.031,36.2,712000000,,,,102.75,115.66,5.8824,,,,,,,10831000000,,46.59,,123.37,67.31
2025-12-28,JCI,2.62,23595999000.0,46.59,,1.417,21.15,,,,,,,,,,,,,,,None,8942000000,8942000000,,,,,,None,234000000,,1.51,0.0124,,,,1.813,0.07,462000000,696000000,1.19,2013-03-31,26.81,,8592000000.0,1488000000,395000000,217000000,,,None,69000000,None,,None,,,,,164000000,72000000,None,None,0.153,,1091000000,397000000,,,,,-22000000,,,,,1.529,5.77,3.385,,,,,,,,0.14,,,2025-11-12,quarterly,1.26,USD,pre-market,0,,0.0461,0.114,0.031,36.2,761000000,,,,102.75,115.66,5.8824,,,,,,,10430000000,,46.59,,123.37,67.31
2025-12-28,JCI,2.62,23595999000.0,46.59,,1.417,21.15,,,,,,,,,,,,,,,None,8914000000,8914000000,,,,,,None,223000000,,1.51,0.0124,,,,1.813,0.07,548000000,771000000,1.19,2012-12-31,26.81,,8592000000.0,1508000000,457000000,85000000,,,None,60000000,None,,None,,,,,359000000,161000000,None,None,0.153,,1052000000,433000000,,,,,-11000000,,,,,1.529,5.77,3.385,,,,,,,,0.14,,,2025-11-12,quarterly,1.26,USD,pre-market,0,,0.0461,0.114,0.031,36.2,656000000,,,,102.75,115.66,5.8824,,,,,,,10422000000,,46.59,,123.37,67.31
2025-12-28,JCI,2.62,23595999000.0,46.59,,1.417,21.15,,,,,,,,,,,,,,,None,8804000000,8804000000,,,,,,None,221000000,,1.51,0.0124,,,,1.813,0.07,103000000,324000000,1.19,2012-09-30,26.81,,8592000000.0,1588000000,41000000,-49000000,,,None,62000000,None,,None,,,,,35000000,0,None,None,0.153,,1380000000,153000000,,,,,None,,,,,1.529,5.77,3.385,,,,,,,,0.14,,,2025-11-12,quarterly,1.26,USD,pre-market,1541000000,,0.0461,0.114,0.031,36.2,657000000,,,,102.75,115.66,5.8824,,,,,,,10392000000,,46.59,,123.37,67.31
2025-12-28,JCI,2.62,23595999000.0,46.59,,1.417,21.15,,,,,,,,,,,,,,,None,9044000000,9044000000,,,,,,None,207000000,,1.51,0.0124,,,,1.813,0.07,587000000,794000000,1.19,2012-06-30,26.81,,8592000000.0,1537000000,504000000,62000000,,,None,60000000,None,,None,,,,,431000000,0,None,None,0.153,,992000000,568000000,,,,,None,,,,,1.529,5.77,3.385,,,,,,,,0.14,,,2025-11-12,quarterly,1.26,USD,pre-market,0,,0.0461,0.114,0.031,36.2,828000000,,,,102.75,115.66,5.8824,,,,,,,10581000000,,46.59,,123.37,67.31
2025-12-28,JCI,2.62,23595999000.0,46.59,,1.417,21.15,,,,,,,,,,,,,,,None,9016000000,9016000000,,,,,,None,200000000,,1.51,0.0124,,,,1.813,0.07,582000000,782000000,1.19,2012-03-31,26.81,,8592000000.0,1549000000,496000000,94000000,,,None,63000000,None,,None,,,,,379000000,0,None,None,0.153,,1069000000,503000000,,,,,None,,,,,1.529,5.77,3.385,,,,,,,,0.14,,,2025-11-12,quarterly,1.26,USD,pre-market,0,,0.0461,0.114,0.031,36.2,660000000,,,,102.75,115.66,5.8824,,,,,,,10565000000,,46.59,,123.37,67.31
2025-12-28,JCI,2.62,23595999000.0,46.59,,1.417,21.15,,,,,,,,,,,,,,,None,8885000000,8885000000,,,,,,None,196000000,,1.51,0.0124,,,,1.813,0.07,621000000,817000000,1.19,2011-12-31,26.81,,8592000000.0,1532000000,549000000,104000000,,,None,49000000,None,,None,,,,,424000000,0,None,None,0.153,,1054000000,501000000,,,,,None,,,,,1.529,5.77,3.385,,,,,,,,0.14,,,2025-11-12,quarterly,1.26,USD,pre-market,0,,0.0461,0.114,0.031,36.2,677000000,,,,102.75,115.66,5.8824,,,,,,,10417000000,,46.59,,123.37,67.31
2025-12-28,JCI,2.62,23595999000.0,46.59,,1.417,21.15,,,,,,,,,,,,,,,None,9056000000,9056000000,,,,,,None,184000000,,1.51,0.0124,,,,1.813,0.07,719000000,903000000,1.19,2011-09-30,26.81,,8592000000.0,1732000000,669000000,96000000,,,None,50000000,None,,None,,,,,538000000,394000000,None,None,0.153,,1128000000,604000000,,,,,1000000,,,,,1.529,5.77,3.385,,,,,,,,0.14,,,2025-11-12,quarterly,1.26,USD,pre-market,289000000,,0.0461,0.114,0.031,36.2,772000000,,,,102.75,115.66,5.8824,,,,,,,10788000000,,46.59,,123.37,67.31
2025-12-28,JCI,2.62,23595999000.0,46.59,,1.417,21.15,,,,,,,,,,,,,,,None,8814000000,8814000000,,,,,,None,193000000,,1.51,0.0124,,,,1.813,0.07,512000000,705000000,1.19,2011-06-30,26.81,,8592000000.0,1550000000,469000000,89000000,,,None,43000000,None,,None,,,,,357000000,363000000,None,None,0.153,,1094000000,456000000,,,,,5000000,,,,,1.529,5.77,3.385,,,,,,,,0.14,,,2025-11-12,quarterly,1.26,USD,pre-market,115000000,,0.0461,0.114,0.031,36.2,163000000,,,,102.75,115.66,5.8824,,,,,,,10364000000,,46.59,,123.37,67.31
2025-12-28,JCI,2.62,23595999000.0,46.59,,1.417,21.15,,,,,,,,,,,,,,,None,8670000000,8670000000,,,,,,None,185000000,,1.51,0.0124,,,,1.813,0.07,521000000,706000000,1.19,2011-03-31,26.81,,8592000000.0,1474000000,475000000,90000000,,,None,46000000,None,,None,,,,,354000000,320000000,None,None,0.153,,1014000000,460000000,,,,,3000000,,,,,1.529,5.77,3.385,,,,,,,,0.14,,,2025-11-12,quarterly,1.26,USD,pre-market,115000000,,0.0461,0.114,0.031,36.2,1085000000,,,,102.75,115.66,5.8824,,,,,,,10144000000,,46.59,,123.37,67.31
2025-12-28,JCI,2.62,23595999000.0,46.59,,1.417,21.15,,,,,,,,,,,,,,,None,8123000000,8123000000,,,,,,None,169000000,,1.51,0.0124,,,,1.813,0.07,533000000,702000000,1.19,2010-12-31,26.81,,8592000000.0,1414000000,498000000,95000000,,,None,35000000,None,,None,,,,,375000000,490000000,None,None,0.153,,947000000,467000000,,,,,9000000,,,,,1.529,5.77,3.385,,,,,,,,0.14,,,2025-11-12,quarterly,1.26,USD,pre-market,106000000,,0.0461,0.114,0.031,36.2,1137000000,,,,102.75,115.66,5.8824,,,,,,,9537000000,,46.59,,123.37,67.31
2025-12-28,JCI,2.62,23595999000.0,46.59,,1.417,21.15,,,,,,,,,,,,,,,None,7549000000,7549000000,,,,,,None,167000000,,1.51,0.0124,,,,1.813,0.07,604000000,771000000,1.19,2010-09-30,26.81,,8592000000.0,1491000000,551000000,74000000,,,None,53000000,None,,None,,,,,449000000,0,None,None,0.153,,985000000,506000000,,,,,None,,,,,1.529,5.77,3.385,,,,,,,,0.14,,,2025-11-12,quarterly,1.26,USD,pre-market,146000000,,0.0461,0.114,0.031,36.2,1206000000,,,,102.75,115.66,5.8824,,,,,,,9040000000,,46.59,,123.37,67.31
2025-12-28,JCI,2.62,23595999000.0,46.59,,1.417,21.15,,,,,,,,,,,,,,,None,7201000000,7201000000,,,,,,None,168000000,,1.51,0.0124,,,,1.813,0.07,496000000,664000000,1.19,2010-06-30,26.81,,8592000000.0,1339000000,457000000,31000000,,,None,39000000,None,,None,,,,,418000000,0,None,None,0.153,,895000000,444000000,,,,,None,,,,,1.529,5.77,3.385,,,,,,,,0.14,,,2025-11-12,quarterly,1.26,USD,pre-market,87000000,,0.0461,0.114,0.031,36.2,1163000000,,,,102.75,115.66,5.8824,,,,,,,8540000000,,46.59,,123.37,67.31
2025-12-28,JCI,2.62,23595999000.0,46.59,,1.417,21.15,,,,,,,,,,,,,,,None,7094000000,7094000000,,,,,,None,176000000,,1.51,0.0124,,,,1.813,0.07,427000000,603000000,1.19,2010-03-31,26.81,,8592000000.0,1223000000,384000000,87000000,,,None,43000000,None,,None,,,,,274000000,0,None,None,0.153,,847000000,376000000,,,,,None,,,,,1.529,5.77,3.385,,,,,,,,0.14,,,2025-11-12,quarterly,1.26,USD,pre-market,88000000,,0.0461,0.114,0.031,36.2,1094000000,,,,102.75,115.66,5.8824,,,,,,,8317000000,,46.59,,123.37,67.31
2025-12-28,JCI,2.62,23595999000.0,46.59,,1.417,21.15,,,,,,,,,,,,,,,None,7172000000,7172000000,,,,,,None,180000000,,1.51,0.0124,,,,1.813,0.07,406000000,586000000,1.19,2009-12-31,26.81,,8592000000.0,1236000000,371000000,5000000,,,None,35000000,None,,None,,,,,350000000,0,None,None,0.153,,883000000,353000000,,,,,None,,,,,1.529,5.77,3.385,,,,,,,,0.14,,,2025-11-12,quarterly,1.26,USD,pre-market,87000000,,0.0461,0.114,0.031,36.2,1123000000,,,,102.75,115.66,5.8824,,,,,,,8408000000,,46.59,,123.37,67.31
2025-12-28,JCI,2.62,23595999000.0,46.59,,1.417,21.15,,,,,,,,,,,,,,,None,6724000000,6724000000,,,,,,None,184000000,,1.51,0.0124,,,,1.813,0.07,298000000,482000000,1.19,2009-09-30,26.81,,8592000000.0,1143000000,226000000,-77000000,,,None,72000000,None,,None,,,,,300000000,0,None,None,0.153,,761000000,382000000,,,,,None,,,,,1.529,5.77,3.385,,,,,,,,0.14,,,2025-11-12,quarterly,1.26,USD,pre-market,117000000,,0.0461,0.114,0.031,36.2,1177000000,,,,102.75,115.66,5.8824,,,,,,,7867000000,,46.59,,123.37,67.31
2025-12-28,JCI,2.62,23595999000.0,46.59,,1.417,21.15,,,,,,,,,,,,,,,None,5940000000,5940000000,,,,,,None,180000000,,1.51,0.0124,,,,1.813,0.07,282000000,462000000,1.19,2009-06-30,26.81,,8592000000.0,1039000000,217000000,50000000,,,None,65000000,None,,None,,,,,163000000,0,None,None,0.153,,787000000,252000000,,,,,None,,,,,1.529,5.77,3.385,,,,,,,,0.14,,,2025-11-12,quarterly,1.26,USD,pre-market,29000000,,0.0461,0.114,0.031,36.2,1110000000,,,,102.75,115.66,5.8824,,,,,,,6979000000,,46.59,,123.37,67.31
2025-12-28,JCI,2.62,23595999000.0,46.59,,1.417,21.15,,,,,,,,,,,,,,,None,5633000000,5633000000,,,,,,None,191000000,,1.51,0.0124,,,,1.813,0.07,-349000000,-158000000,1.19,2009-03-31,26.81,,8592000000.0,682000000,-395000000,-183000000,,,None,46000000,None,,None,,,,,-193000000,0,None,None,0.153,,803000000,-121000000,,,,,None,,,,,1.529,5.77,3.385,,,,,,,,0.14,,,2025-11-12,quarterly,1.26,USD,pre-market,85000000,,0.0461,0.114,0.031,36.2,1172000000,,,,102.75,115.66,5.8824,,,,,,,6315000000,,46.59,,123.37,67.31
2025-12-28,JCI,2.62,23595999000.0,46.59,,1.417,21.15,,,,,,,,,,,,,,,None,6651000000,6651000000,,,,,,None,190000000,,1.51,0.0124,,,,1.813,0.07,-310000000,-120000000,1.19,2008-12-31,26.81,,8592000000.0,685000000,-366000000,242000000,,,None,56000000,None,,None,,,,,-608000000,0,None,None,0.153,,859000000,-174000000,,,,,None,,,,,1.529,5.77,3.385,,,,,,,,0.14,,,2025-11-12,quarterly,1.26,USD,pre-market,105000000,,0.0461,0.114,0.031,36.2,1140000000,,,,102.75,115.66,5.8824,,,,,,,7336000000,,46.59,,123.37,67.31
2025-12-28,JCI,2.62,23595999000.0,46.59,,1.417,21.15,,,,,,,,,,,,,,,None,7883000000,7883000000,,,,,,None,202000000,,1.51,0.0124,,,,1.813,0.07,195000000,397000000,1.19,2008-09-30,26.81,,8592000000.0,1424000000,56000000,55000000,,,None,396000000,None,,None,,,,,16000000,0,None,None,0.153,,850000000,574000000,,,,,None,,,,,1.529,5.77,3.385,,,,,,,,0.14,,,2025-11-12,quarterly,1.26,USD,pre-market,102000000,,0.0461,0.114,0.031,36.2,1301000000,,,,102.75,115.66,5.8824,,,,,,,9307000000,,46.59,,123.37,67.31
2025-12-28,JCI,2.62,23595999000.0,46.59,,1.417,21.15,,,,,,,,,,,,,,,None,8380000000,8380000000,,,,,,None,196000000,,1.51,0.0124,,,,1.813,0.07,645000000,841000000,1.19,2008-06-30,26.81,,8592000000.0,1485000000,576000000,121000000,,,None,69000000,None,,None,,,,,439000000,0,None,None,0.153,,877000000,608000000,,,,,None,,,,,1.529,5.77,3.385,,,,,,,,0.14,,,2025-11-12,quarterly,1.26,USD,pre-market,95000000,,0.0461,0.114,0.031,36.2,1204000000,,,,102.75,115.66,5.8824,,,,,,,9865000000,,46.59,,123.37,67.31
2025-12-28,JCI,2.62,23595999000.0,46.59,,1.417,21.15,,,,,,,,,,,,,,,None,8096000000,8096000000,,,,,,None,194000000,,1.51,0.0124,,,,1.813,0.07,453000000,647000000,1.19,2008-03-31,26.81,,8592000000.0,1310000000,387000000,81000000,,,None,66000000,None,,None,,,,,289000000,0,None,None,0.153,,888000000,422000000,,,,,None,,,,,1.529,5.77,3.385,,,,,,,,0.14,,,2025-11-12,quarterly,1.26,USD,pre-market,104000000,,0.0461,0.114,0.031,36.2,1234000000,,,,102.75,115.66,5.8824,,,,,,,9406000000,,46.59,,123.37,67.31
2025-12-28,JCI,2.62,23595999000.0,46.59,,1.417,21.15,,,,,,,,,,,,,,,None,8177000000,8177000000,,,,,,None,191000000,,1.51,0.0124,,,,1.813,0.07,357000000,548000000,1.19,2007-12-31,26.81,,8592000000.0,1307000000,305000000,64000000,,,None,117000000,None,,None,,,,,235000000,0,None,None,0.153,,950000000,357000000,,,,,None,,,,,1.529,5.77,3.385,,,,,,,,0.14,,,2025-11-12,quarterly,1.26,USD,pre-market,123000000,,0.0461,0.114,0.031,36.2,1167000000,,,,102.75,115.66,5.8824,,,,,,,9484000000,,46.59,,123.37,67.31
2025-12-28,JCI,2.62,23595999000.0,46.59,,1.417,21.15,,,,,,,,,,,,,,,None,7586000000,7586000000,,,,,,None,164000000,,1.51,0.0124,,,,1.813,0.07,728000000,892000000,1.19,2007-09-30,26.81,,8592000000.0,1425000000,592000000,124000000,,,None,313000000,None,,None,,,,,466000000,0,None,None,0.153,,786000000,639000000,,,,,None,,,,,1.529,5.77,3.385,,,,,,,,0.14,,,2025-11-12,quarterly,1.26,USD,pre-market,101000000,,0.0461,0.114,0.031,36.2,1218000000,,,,102.75,115.66,5.8824,,,,,,,9011000000,,46.59,,123.37,67.31
2025-12-28,JCI,2.62,23595999000.0,46.59,,1.417,21.15,,,,,,,,,,,,,,,None,7527000000,7527000000,,,,,,None,194000000,,1.51,0.0124,,,,1.813,0.07,553000000,747000000,1.19,2007-06-30,26.81,,8592000000.0,1384000000,502000000,106000000,,,None,167000000,None,,None,,,,,396000000,0,None,None,0.153,,831000000,553000000,,,,,None,,,,,1.529,5.77,3.385,,,,,,,,0.14,,,2025-11-12,quarterly,1.26,USD,pre-market,120000000,,0.0461,0.114,0.031,36.2,1184000000,,,,102.75,115.66,5.8824,,,,,,,8911000000,,46.59,,123.37,67.31
2025-12-28,JCI,2.62,23595999000.0,46.59,,1.417,21.15,,,,,,,,,,,,,,,None,7299000000,7299000000,,,,,,None,188000000,,1.51,0.0124,,,,1.813,0.07,332000000,520000000,1.19,2007-03-31,26.81,,8592000000.0,1193000000,282000000,17000000,,,None,160000000,None,,None,,,,,228000000,0,None,None,0.153,,861000000,332000000,,,,,None,,,,,1.529,5.77,3.385,,,,,,,,0.14,,,2025-11-12,quarterly,1.26,USD,pre-market,129000000,,0.0461,0.114,0.031,36.2,1220000000,,,,102.75,115.66,5.8824,,,,,,,8492000000,,46.59,,123.37,67.31
2025-12-28,JCI,2.62,23595999000.0,46.59,,1.417,21.15,,,,,,,,,,,,,,,None,7136000000,7136000000,,,,,,None,186000000,,1.51,0.0124,,,,1.813,0.07,271000000,457000000,1.19,2006-12-31,26.81,,8592000000.0,1074000000,231000000,53000000,,,None,167000000,None,,None,,,,,162000000,0,None,None,0.153,,803000000,271000000,,,,,None,,,,,1.529,5.77,3.385,,,,,,,,0.14,,,2025-11-12,quarterly,1.26,USD,pre-market,141000000,,0.0461,0.114,0.031,36.2,1154000000,,,,102.75,115.66,5.8824,,,,,,,8210000000,,46.59,,123.37,67.31
2025-12-28,JCI,2.62,23595999000.0,46.59,,1.417,21.15,,,,,,,,,,,,,,,None,6913000000,6913000000,,,,,,None,181000000,,1.51,0.0124,,,,1.813,0.07,412000000,593000000,1.19,2006-09-30,26.81,,8592000000.0,1237000000,478000000,100000000,,,None,713000000,None,,None,,,,,360000000,0,None,None,0.153,,732000000,505000000,,,,,None,,,,,1.529,5.77,3.385,,,,,,,,0.14,,,2025-11-12,quarterly,1.26,USD,pre-market,10000000,,0.0461,0.114,0.031,36.2,1039000000,,,,102.75,115.66,5.8824,,,,,,,8150000000,,46.59,,123.37,67.31
2025-12-28,JCI,2.62,23595999000.0,46.59,,1.417,21.15,,,,,,,,,,,,,,,None,7177000000,7177000000,,,,,,None,178000000,,1.51,0.0124,,,,1.813,0.07,476000000,654000000,1.19,2006-06-30,26.81,,8592000000.0,1213000000,233000000,-110500000,,,None,167000000,None,,None,,,,,338000000,0,None,None,0.153,,736000000,477000000,,,,,None,,,,,1.529,5.77,3.385,,,,,,,,0.14,,,2025-11-12,quarterly,1.26,USD,pre-market,148000000,,0.0461,0.114,0.031,36.2,1099000000,,,,102.75,115.66,5.8824,,,,,,,8390000000,,46.59,,123.37,67.31
2025-12-28,JCI,2.62,23595999000.0,46.59,,1.417,21.15,,,,,,,,,,,,,,,None,7114000000,7114000000,,,,,,None,180600000,,1.51,0.0124,,,,1.813,0.07,266400000,447000000,1.19,2006-03-31,26.81,,8592000000.0,1053000000,209000000,36500000,,,None,30000000,None,,None,,,,,165000000,0,None,None,0.153,,787000000,266000000,,,,,None,,,,,1.529,5.77,3.385,,,,,,,,0.14,,,2025-11-12,quarterly,1.26,USD,pre-market,135000000,,0.0461,0.114,0.031,36.2,360000000,,,,102.75,115.66,5.8824,,,,,,,8167000000,,46.59,,123.37,67.31
2025-12-28,JCI,2.62,23595999000.0,46.59,,1.417,21.15,,,,,,,,,,,,,,,None,6611000000,6611000000,,,,,,None,165400000,,1.51,0.0124,,,,1.813,0.07,240600000,406000000,1.19,2005-12-31,26.81,,8592000000.0,916600000,218300000,38000000,,,None,189000000,None,,None,,,,,165400000,0,None,None,0.153,,685600000,241000000,,,,,None,,,,,1.529,5.77,3.385,,,,,,,,0.14,,,2025-11-12,quarterly,1.26,USD,pre-market,127000000,,0.0461,0.114,0.031,36.2,1977000000,,,,102.75,115.66,5.8824,,,,,,,7527600000,,46.59,,123.37,67.31
2025-12-28,JCI,2.62,23595999000.0,46.59,,1.417,21.15,,,,,,,,,,,,,,,None,5596800000,5596800000,,,,,,None,154600000,,1.51,0.0124,,,,1.813,0.07,247600000,402200000,1.19,2005-09-30,26.81,,8592000000.0,899500000,389800000,96700000,,,None,189000000,None,,None,,,,,283800000,0,None,None,0.153,,499400000,400100000,,,,,None,,,,,1.529,5.77,3.385,,,,,,,,0.14,,,2025-11-12,quarterly,1.26,USD,pre-market,56000000,,0.0461,0.114,0.031,36.2,2348000000,,,,102.75,115.66,5.8824,,,,,,,6496300000,,46.59,,123.37,67.31
2025-12-28,JCI,2.62,23595999000.0,46.59,,1.417,21.15,,,,,,,,,,,,,,,None,15004000000,15004000000,,,,,,None,865000000,,1.51,0.0124,,,,1.813,0.07,2288000000,3153000000,1.19,2025-09-30,26.81,,8592000000.0,8592000000,1969000000,245000000,,,None,319000000,19000000,,None,,,,,1721000000,1724000000,-230000000,None,0.153,,5764000000,2828000000,,,,,None,,,,,1.529,5.77,3.385,,,,,,,,0.14,,,2025-11-12,annual,1.26,USD,pre-market,None,,0.0461,0.114,0.031,36.2,5764000000,,,,102.75,115.66,5.8824,,,,,,,23596000000,,46.59,,123.37,67.31
2025-12-28,JCI,2.62,23595999000.0,46.59,,1.417,21.15,,,,,,,,,,,,,,,None,14871000000,14871000000,,,,,,None,816000000,,1.51,0.0124,,,,1.813,0.07,1984000000,2800000000,1.19,2024-09-30,26.81,,8592000000.0,8081000000,1522000000,111000000,,,None,462000000,17000000,,None,,,,,1705000000,1411000000,-402000000,None,0.153,,5660000000,2421000000,,,,,None,,,,,1.529,5.77,3.385,,,,,,,,0.14,,,2025-11-12,annual,1.26,USD,pre-market,267000000,,0.0461,0.114,0.031,36.2,5661000000,,,,102.75,115.66,5.8824,,,,,,,22952000000,,46.59,,123.37,67.31
2025-12-28,JCI,2.62,23595999000.0,46.59,,1.417,21.15,,,,,,,,,,,,,,,None,14507000000,14507000000,,,,,,None,745000000,,1.51,0.0124,,,,1.813,0.07,1358000000,2103000000,1.19,2023-09-30,26.81,,8592000000.0,7824000000,1113000000,-468000000,,,None,245000000,18000000,,None,,,,,1849000000,2033000000,-281000000,None,0.153,,5387000000,2437000000,,,,,None,,,,,1.529,5.77,3.385,,,,,,,,0.14,,,2025-11-12,annual,1.26,USD,pre-market,251000000,,0.0461,0.114,0.031,36.2,6181000000,,,,102.75,115.66,5.8824,,,,,,,22331000000,,46.59,,123.37,67.31
2025-12-28,JCI,2.62,23595999000.0,46.59,,1.417,21.15,,,,,,,,,,,,,,,None,16984000000,16984000000,,,,,,None,830000000,,1.51,0.0124,,,,1.813,0.07,2047000000,2877000000,1.19,2022-09-30,26.81,,8592000000.0,8315000000,1710000000,-13000000,,,None,337000000,213000000,,None,,,,,1532000000,1723000000,-213000000,None,0.153,,5940000000,2375000000,,,,,246000000,,,,,1.529,5.77,3.385,,,,,,,,0.14,,,2025-11-12,annual,1.26,USD,pre-market,295000000,,0.0461,0.114,0.031,36.2,5945000000,,,,102.75,115.66,5.8824,,,,,,,25299000000,,46.59,,123.37,67.31
2025-12-28,JCI,2.62,23595999000.0,46.59,,1.417,21.15,,,,,,,,,,,,,,,None,15617000000,15617000000,,,,,,None,845000000,,1.51,0.0124,,,,1.813,0.07,3032000000,3877000000,1.19,2021-09-30,26.81,,8592000000.0,8051000000,2614000000,868000000,,,None,418000000,206000000,,None,,,,,1637000000,1746000000,-206000000,None,0.153,,5284000000,2767000000,,,,,261000000,,,,,1.529,5.77,3.385,,,,,,,,0.14,,,2025-11-12,annual,1.26,USD,pre-market,275000000,,0.0461,0.114,0.031,36.2,5258000000,,,,102.75,115.66,5.8824,,,,,,,23668000000,,46.59,,123.37,67.31
2025-12-28,JCI,2.62,23595999000.0,46.59,,1.417,21.15,,,,,,,,,,,,,,,None,14902000000,14902000000,,,,,,None,822000000,,1.51,0.0124,,,,1.813,0.07,1256000000,2078000000,1.19,2020-09-30,26.81,,8592000000.0,7415000000,903000000,108000000,,,None,353000000,205000000,,None,,,,,631000000,795000000,-231000000,None,0.153,,5661000000,1754000000,,,,,171000000,,,,,1.529,5.77,3.385,,,,,,,,0.14,,,2025-11-12,annual,1.26,USD,pre-market,274000000,,0.0461,0.114,0.031,36.2,5665000000,,,,102.75,115.66,5.8824,,,,,,,22317000000,,46.59,,123.37,67.31
2025-12-28,JCI,2.62,23595999000.0,46.59,,1.417,21.15,,,,,,,,,,,,,,,None,16267000000,16267000000,,,,,,None,825000000,,1.51,0.0124,,,,1.813,0.07,1359000000,2184000000,1.19,2019-09-30,26.81,,8592000000.0,7701000000,1056000000,-233000000,,,None,303000000,262000000,,None,,,,,474000000,1289000000,-302000000,None,0.153,,6258000000,1443000000,,,,,None,,,,,1.529,5.77,3.385,,,,,,,,0.14,,,2025-11-12,annual,1.26,USD,pre-market,319000000,,0.0461,0.114,0.031,36.2,5925000000,,,,102.75,115.66,5.8824,,,,,,,23968000000,,46.59,,123.37,67.31
2025-12-28,JCI,2.62,23595999000.0,46.59,,1.417,21.15,,,,,,,,,,,,,,,None,15725000000,15725000000,,,,,,None,824000000,,1.51,0.0124,,,,1.813,0.07,2027000000,2851000000,1.19,2018-09-30,26.81,,8592000000.0,7675000000,1546000000,197000000,,,None,481000000,29000000,,None,,,,,2162000000,2383000000,-466000000,None,0.153,,5750000000,1925000000,,,,,235000000,,,,,1.529,5.77,3.385,,,,,,,,0.14,,,2025-11-12,annual,1.26,USD,pre-market,310000000,,0.0461,0.114,0.031,36.2,5332000000,,,,102.75,115.66,5.8824,,,,,,,23400000000,,46.59,,123.37,67.31
2025-12-28,JCI,2.62,23595999000.0,46.59,,1.417,21.15,,,,,,,,,,,,,,,None,20865000000,20865000000,,,,,,None,1188000000,,1.51,0.0124,,,,1.813,0.07,3092000000,4280000000,1.19,2017-09-30,26.81,,8592000000.0,9307000000,2558000000,705000000,,,None,534000000,19000000,,None,,,,,1611000000,1853000000,-514000000,None,0.153,,6155000000,3152000000,,,,,240000000,,,,,1.529,5.77,3.385,,,,,,,,0.14,,,2025-11-12,annual,1.26,USD,pre-market,360000000,,0.0461,0.114,0.031,36.2,5416000000,,,,102.75,115.66,5.8824,,,,,,,30172000000,,46.59,,123.37,67.31
2025-12-28,JCI,2.62,23595999000.0,46.59,,1.417,21.15,,,,,,,,,,,,,,,None,15160000000,15160000000,,,,,,None,953000000,,1.51,0.0124,,,,1.813,0.07,1385000000,2338000000,1.19,2016-09-30,26.81,,8592000000.0,5677000000,1061000000,197000000,,,None,324000000,14000000,,None,,,,,-868000000,-652000000,-329000000,None,0.153,,4204000000,1473000000,,,,,531000000,,,,,1.529,5.77,3.385,,,,,,,,0.14,,,2025-11-12,annual,1.26,USD,pre-market,158000000,,0.0461,0.114,0.031,36.2,4032000000,,,,102.75,115.66,5.8824,,,,,,,20837000000,,46.59,,123.37,67.31
2025-12-28,JCI,2.62,23595999000.0,46.59,,1.417,21.15,,,,,,,,,,,,,,,None,30717000000,30717000000,,,,,,None,860000000,,1.51,0.0124,,,,1.813,0.07,2463000000,3323000000,1.19,2015-09-30,26.81,,8592000000.0,6462000000,2151000000,600000000,,,None,312000000,87000000,,None,,,,,1563000000,615000000,None,None,0.153,,3995000000,2467000000,,,,,-67000000,,,,,1.529,5.77,3.385,,,,,,,,0.14,,,2025-11-12,annual,1.26,USD,pre-market,134000000,,0.0461,0.114,0.031,36.2,2421000000,,,,102.75,115.66,5.8824,,,,,,,37179000000,,46.59,,123.37,67.31
2025-12-28,JCI,2.62,23595999000.0,46.59,,1.417,21.15,,,,,,,,,,,,,,,None,6547000000,6547000000,,,,,,None,358000000,,1.51,0.0124,,,,1.813,0.07,713000000,1071000000,1.19,2014-09-30,26.81,,8592000000.0,3785000000,822000000,24000000,,,None,97000000,None,,None,,,,,1215000000,795000000,None,None,0.153,,2590000000,1195000000,,,,,219000000,,,,,1.529,5.77,3.385,,,,,,,,0.14,,,2025-11-12,annual,1.26,USD,pre-market,792000000,,0.0461,0.114,0.031,36.2,2941000000,,,,102.75,115.66,5.8824,,,,,,,10332000000,,46.59,,123.37,67.31
2025-12-28,JCI,2.62,23595999000.0,46.59,,1.417,21.15,,,,,,,,,,,,,,,None,6402000000,6402000000,,,,,,None,382000000,,1.51,0.0124,,,,1.813,0.07,696000000,1078000000,1.19,2013-09-30,26.81,,8592000000.0,3671000000,548000000,108000000,,,None,100000000,None,,None,,,,,1178000000,524000000,None,None,0.153,,2699000000,972000000,,,,,-60000000,,,,,1.529,5.77,3.385,,,,,,,,0.14,,,2025-11-12,annual,1.26,USD,pre-market,172000000,,0.0461,0.114,0.031,36.2,2930000000,,,,102.75,115.66,5.8824,,,,,,,10073000000,,46.59,,123.37,67.31
2025-12-28,JCI,2.62,23595999000.0,46.59,,1.417,21.15,,,,,,,,,,,,,,,None,6626000000,6626000000,,,,,,None,418000000,,1.51,0.0124,,,,1.813,0.07,314000000,732000000,1.19,2012-09-30,26.81,,8592000000.0,3777000000,15000000,348000000,,,None,209000000,None,,None,,,,,1184000000,None,None,None,0.153,,2890000000,887000000,,,,,None,,,,,1.529,5.77,3.385,,,,,,,,0.14,,,2025-11-12,annual,1.26,USD,pre-market,145000000,,0.0461,0.114,0.031,36.2,2896000000,,,,102.75,115.66,5.8824,,,,,,,10403000000,,46.59,,123.37,67.31
2025-12-28,JCI,2.62,23595999000.0,46.59,,1.417,21.15,,,,,,,,,,,,,,,None,6890000000,6890000000,,,,,,None,421000000,,1.51,0.0124,,,,1.813,0.07,1004000000,1425000000,1.19,2011-09-30,26.81,,8592000000.0,3667000000,752000000,134000000,,,None,240000000,None,,None,,,,,1415000000,1567000000,None,None,0.153,,2829000000,838000000,,,,,18000000,,,,,1.529,5.77,3.385,,,,,,,,0.14,,,2025-11-12,annual,1.26,USD,pre-market,510000000,,0.0461,0.114,0.031,36.2,4635000000,,,,102.75,115.66,5.8824,,,,,,,10557000000,,46.59,,123.37,67.31
2025-12-28,JCI,2.62,23595999000.0,46.59,,1.417,21.15,,,,,,,,,,,,,,,None,10736000000,10736000000,,,,,,None,1203000000,,1.51,0.0124,,,,1.813,0.07,1554000000,2757000000,1.19,2010-09-30,26.81,,8592000000.0,6280000000,1270000000,138000000,,,None,284000000,None,,None,,,,,1307000000,None,None,None,0.153,,4551000000,1729000000,,,,,None,,,,,1.529,5.77,3.385,,,,,,,,0.14,,,2025-11-12,annual,1.26,USD,pre-market,408000000,,0.0461,0.114,0.031,36.2,4586000000,,,,102.75,115.66,5.8824,,,,,,,17016000000,,46.59,,123.37,67.31
2025-12-28,JCI,2.62,23595999000.0,46.59,,1.417,21.15,,,,,,,,,,,,,,,None,10870000000,10870000000,,,,,,None,1126000000,,1.51,0.0124,,,,1.813,0.07,-1469000000,-343000000,1.19,2009-09-30,26.81,,8592000000.0,6012000000,-1770000000,71000000,,,None,301000000,None,,None,,,,,-338000000,None,None,None,0.153,,4599000000,1413000000,,,,,None,,,,,1.529,5.77,3.385,,,,,,,,0.14,,,2025-11-12,annual,1.26,USD,pre-market,116000000,,0.0461,0.114,0.031,36.2,4657000000,,,,102.75,115.66,5.8824,,,,,,,16882000000,,46.59,,123.37,67.31
2025-12-28,JCI,2.62,23595999000.0,46.59,,1.417,21.15,,,,,,,,,,,,,,,None,13123000000,13123000000,,,,,,None,1154000000,,1.51,0.0124,,,,1.813,0.07,1827000000,2981000000,1.19,2008-09-30,26.81,,8592000000.0,7076000000,1431000000,335000000,,,None,396000000,None,,None,,,,,979000000,None,None,None,0.153,,4906000000,2170000000,,,,,None,,,,,1.529,5.77,3.385,,,,,,,,0.14,,,2025-11-12,annual,1.26,USD,pre-market,424000000,,0.0461,0.114,0.031,36.2,4906000000,,,,102.75,115.66,5.8824,,,,,,,20199000000,,46.59,,123.37,67.31
2025-12-28,JCI,2.62,23595999000.0,46.59,,1.417,21.15,,,,,,,,,,,,,,,None,12217000000,12217000000,,,,,,None,1148000000,,1.51,0.0124,,,,1.813,0.07,-1883000000,-735000000,1.19,2007-09-30,26.81,,8592000000.0,6260000000,-2196000000,324000000,,,None,313000000,None,,None,,,,,1252000000,None,None,None,0.153,,4776000000,1484000000,,,,,None,,,,,1.529,5.77,3.385,,,,,,,,0.14,,,2025-11-12,annual,1.26,USD,pre-market,491000000,,0.0461,0.114,0.031,36.2,4828000000,,,,102.75,115.66,5.8824,,,,,,,18477000000,,46.59,,123.37,67.31
2025-12-28,JCI,2.62,23595999000.0,46.59,,1.417,21.15,,,,,,,,,,,,,,,None,11427000000,11427000000,,,,,,None,1182000000,,1.51,0.0124,,,,1.813,0.07,1413000000,2595000000,1.19,2006-09-30,26.81,,8592000000.0,5909000000,1134000000,310000000,,,None,279000000,None,,None,,,,,1028000000,None,None,None,0.153,,4475000000,1434000000,,,,,None,,,,,1.529,5.77,3.385,,,,,,,,0.14,,,2025-11-12,annual,1.26,USD,pre-market,420000000,,0.0461,0.114,0.031,36.2,7984000000,,,,102.75,115.66,5.8824,,,,,,,17336000000,,46.59,,123.37,67.31
2025-12-28,JCI,2.62,23595999000.0,46.59,None,1.417,21.15,,None,379000000,379000000,,,,,,,,,6000000,633400000,None,11427000000,11427000000,3614000000,None,1289000000,6269000000,None,None,1182000000,,1.51,0.0124,,,,1.813,0.07,1413000000,2595000000,1.19,2025-09-30,26.81,16633000000,8592000000.0,5909000000,1134000000,310000000,3613000000,3613000000,None,279000000,None,1820000000,None,None,8591000000,None,None,1028000000,None,None,None,0.153,,4475000000,1434000000,1694000000,3568000000,None,5233000000,None,,,,,1.529,5.77,3.385,,,,,,,,0.14,,3540000000,2025-11-12,quarterly,1.26,USD,pre-market,420000000,0,0.0461,0.114,0.031,36.2,7984000000,9880000000,1289000000,None,102.75,115.66,5.8824,37939000000,10162000000,10941000000,24985000000,27777000000,14044000000,17336000000,12927000000,46.59,None,123.37,67.31
2025-12-28,JCI,2.62,23595999000.0,46.59,None,1.417,21.15,,None,731000000,731000000,,,,,,,,,7000000,657400000,None,11427000000,11427000000,3421000000,None,1847000000,6151000000,None,None,1182000000,,1.51,0.0124,,,,1.813,0.07,1413000000,2595000000,1.19,2025-06-30,26.81,16709000000,8592000000.0,5909000000,1134000000,310000000,3856000000,3856000000,None,279000000,None,1829000000,None,None,8446000000,None,None,1028000000,None,None,None,0.153,,4475000000,1434000000,3138000000,4654000000,None,4975000000,None,,,,,1.529,5.77,3.385,,,,,,,,0.14,,2455000000,2025-11-12,quarterly,1.26,USD,pre-market,420000000,746000000,0.0461,0.114,0.031,36.2,7984000000,10293000000,1847000000,None,102.75,115.66,5.8824,43393000000,11849000000,12350000000,26348000000,31544000000,13998000000,17336000000,15830000000,46.59,None,123.37,67.31
2025-12-28,JCI,2.62,23595999000.0,46.59,None,1.417,21.15,,None,795000000,795000000,,,,,,,,,7000000,661000000,None,11427000000,11427000000,3254000000,None,1819000000,5858000000,None,None,1182000000,,1.51,0.0124,,,,1.813,0.07,1413000000,2595000000,1.19,2025-03-31,26.81,16509000000,8592000000.0,5909000000,1134000000,310000000,3883000000,3883000000,None,279000000,None,1756000000,None,None,8167000000,None,None,1028000000,None,None,None,0.153,,4475000000,1434000000,2941000000,4364000000,None,4741000000,None,,,,,1.529,5.77,3.385,,,,,,,,0.14,,3607000000,2025-11-12,quarterly,1.26,USD,pre-market,420000000,599000000,0.0461,0.114,0.031,36.2,7984000000,9986000000,1819000000,None,102.75,115.66,5.8824,42367000000,11350000000,11817000000,25335000000,31017000000,13518000000,17336000000,15805000000,46.59,None,123.37,67.31
2025-12-28,JCI,2.62,23595999000.0,46.59,None,1.417,21.15,,None,1237000000,1237000000,,,,,,,,,7000000,676000000,None,11427000000,11427000000,3214000000,None,1404000000,5614000000,None,None,1182000000,,1.51,0.0124,,,,1.813,0.07,1413000000,2595000000,1.19,2024-12-31,26.81,16412000000,8592000000.0,5909000000,1134000000,310000000,3963000000,3963000000,None,279000000,None,1739000000,None,None,8589000000,None,None,1028000000,None,None,None,0.153,,4475000000,1434000000,2699000000,4254000000,None,4697000000,None,,,,,1.529,5.77,3.385,,,,,,,,0.14,,3582000000,2025-11-12,quarterly,1.26,USD,pre-market,420000000,691000000,0.0461,0.114,0.031,36.2,7984000000,9993000000,1404000000,None,102.75,115.66,5.8824,42098000000,11289000000,11083000000,24968000000,30809000000,13885000000,17336000000,15900000000,46.59,None,123.37,67.31
2025-12-28,JCI,2.62,23595999000.0,46.59,None,1.417,21.15,,None,606000000,606000000,,,,,,,,,7000000,668100000,None,11427000000,11427000000,3389000000,None,1489000000,6051000000,None,None,1182000000,,1.51,0.0124,,,,1.813,0.07,1413000000,2595000000,1.19,2024-09-30,26.81,16725000000,8592000000.0,5909000000,1134000000,310000000,4130000000,4130000000,None,279000000,None,1774000000,None,None,8004000000,None,None,1028000000,None,None,None,0.153,,4475000000,1434000000,2748000000,4917000000,None,4753000000,None,,,,,1.529,5.77,3.385,,,,,,,,0.14,,3573000000,2025-11-12,quarterly,1.26,USD,pre-market,420000000,848000000,0.0461,0.114,0.031,36.2,7984000000,9493000000,1489000000,None,102.75,115.66,5.8824,42695000000,11179000000,11955000000,25334000000,31516000000,13379000000,17336000000,16098000000,46.59,None,123.37,67.31
2025-12-28,JCI,2.62,23595999000.0,46.59,None,1.417,21.15,,None,862000000,862000000,,,,,,,,,7000000,679000000,None,11427000000,11427000000,4128000000,None,2521000000,6667000000,None,None,1182000000,,1.51,0.0124,,,,1.813,0.07,1413000000,2595000000,1.19,2024-06-30,26.81,17676000000,8592000000.0,5909000000,1134000000,310000000,4315000000,4315000000,None,279000000,None,2863000000,None,None,7867000000,None,1054000000,1028000000,None,None,None,0.153,,4475000000,1434000000,1761000000,3932000000,None,5163000000,None,,,,,1.529,5.77,3.385,,,,,,,,0.14,,None,2025-11-12,quarterly,1.26,USD,pre-market,420000000,831000000,0.0461,0.114,0.031,36.2,7984000000,10388000000,2521000000,27000000,102.75,115.66,5.8824,43325000000,12153000000,12724000000,26182000000,31172000000,13458000000,17336000000,15968000000,46.59,None,123.37,67.31
2025-12-28,JCI,2.62,23595999000.0,46.59,None,1.417,21.15,,None,843000000,843000000,,,,,,,,,7000000,679000000,None,11427000000,11427000000,4019000000,None,3375000000,6688000000,None,None,1182000000,,1.51,0.0124,,,,1.813,0.07,1413000000,2595000000,1.19,2024-03-31,26.81,17757000000,8592000000.0,5909000000,1134000000,310000000,4717000000,4717000000,None,279000000,None,2991000000,None,None,7348000000,None,1172000000,1028000000,None,None,None,0.153,,4475000000,1434000000,1355000000,3874000000,None,5418000000,None,,,,,1.529,5.77,3.385,,,,,,,,0.14,,None,2025-11-12,quarterly,1.26,USD,pre-market,420000000,507000000,0.0461,0.114,0.031,36.2,7984000000,10723000000,3375000000,None,102.75,115.66,5.8824,43457000000,11877000000,13599000000,26616000000,31580000000,13017000000,17336000000,15658000000,46.59,None,123.37,67.31
2025-12-28,JCI,2.62,23595999000.0,46.59,None,1.417,21.15,,None,1801000000,1801000000,,,,,,,,,7000000,679000000,None,11427000000,11427000000,3976000000,None,2650000000,6045000000,None,None,1182000000,,1.51,0.0124,,,,1.813,0.07,1413000000,2595000000,1.19,2023-12-31,26.81,18124000000,8592000000.0,5909000000,1134000000,310000000,4835000000,4835000000,None,279000000,None,3006000000,None,None,7959000000,None,1144000000,1028000000,None,None,None,0.153,,4475000000,1434000000,1202000000,3661000000,None,5468000000,None,,,,,1.529,5.77,3.385,,,,,,,,0.14,,None,2025-11-12,quarterly,1.26,USD,pre-market,420000000,1506000000,0.0461,0.114,0.031,36.2,7984000000,10609000000,2650000000,None,102.75,115.66,5.8824,43981000000,12054000000,12409000000,26107000000,31927000000,13698000000,17336000000,16698000000,46.59,None,123.37,67.31
2025-12-28,JCI,2.62,23595999000.0,46.59,None,1.417,21.15,,None,828000000,828000000,,,,,,,,,7000000,679000000,None,11427000000,11427000000,3498000000,None,1030000000,5494000000,None,None,1182000000,,1.51,0.0124,,,,1.813,0.07,1413000000,2595000000,1.19,2023-09-30,26.81,16772000000,8592000000.0,5909000000,1134000000,310000000,4772000000,4772000000,None,279000000,None,1872000000,None,None,7818000000,None,1056000000,1028000000,None,None,None,0.153,,4475000000,1434000000,2543000000,4657000000,None,5646000000,None,,,,,1.529,5.77,3.385,,,,,,,,0.14,,4525000000,2025-11-12,quarterly,1.26,USD,pre-market,420000000,1384000000,0.0461,0.114,0.031,36.2,7984000000,8824000000,1006000000,22000000,102.75,115.66,5.8824,42242000000,10737000000,11084000000,24548000000,31505000000,13464000000,17336000000,16545000000,46.59,None,123.37,67.31
2025-12-28,JCI,2.62,23595999000.0,46.59,None,1.417,21.15,,None,1057000000,1057000000,,,,,,,,,7000000,679000000,None,11427000000,11427000000,4296000000,None,1267000000,6540000000,None,None,1182000000,,1.51,0.0124,,,,1.813,0.07,1413000000,2595000000,1.19,2023-06-30,26.81,17644000000,8592000000.0,5909000000,1134000000,310000000,4831000000,4831000000,None,279000000,None,3092000000,None,None,8497000000,None,988000000,1028000000,None,None,None,0.153,,4475000000,1434000000,1317000000,3647000000,None,5692000000,None,,,,,1.529,5.77,3.385,,,,,,,,0.14,,3187000000,2025-11-12,quarterly,1.26,USD,pre-market,420000000,1099000000,0.0461,0.114,0.031,36.2,7984000000,9764000000,1267000000,None,102.75,115.66,5.8824,42780000000,12006000000,11128000000,25317000000,30774000000,14189000000,17336000000,16324000000,46.59,-1237000000,123.37,67.31
2025-12-28,JCI,2.62,23595999000.0,46.59,None,1.417,21.15,,None,1975000000,1975000000,,,,,,,,,7000000,689700000,None,11427000000,11427000000,4348000000,None,2659000000,6002000000,None,None,1182000000,,1.51,0.0124,,,,1.813,0.07,1413000000,2595000000,1.19,2023-03-31,26.81,17559000000,8592000000.0,5909000000,1134000000,310000000,4633000000,4633000000,None,279000000,None,3048000000,None,None,7832000000,None,1065000000,1028000000,None,None,None,0.153,,4475000000,1434000000,1731000000,3457000000,None,6107000000,None,,,,,1.529,5.77,3.385,,,,,,,,0.14,,3094000000,2025-11-12,quarterly,1.26,USD,pre-market,420000000,669000000,0.0461,0.114,0.031,36.2,7984000000,10491000000,2659000000,None,102.75,115.66,5.8824,43420000000,12756000000,12403000000,26342000000,30664000000,13939000000,17336000000,15890000000,46.59,-1235000000,123.37,67.31
2025-12-28,JCI,2.62,23595999000.0,46.59,None,1.417,21.15,,None,1509000000,1509000000,,,,,,,,,7000000,679000000,None,11427000000,11427000000,4138000000,None,1963000000,5722000000,None,None,1182000000,,1.51,0.0124,,,,1.813,0.07,1413000000,2595000000,1.19,2022-12-31,26.81,17684000000,8592000000.0,5909000000,1134000000,310000000,4673000000,4673000000,None,279000000,None,2895000000,None,None,7784000000,None,1053000000,1028000000,None,None,None,0.153,,4475000000,1434000000,1711000000,3688000000,None,6207000000,None,,,,,1.529,5.77,3.385,,,,,,,,0.14,,3098000000,2025-11-12,quarterly,1.26,USD,pre-market,420000000,874000000,0.0461,0.114,0.031,36.2,7984000000,9747000000,1963000000,None,102.75,115.66,5.8824,42797000000,11837000000,11563000000,25554000000,30960000000,13991000000,17336000000,16046000000,46.59,-1233000000,123.37,67.31
2025-12-28,JCI,2.62,23595999000.0,46.59,None,1.417,21.15,,None,2031000000,2031000000,,,,,,,,,7000000,679000000,None,11427000000,11427000000,4368000000,None,1534000000,5727000000,None,None,1182000000,,1.51,0.0124,,,,1.813,0.07,1413000000,2595000000,1.19,2022-09-30,26.81,17350000000,8592000000.0,5909000000,1134000000,310000000,5155000000,5155000000,None,279000000,None,2665000000,None,None,7426000000,None,963000000,1028000000,None,None,None,0.153,,4475000000,1434000000,1262000000,3533000000,None,6029000000,None,,,,,1.529,5.77,3.385,,,,,,,,0.14,,3042000000,2025-11-12,quarterly,1.26,USD,pre-market,420000000,1151000000,0.0461,0.114,0.031,36.2,7984000000,8960000000,1534000000,None,102.75,115.66,5.8824,42158000000,11685000000,11239000000,24756000000,30473000000,13517000000,17336000000,16268000000,46.59,-1203000000,123.37,67.31
2025-12-28,JCI,2.62,23595999000.0,46.59,None,1.417,21.15,,None,1506000000,1506000000,,,,,,,,,7000000,679000000,None,11427000000,11427000000,4125000000,None,2298000000,5850000000,None,None,1182000000,,1.51,0.0124,,,,1.813,0.07,1413000000,2595000000,1.19,2022-06-30,26.81,17725000000,8592000000.0,5909000000,1134000000,310000000,4764000000,4764000000,None,279000000,None,2574000000,None,None,7194000000,None,1070000000,1028000000,None,None,None,0.153,,4475000000,1434000000,1629000000,3614000000,None,6104000000,None,,,,,1.529,5.77,3.385,,,,,,,,0.14,,2962000000,2025-11-12,quarterly,1.26,USD,pre-market,420000000,645000000,0.0461,0.114,0.031,36.2,7984000000,9492000000,2298000000,None,102.75,115.66,5.8824,42324000000,11559000000,11883000000,25181000000,30765000000,13298000000,17336000000,15988000000,46.59,-1201000000,123.37,67.31
2025-12-28,JCI,2.62,23595999000.0,46.59,None,1.417,21.15,,None,1787000000,1787000000,,,,,,,,,7000000,679000000,None,11427000000,11427000000,4101000000,None,2284000000,5689000000,None,None,1182000000,,1.51,0.0124,,,,1.813,0.07,1413000000,2595000000,1.19,2022-03-31,26.81,18029000000,8592000000.0,5909000000,1134000000,310000000,4889000000,4889000000,None,279000000,None,2515000000,None,None,7366000000,None,1073000000,1028000000,None,None,None,0.153,,4475000000,1434000000,1621000000,3298000000,None,6283000000,None,,,,,1.529,5.77,3.385,,,,,,,,0.14,,3103000000,2025-11-12,quarterly,1.26,USD,pre-market,420000000,900000000,0.0461,0.114,0.031,36.2,7984000000,9650000000,2284000000,None,102.75,115.66,5.8824,42991000000,11612000000,11654000000,25303000000,31379000000,13649000000,17336000000,16536000000,46.59,-1200000000,123.37,67.31
2025-12-28,JCI,2.62,23595999000.0,46.59,None,1.417,21.15,,None,1207000000,1207000000,,,,,,,,,7000000,679000000,None,11427000000,11427000000,4083000000,None,612000000,5671000000,None,None,1182000000,,1.51,0.0124,,,,1.813,0.07,1413000000,2595000000,1.19,2021-12-31,26.81,18386000000,8592000000.0,5909000000,1134000000,310000000,5505000000,5505000000,None,279000000,None,2425000000,None,None,7437000000,None,1102000000,1028000000,None,None,None,0.153,,4475000000,1434000000,1050000000,3447000000,None,6308000000,None,,,,,1.529,5.77,3.385,,,,,,,,0.14,,3213000000,2025-11-12,quarterly,1.26,USD,pre-market,420000000,1638000000,0.0461,0.114,0.031,36.2,7984000000,8049000000,612000000,None,102.75,115.66,5.8824,42222000000,10353000000,9987000000,23732000000,31869000000,13745000000,17336000000,17249000000,46.59,-1199000000,123.37,67.31
2025-12-28,JCI,2.62,23595999000.0,46.59,None,1.417,21.15,,None,1336000000,1336000000,,,,,,,,,7000000,679000000,None,11427000000,11427000000,3746000000,None,234000000,5613000000,None,None,1182000000,,1.51,0.0124,,,,1.813,0.07,1413000000,2595000000,1.19,2021-09-30,26.81,18335000000,8592000000.0,5909000000,1134000000,310000000,5549000000,5549000000,None,279000000,None,2057000000,None,None,7506000000,None,1066000000,1028000000,None,None,None,0.153,,4475000000,1434000000,992000000,3481000000,None,6533000000,None,,,,,1.529,5.77,3.385,,,,,,,,0.14,,3228000000,2025-11-12,quarterly,1.26,USD,pre-market,420000000,2025000000,0.0461,0.114,0.031,36.2,7984000000,7740000000,234000000,1066000000,102.75,115.66,5.8824,41890000000,9998000000,9098000000,23137000000,31892000000,14039000000,17336000000,17562000000,46.59,-1152000000,123.37,67.31
2025-12-28,JCI,2.62,23595999000.0,46.59,None,1.417,21.15,,None,1450000000,1450000000,,,,,,,,,7000000,719700000,None,11427000000,11427000000,3719000000,None,461000000,5668000000,None,None,1182000000,,1.51,0.0124,,,,1.813,0.07,1413000000,2595000000,1.19,2021-06-30,26.81,18445000000,8592000000.0,5909000000,1134000000,310000000,5679000000,5679000000,None,279000000,None,2064000000,None,None,7318000000,None,1016000000,1028000000,None,None,None,0.153,,4475000000,1434000000,1128000000,3456000000,None,5803000000,None,,,,,1.529,5.77,3.385,,,,,,,,0.14,,4480000000,2025-11-12,quarterly,1.26,USD,pre-market,420000000,2256000000,0.0461,0.114,0.031,36.2,7984000000,7779000000,461000000,1016000000,102.75,115.66,5.8824,42135000000,10310000000,9285000000,23138000000,31825000000,13853000000,17336000000,17840000000,46.59,-1149000000,123.37,67.31
2025-12-28,JCI,2.62,23595999000.0,46.59,None,1.417,21.15,,None,1883000000,1883000000,,,,,,,,,7000000,721300000,None,11427000000,11427000000,3417000000,None,444000000,5167000000,None,None,1182000000,,1.51,0.0124,,,,1.813,0.07,1413000000,2595000000,1.19,2021-03-31,26.81,18124000000,8592000000.0,5909000000,1134000000,310000000,5259000000,5259000000,None,279000000,None,1994000000,None,None,7323000000,None,1045000000,1028000000,None,None,None,0.153,,4475000000,1434000000,1160000000,3169000000,None,6360000000,None,,,,,1.529,5.77,3.385,,,,,,,,0.14,,3015000000,2025-11-12,quarterly,1.26,USD,pre-market,420000000,2215000000,0.0461,0.114,0.031,36.2,7984000000,7767000000,444000000,1045000000,102.75,115.66,5.8824,41180000000,10204000000,8740000000,22423000000,30976000000,13683000000,17336000000,17698000000,46.59,-1148000000,123.37,67.31
2025-12-28,JCI,2.62,23595999000.0,46.59,None,1.417,21.15,,None,1839000000,1839000000,,,,,,,,,7000000,726500000,None,11427000000,11427000000,3210000000,None,464000000,5177000000,None,None,1182000000,,1.51,0.0124,,,,1.813,0.07,1413000000,2595000000,1.19,2020-12-31,26.81,18207000000,8592000000.0,5909000000,1134000000,310000000,5384000000,5384000000,None,279000000,None,1913000000,None,None,7469000000,None,1003000000,1028000000,None,None,None,0.153,,4475000000,1434000000,1105000000,3229000000,None,6646000000,None,,,,,1.529,5.77,3.385,,,,,,,,0.14,,3082000000,2025-11-12,quarterly,1.26,USD,pre-market,420000000,2382000000,0.0461,0.114,0.031,36.2,7984000000,7933000000,464000000,1003000000,102.75,115.66,5.8824,41424000000,10034000000,8486000000,22601000000,31390000000,14115000000,17336000000,17656000000,46.59,-1146000000,123.37,67.31
2025-12-28,JCI,2.62,23595999000.0,46.59,None,1.417,21.15,,None,1951000000,1951000000,,,,,,,,,8000000,738100000,None,11427000000,11427000000,3120000000,None,293000000,5294000000,None,None,1182000000,,1.51,0.0124,,,,1.813,0.07,1413000000,2595000000,1.19,2020-09-30,26.81,17932000000,8592000000.0,5909000000,1134000000,310000000,5356000000,5356000000,None,279000000,None,1773000000,None,None,7526000000,None,914000000,1028000000,None,None,None,0.153,,4475000000,1434000000,1035000000,3400000000,None,6508000000,None,,,,,1.529,5.77,3.385,,,,,,,,0.14,,3059000000,2025-11-12,quarterly,1.26,USD,pre-market,420000000,2469000000,0.0461,0.114,0.031,36.2,7984000000,7819000000,293000000,None,102.75,115.66,5.8824,40815000000,10053000000,8248000000,22282000000,30762000000,14034000000,17336000000,17447000000,46.59,-1119000000,123.37,67.31
2025-12-28,JCI,2.62,23595999000.0,46.59,None,1.417,21.15,,None,2342000000,2342000000,,,,,,,,,8000000,744000000,None,11427000000,11427000000,3057000000,None,2423000000,5344000000,None,None,1182000000,,1.51,0.0124,,,,1.813,0.07,1413000000,2595000000,1.19,2020-06-30,26.81,17759000000,8592000000.0,5909000000,1134000000,310000000,5364000000,5364000000,None,279000000,None,1996000000,None,None,5671000000,None,834000000,1028000000,None,None,None,0.153,,4475000000,1434000000,1458000000,3373000000,None,6430000000,None,,,,,1.529,5.77,3.385,,,,,,,,0.14,,3041000000,2025-11-12,quarterly,1.26,USD,pre-market,420000000,2955000000,0.0461,0.114,0.031,36.2,7984000000,8094000000,2423000000,834000000,102.75,115.66,5.8824,41278000000,11140000000,10304000000,22405000000,30138000000,12101000000,17336000000,17805000000,46.59,-1119000000,123.37,67.31
2025-12-28,JCI,2.62,23595999000.0,46.59,None,1.417,21.15,,None,1006000000,1006000000,,,,,,,,,8000000,757100000,None,11427000000,11427000000,3119000000,None,1430000000,5492000000,None,None,1182000000,,1.51,0.0124,,,,1.813,0.07,1413000000,2595000000,1.19,2020-03-31,26.81,18072000000,8592000000.0,5909000000,1134000000,310000000,5391000000,5391000000,None,279000000,None,2030000000,None,None,5640000000,None,869000000,1028000000,None,None,None,0.153,,4475000000,1434000000,1427000000,3360000000,None,6165000000,None,,,,,1.529,5.77,3.385,,,,,,,,0.14,,3274000000,2025-11-12,quarterly,1.26,USD,pre-market,420000000,3332000000,0.0461,0.114,0.031,36.2,7984000000,7070000000,1430000000,None,102.75,115.66,5.8824,40402000000,9955000000,9509000000,21314000000,30447000000,11805000000,17336000000,18084000000,46.59,-1118000000,123.37,67.31
2025-12-28,JCI,2.62,23595999000.0,46.59,None,1.417,21.15,,None,2160000000,2160000000,,,,,,,,,8000000,774000000,None,11427000000,11427000000,3336000000,None,1362000000,5612000000,None,None,1182000000,,1.51,0.0124,,,,1.813,0.07,1413000000,2595000000,1.19,2019-12-31,26.81,18351000000,8592000000.0,5909000000,1134000000,310000000,5610000000,5610000000,None,279000000,None,1953000000,None,None,5920000000,None,865000000,1028000000,None,None,None,0.153,,4475000000,1434000000,1595000000,3499000000,None,6470000000,None,,,,,1.529,5.77,3.385,,,,,,,,0.14,,3341000000,2025-11-12,quarterly,1.26,USD,pre-market,420000000,4129000000,0.0461,0.114,0.031,36.2,7984000000,7282000000,1362000000,None,102.75,115.66,5.8824,42513000000,11320000000,9692000000,22082000000,31193000000,12390000000,17336000000,19329000000,46.59,-1116000000,123.37,67.31
2025-12-28,JCI,2.62,23595999000.0,46.59,None,1.417,21.15,,None,2805000000,2805000000,,,,,,,,,8000000,791700000,None,11427000000,11427000000,3582000000,None,511000000,5770000000,None,None,1182000000,,1.51,0.0124,,,,1.813,0.07,1413000000,2595000000,1.19,2019-09-30,26.81,18178000000,8592000000.0,5909000000,1134000000,310000000,5632000000,5632000000,None,279000000,None,1814000000,None,None,6708000000,None,853000000,1028000000,None,None,None,0.153,,4475000000,1434000000,2004000000,3729000000,None,4636000000,None,,,,,1.529,5.77,3.385,,,,,,,,0.14,,3348000000,2025-11-12,quarterly,1.26,USD,pre-market,420000000,4827000000,0.0461,0.114,0.031,36.2,7984000000,7219000000,511000000,None,102.75,115.66,5.8824,42287000000,12393000000,9070000000,21458000000,29894000000,12388000000,17336000000,19766000000,46.59,-1086000000,123.37,67.31
2025-12-28,JCI,2.62,23595999000.0,46.59,None,1.417,21.15,,None,3685000000,3685000000,,,,,,,,,9000000,870900000,None,11427000000,11427000000,3671000000,None,521000000,6033000000,None,None,1182000000,,1.51,0.0124,,,,1.813,0.07,1413000000,2595000000,1.19,2019-06-30,26.81,18312000000,8592000000.0,5909000000,1134000000,310000000,5739000000,5739000000,None,279000000,None,2050000000,None,None,6804000000,None,848000000,1028000000,None,None,None,0.153,,4475000000,1434000000,1274000000,3661000000,None,5614000000,None,,,,,1.529,5.77,3.385,,,,,,,,0.14,,3282000000,2025-11-12,quarterly,1.26,USD,pre-market,420000000,6366000000,0.0461,0.114,0.031,36.2,7984000000,7325000000,521000000,None,102.75,115.66,5.8824,43069000000,13042000000,9242000000,21660000000,30027000000,12418000000,17336000000,20363000000,46.59,-2168000000,123.37,67.31
2025-12-28,JCI,2.62,23595999000.0,46.59,None,1.417,21.15,,None,239000000,239000000,,,,,,,,,10000000,905900000,None,11427000000,11427000000,3482000000,None,3968000000,5707000000,None,None,1182000000,,1.51,0.0124,,,,1.813,0.07,1413000000,2595000000,1.19,2019-03-31,26.81,18311000000,8592000000.0,5909000000,1134000000,310000000,6015000000,6015000000,None,279000000,None,2124000000,None,None,8418000000,None,937000000,1028000000,None,None,None,0.153,,4475000000,1434000000,4766000000,4470000000,None,5329000000,None,,,,,1.529,5.77,3.385,,,,,,,,0.14,,3332000000,2025-11-12,quarterly,1.26,USD,pre-market,420000000,6416000000,0.0461,0.114,0.031,36.2,7984000000,12386000000,3968000000,None,102.75,115.66,5.8824,48489000000,12836000000,13441000000,27188000000,35653000000,13747000000,17336000000,20036000000,46.59,-2078000000,123.37,67.31
2025-12-28,JCI,2.62,23595999000.0,46.59,None,1.417,21.15,,None,292000000,292000000,,,,,,,,,10000000,925200000,None,11427000000,11427000000,3273000000,None,1000000,5442000000,None,None,1182000000,,1.51,0.0124,,,,1.813,0.07,1413000000,2595000000,1.19,2018-12-31,26.81,18291000000,8592000000.0,5909000000,1134000000,310000000,6080000000,6080000000,None,279000000,None,2027000000,None,None,9588000000,None,887000000,1028000000,None,None,None,0.153,,4475000000,1434000000,4194000000,4682000000,None,5368000000,None,,,,,1.529,5.77,3.385,,,,,,,,0.14,,3314000000,2025-11-12,quarterly,1.26,USD,pre-market,420000000,6136000000,0.0461,0.114,0.031,36.2,7984000000,11908000000,2320000000,10000000,102.75,115.66,5.8824,48016000000,11955000000,11653000000,26609000000,36061000000,14956000000,17336000000,20102000000,46.59,-1543000000,123.37,67.31
2025-12-28,JCI,2.62,23595999000.0,46.59,None,1.417,21.15,,None,206000000,206000000,,,,,,,,,10000000,679000000,None,11427000000,11427000000,3407000000,None,26000000,5622000000,None,None,1182000000,,1.51,0.0124,,,,1.813,0.07,1413000000,2595000000,1.19,2018-09-30,26.81,18381000000,8592000000.0,5909000000,1134000000,310000000,6187000000,6187000000,None,279000000,None,1819000000,None,None,9654000000,None,1305000000,1028000000,None,None,None,0.153,,4475000000,1434000000,4176000000,5210000000,None,5435000000,None,,,,,1.529,5.77,3.385,,,,,,,,0.14,,6171000000,2025-11-12,quarterly,1.26,USD,pre-market,420000000,6604000000,0.0461,0.114,0.031,36.2,7984000000,10930000000,1307000000,7000000,102.75,115.66,5.8824,48797000000,11823000000,11250000000,26339000000,36974000000,15089000000,17336000000,21164000000,46.59,-1053000000,123.37,67.31
2025-12-28,JCI,2.62,23595999000.0,46.59,None,1.417,21.15,,None,283000000,283000000,,,,,,,,,9000000,679000000,None,11427000000,11427000000,4410000000,None,24000000,6895000000,None,None,1182000000,,1.51,0.0124,,,,1.813,0.07,1413000000,2595000000,1.19,2018-06-30,26.81,19512000000,8592000000.0,5909000000,1134000000,310000000,6424000000,6424000000,None,279000000,None,3509000000,None,None,10373000000,None,1290000000,1028000000,None,None,None,0.153,,4475000000,1434000000,1778000000,3991000000,None,5692000000,None,,,,,1.529,5.77,3.385,,,,,,,,0.14,,6093000000,2025-11-12,quarterly,1.26,USD,pre-market,420000000,6075000000,0.0461,0.114,0.031,36.2,7984000000,11956000000,1583000000,24000000,102.75,115.66,5.8824,49406000000,12465000000,11301000000,27366000000,36941000000,16065000000,17336000000,20773000000,46.59,-1004000000,123.37,67.31
2025-12-28,JCI,2.62,23595999000.0,46.59,None,1.417,21.15,,None,268000000,268000000,,,,,,,,,9000000,679000000,None,11427000000,11427000000,4250000000,None,25000000,6679000000,None,None,1182000000,,1.51,0.0124,,,,1.813,0.07,1413000000,2595000000,1.19,2018-03-31,26.81,19806000000,8592000000.0,5909000000,1134000000,310000000,6625000000,6625000000,None,279000000,None,3565000000,None,None,10962000000,None,1294000000,1028000000,None,None,None,0.153,,4475000000,1434000000,1759000000,4063000000,None,5883000000,None,,,,,1.529,5.77,3.385,,,,,,,,0.14,,6235000000,2025-11-12,quarterly,1.26,USD,pre-market,420000000,5594000000,0.0461,0.114,0.031,36.2,7984000000,12098000000,1136000000,58000000,102.75,115.66,5.8824,49952000000,12271000000,10992000000,27837000000,37681000000,16845000000,17336000000,20874000000,46.59,-946000000,123.37,67.31
2025-12-28,JCI,2.62,23595999000.0,46.59,None,1.417,21.15,,None,552000000,552000000,,,,,,,,,9000000,679000000,None,11427000000,11427000000,4020000000,None,91000000,6731000000,None,None,1182000000,,1.51,0.0124,,,,1.813,0.07,1413000000,2595000000,1.19,2017-12-31,26.81,19717000000,8592000000.0,5909000000,1134000000,310000000,6657000000,6657000000,None,279000000,None,3459000000,None,None,10895000000,None,1219000000,1028000000,None,None,None,0.153,,4475000000,1434000000,1687000000,4253000000,None,5900000000,None,,,,,1.529,5.77,3.385,,,,,,,,0.14,,6105000000,2025-11-12,quarterly,1.26,USD,pre-market,420000000,5398000000,0.0461,0.114,0.031,36.2,7984000000,12500000000,1605000000,69000000,102.75,115.66,5.8824,49767000000,12429000000,11246000000,28041000000,37338000000,16795000000,17336000000,20535000000,46.59,-885000000,123.37,67.31
2025-12-28,JCI,2.62,23595999000.0,46.59,None,1.417,21.15,,None,321000000,321000000,,,,,,,,,9000000,679000000,None,11427000000,11427000000,4271000000,None,394000000,6666000000,None,None,1182000000,,1.51,0.0124,,,,1.813,0.07,1413000000,2595000000,1.19,2017-09-30,26.81,19688000000,8592000000.0,5909000000,1134000000,310000000,6741000000,6741000000,None,279000000,None,3209000000,None,None,11964000000,None,1201000000,1028000000,None,None,None,0.153,,4475000000,1434000000,2096000000,4696000000,None,6488000000,None,,,,,1.529,5.77,3.385,,,,,,,,0.14,,6121000000,2025-11-12,quarterly,1.26,USD,pre-market,420000000,5231000000,0.0461,0.114,0.031,36.2,7984000000,13572000000,1608000000,14000000,102.75,115.66,5.8824,51884000000,12292000000,11854000000,30306000000,39592000000,18452000000,17336000000,20447000000,46.59,-710000000,123.37,67.31
2025-12-28,JCI,2.62,23595999000.0,46.59,None,1.417,21.15,,None,458000000,458000000,,,,,,,,,9000000,679000000,None,11427000000,11427000000,3764000000,None,14271000000,6443000000,None,None,1182000000,,1.51,0.0124,,,,1.813,0.07,1413000000,2595000000,1.19,2017-06-30,26.81,19619000000,8592000000.0,5909000000,1134000000,310000000,6727000000,6727000000,None,279000000,None,3384000000,None,None,11772000000,None,1159000000,1028000000,None,None,None,0.153,,4475000000,1434000000,3677000000,5252000000,None,6595000000,None,,,,,1.529,5.77,3.385,,,,,,,,0.14,,5870000000,2025-11-12,quarterly,1.26,USD,pre-market,420000000,4589000000,0.0461,0.114,0.031,36.2,7984000000,14271000000,2499000000,24000000,102.75,115.66,5.8824,50686000000,13962000000,11515000000,29882000000,36724000000,18367000000,17336000000,19731000000,46.59,-481000000,123.37,67.31
2025-12-28,JCI,2.62,23595999000.0,46.59,None,1.417,21.15,,None,412000000,412000000,,,,,,,,,9000000,679000000,None,11427000000,11427000000,3720000000,None,1666000000,6094000000,None,None,1182000000,,1.51,0.0124,,,,1.813,0.07,1413000000,2595000000,1.19,2017-03-31,26.81,19644000000,8592000000.0,5909000000,1134000000,310000000,6687000000,6687000000,None,279000000,None,3138000000,None,None,11810000000,None,1099000000,1028000000,None,None,None,0.153,,4475000000,1434000000,3585000000,5356000000,None,6686000000,None,,,,,1.529,5.77,3.385,,,,,,,,0.14,,5601000000,2025-11-12,quarterly,1.26,USD,pre-market,420000000,4268000000,0.0461,0.114,0.031,36.2,7984000000,13476000000,1666000000,37000000,102.75,115.66,5.8824,49607000000,13229000000,10742000000,29238000000,36378000000,18496000000,17336000000,19388000000,46.59,-172000000,123.37,67.31
2025-12-28,JCI,2.62,23595999000.0,46.59,None,1.417,21.15,,None,377000000,377000000,,,,,,,,,9000000,679000000,None,11427000000,11427000000,3453000000,None,2899000000,6057000000,None,None,1182000000,,1.51,0.0124,,,,1.813,0.07,1413000000,2595000000,1.19,2016-12-31,26.81,20772000000,8592000000.0,5909000000,1134000000,310000000,7290000000,7290000000,None,279000000,None,2943000000,None,None,10351000000,None,1030000000,1028000000,None,None,None,0.153,,4475000000,1434000000,1589000000,5107000000,None,6423000000,None,,,,,1.529,5.77,3.385,,,,,,,,0.14,,5556000000,2025-11-12,quarterly,1.26,USD,pre-market,420000000,4669000000,0.0461,0.114,0.031,36.2,7984000000,13250000000,2899000000,33000000,102.75,115.66,5.8824,48788000000,10966000000,11459000000,28233000000,37822000000,16774000000,17336000000,19577000000,46.59,-45000000,123.37,67.31
2025-12-28,JCI,2.62,23595999000.0,46.59,None,1.417,21.15,,None,579000000,579000000,,,,,,,,,9000000,728300000,None,11427000000,11427000000,4000000000,None,628000000,6394000000,None,None,1182000000,,1.51,0.0124,,,,1.813,0.07,1413000000,2595000000,1.19,2016-09-30,26.81,21024000000,8592000000.0,5909000000,1134000000,310000000,7540000000,7540000000,None,279000000,None,2888000000,None,None,14606000000,None,994000000,1028000000,None,None,None,0.153,,4475000000,1434000000,1436000000,9292000000,None,7030000000,None,,,,,1.529,5.77,3.385,,,,,,,,0.14,,7872000000,2025-11-12,quarterly,1.26,USD,pre-market,420000000,9177000000,0.0461,0.114,0.031,36.2,7984000000,16312000000,1706000000,15000000,102.75,115.66,5.8824,63179000000,17109000000,16331000000,37855000000,46070000000,21524000000,17336000000,24118000000,46.59,-20000000,123.37,67.31
2025-12-28,JCI,2.62,23595999000.0,46.59,None,1.417,21.15,,None,467000000,467000000,,,,,,,,,718000000,679000000,None,11427000000,11427000000,5455000000,None,8006000000,6170000000,None,None,1182000000,,1.51,0.0124,,,,1.813,0.07,1413000000,2595000000,1.19,2016-06-30,26.81,7093000000,8592000000.0,5909000000,1134000000,310000000,1568000000,1568000000,None,279000000,None,2972000000,None,None,5139000000,None,2672000000,1028000000,None,None,None,0.153,,4475000000,1434000000,2238000000,4572000000,None,1663000000,None,,,,,1.529,5.77,3.385,,,,,,,,0.14,,1180000000,2025-11-12,quarterly,1.26,USD,pre-market,420000000,10575000000,0.0461,0.114,0.031,36.2,7984000000,7998000000,2867000000,70000000,102.75,115.66,5.8824,31879000000,11847000000,12886000000,21105000000,20032000000,8219000000,17336000000,9599000000,46.59,-15000000,123.37,67.31
2025-12-28,JCI,2.62,23595999000.0,46.59,None,1.417,21.15,,None,358000000,358000000,,,,,,,,,718000000,679000000,None,11427000000,11427000000,5360000000,None,400000000,5987000000,None,None,1182000000,,1.51,0.0124,,,,1.813,0.07,1413000000,2595000000,1.19,2016-03-31,26.81,7042000000,8592000000.0,5909000000,1134000000,310000000,1576000000,1576000000,None,279000000,None,2922000000,None,None,2159000000,None,2735000000,1028000000,None,None,None,0.153,,4475000000,1434000000,1791000000,4549000000,None,1756000000,None,,,,,1.529,5.77,3.385,,,,,,,,0.14,,1189000000,2025-11-12,quarterly,1.26,USD,pre-market,420000000,10380000000,0.0461,0.114,0.031,36.2,7984000000,7026000000,1890000000,85000000,102.75,115.66,5.8824,31222000000,11058000000,11792000000,20080000000,20141000000,8288000000,17336000000,10007000000,46.59,-15000000,123.37,67.31
2025-12-28,JCI,2.62,23595999000.0,46.59,None,1.417,21.15,,None,414000000,414000000,,,,,,,,,717000000,679000000,None,11427000000,11427000000,4936000000,None,None,5745000000,None,None,1182000000,,1.51,0.0124,,,,1.813,0.07,1413000000,2595000000,1.19,2015-12-31,26.81,6918000000,8592000000.0,5909000000,1134000000,310000000,1583000000,1583000000,None,279000000,None,2769000000,None,None,5301000000,None,None,1028000000,None,None,None,0.153,,4475000000,1434000000,1993000000,4512000000,None,1736000000,None,,,,,1.529,5.77,3.385,,,,,,,,0.14,,1167000000,2025-11-12,quarterly,1.26,USD,pre-market,420000000,11100000000,0.0461,0.114,0.031,36.2,7984000000,7154000000,1854000000,1000000,102.75,115.66,5.8824,31019000000,10921000000,11301000000,19366000000,20098000000,8065000000,17336000000,10506000000,46.59,-14000000,123.37,67.31
2025-12-28,JCI,2.62,23595999000.0,46.59,None,1.417,21.15,,None,597000000,597000000,,,,,,,,,7000000,679000000,None,11427000000,11427000000,5174000000,None,814000000,5751000000,None,None,1182000000,,1.51,0.0124,,,,1.813,0.07,1413000000,2595000000,1.19,2015-09-30,26.81,6824000000,8592000000.0,5909000000,1134000000,310000000,1516000000,1516000000,None,279000000,None,2377000000,None,None,5745000000,None,2152000000,1028000000,None,None,None,0.153,,4475000000,1434000000,1744000000,4407000000,None,1938000000,None,,,,,1.529,5.77,3.385,,,,,,,,0.14,,1189000000,2025-11-12,quarterly,1.26,USD,pre-market,420000000,10838000000,0.0461,0.114,0.031,36.2,7984000000,6610000000,866000000,6000000,102.75,115.66,5.8824,29595000000,10469000000,10446000000,18844000000,19153000000,8466000000,17336000000,10376000000,46.59,-3000000,123.37,67.31
2025-12-28,JCI,2.62,23595999000.0,46.59,None,1.417,21.15,,None,213000000,213000000,,,,,,,,,716000000,679000000,None,11427000000,11427000000,4791000000,None,None,5597000000,None,None,1182000000,,1.51,0.0124,,,,1.813,0.07,1413000000,2595000000,1.19,2015-06-30,26.81,6850000000,8592000000.0,5909000000,1134000000,310000000,1545000000,1545000000,None,279000000,None,2489000000,None,None,5734000000,None,None,1028000000,None,None,None,0.153,,4475000000,1434000000,4643000000,5541000000,None,1898000000,None,,,,,1.529,5.77,3.385,,,,,,,,0.14,,1215000000,2025-11-12,quarterly,1.26,USD,pre-market,420000000,10656000000,0.0461,0.114,0.031,36.2,7984000000,7535000000,1801000000,17000000,102.75,115.66,5.8824,31968000000,12942000000,12133000000,20908000000,19026000000,8775000000,17336000000,10655000000,46.59,-2788000000,123.37,67.31
2025-12-28,JCI,2.62,23595999000.0,46.59,None,1.417,21.15,,None,164000000,164000000,,,,,,,,,713000000,679000000,None,11427000000,11427000000,4640000000,None,None,5384000000,None,None,1182000000,,1.51,0.0124,,,,1.813,0.07,1413000000,2595000000,1.19,2015-03-31,26.81,6788000000,8592000000.0,5909000000,1134000000,310000000,1558000000,1558000000,None,279000000,None,2414000000,None,None,5448000000,None,None,1028000000,None,None,None,0.153,,4475000000,1434000000,4231000000,5196000000,None,1927000000,None,,,,,1.529,5.77,3.385,,,,,,,,0.14,,1216000000,2025-11-12,quarterly,1.26,USD,pre-market,420000000,10649000000,0.0461,0.114,0.031,36.2,7984000000,7584000000,2136000000,22000000,102.75,115.66,5.8824,31050000000,12193000000,11972000000,20066000000,18857000000,8094000000,17336000000,10583000000,46.59,-2598000000,123.37,67.31
2025-12-28,JCI,2.62,23595999000.0,46.59,None,1.417,21.15,,None,168000000,168000000,,,,,,,,,711000000,679000000,None,11427000000,11427000000,4584000000,None,None,5360000000,None,None,1182000000,,1.51,0.0124,,,,1.813,0.07,1413000000,2595000000,1.19,2014-12-31,26.81,7010000000,8592000000.0,5909000000,1134000000,310000000,1600000000,1600000000,None,279000000,None,2439000000,None,None,6322000000,None,None,1028000000,None,None,None,0.153,,4475000000,1434000000,4414000000,5589000000,None,1918000000,None,,,,,1.529,5.77,3.385,,,,,,,,0.14,,1242000000,2025-11-12,quarterly,1.26,USD,pre-market,420000000,10291000000,0.0461,0.114,0.031,36.2,7984000000,7536000000,1214000000,25000000,102.75,115.66,5.8824,31707000000,12381000000,11387000000,20412000000,19326000000,9025000000,17336000000,10823000000,46.59,-2387000000,123.37,67.31
2025-12-28,JCI,2.62,23595999000.0,46.59,None,1.417,21.15,,None,409000000,409000000,,,,,,,,,707000000,679000000,None,11427000000,11427000000,5270000000,None,140000000,5871000000,None,None,1182000000,,1.51,0.0124,,,,1.813,0.07,1413000000,2595000000,1.19,2014-09-30,26.81,7127000000,8592000000.0,5909000000,1134000000,310000000,1639000000,1639000000,None,279000000,None,2477000000,None,None,6360000000,None,1024000000,1028000000,None,None,None,0.153,,4475000000,1434000000,4350000000,6101000000,None,1877000000,None,,,,,1.529,5.77,3.385,,,,,,,,0.14,,1269000000,2025-11-12,quarterly,1.26,USD,pre-market,420000000,9956000000,0.0461,0.114,0.031,36.2,7984000000,6680000000,323000000,15000000,102.75,115.66,5.8824,32804000000,13107000000,11648000000,20670000000,19697000000,9022000000,17336000000,11311000000,46.59,-2515000000,123.37,67.31
2025-12-28,JCI,2.62,23595999000.0,46.59,None,1.417,21.15,,None,160000000,160000000,,,,,,,,,706000000,679000000,None,11427000000,11427000000,5567000000,None,None,6710000000,None,None,1182000000,,1.51,0.0124,,,,1.813,0.07,1413000000,2595000000,1.19,2014-06-30,26.81,7658000000,8592000000.0,5909000000,1134000000,310000000,1669000000,1669000000,None,279000000,None,2591000000,None,None,6416000000,None,None,1028000000,None,None,None,0.153,,4475000000,1434000000,3986000000,5505000000,None,None,None,,,,,1.529,5.77,3.385,,,,,,,,0.14,,6260000000,2025-11-12,quarterly,1.26,USD,pre-market,420000000,9793000000,0.0461,0.114,0.031,36.2,7984000000,7487000000,1073000000,5000000,102.75,115.66,5.8824,33074000000,13447000000,12143000000,20795000000,19627000000,8652000000,17336000000,11815000000,46.59,-1734000000,123.37,67.31
2025-12-28,JCI,2.62,23595999000.0,46.59,None,1.417,21.15,,None,209000000,209000000,,,,,,,,,704000000,679000000,None,11427000000,11427000000,6042000000,None,None,7028000000,None,None,1182000000,,1.51,0.0124,,,,1.813,0.07,1413000000,2595000000,1.19,2014-03-31,26.81,6722000000,8592000000.0,5909000000,1134000000,310000000,1056000000,1056000000,None,279000000,None,2516000000,None,None,4733000000,None,None,1028000000,None,None,None,0.153,,4475000000,1434000000,3306000000,4592000000,None,None,None,,,,,1.529,5.77,3.385,,,,,,,,0.14,,6632000000,2025-11-12,quarterly,1.26,USD,pre-market,420000000,9764000000,0.0461,0.114,0.031,36.2,7984000000,6251000000,1519000000,11000000,102.75,115.66,5.8824,31217000000,13059000000,12152000000,19075000000,18158000000,6923000000,17336000000,11686000000,46.59,-1734000000,123.37,67.31
2025-12-28,JCI,2.62,23595999000.0,46.59,None,1.417,21.15,,None,245000000,245000000,,,,,,,,,703000000,679000000,None,11427000000,11427000000,5592000000,None,None,6743000000,None,None,1182000000,,1.51,0.0124,,,,1.813,0.07,1413000000,2595000000,1.19,2013-12-31,26.81,6717000000,8592000000.0,5909000000,1134000000,310000000,1070000000,1070000000,None,279000000,None,2452000000,None,None,4866000000,None,None,1028000000,None,None,None,0.153,,4475000000,1434000000,3286000000,4407000000,None,None,None,,,,,1.529,5.77,3.385,,,,,,,,0.14,,6665000000,2025-11-12,quarterly,1.26,USD,pre-market,420000000,9649000000,0.0461,0.114,0.031,36.2,7984000000,6670000000,1804000000,20000000,102.75,115.66,5.8824,30832000000,12726000000,11803000000,18871000000,18106000000,7068000000,17336000000,11531000000,46.59,-1652000000,123.37,67.31
2025-12-28,JCI,2.62,23595999000.0,46.59,None,1.417,21.15,,None,1055000000,1055000000,,,,,,,,,700000000,679000000,None,11427000000,11427000000,6318000000,None,5498000000,7206000000,None,None,1182000000,,1.51,0.0124,,,,1.813,0.07,1413000000,2595000000,1.19,2013-09-30,26.81,6589000000,8592000000.0,5909000000,1134000000,310000000,999000000,999000000,None,279000000,None,2325000000,None,None,4560000000,None,1057000000,1028000000,None,None,None,0.153,,4475000000,1434000000,3112000000,4861000000,None,1969000000,None,,,,,1.529,5.77,3.385,,,,,,,,0.14,,1677000000,2025-11-12,quarterly,1.26,USD,pre-market,420000000,9328000000,0.0461,0.114,0.031,36.2,7984000000,5498000000,938000000,9000000,102.75,115.66,5.8824,31571000000,13698000000,12131000000,18823000000,17820000000,6692000000,17336000000,12331000000,46.59,-912000000,123.37,67.31
2025-12-28,JCI,2.62,23595999000.0,46.59,None,1.417,21.15,,None,391000000,391000000,,,,,,,,,697000000,679000000,None,11427000000,11427000000,6217000000,None,None,7259000000,None,None,1182000000,,1.51,0.0124,,,,1.813,0.07,1413000000,2595000000,1.19,2013-06-30,26.81,7135000000,8592000000.0,5909000000,1134000000,310000000,1055000000,1055000000,None,279000000,None,2354000000,None,None,4593000000,None,None,1028000000,None,None,None,0.153,,4475000000,1434000000,2665000000,4136000000,None,2138000000,None,,,,,1.529,5.77,3.385,,,,,,,,0.14,,1640000000,2025-11-12,quarterly,1.26,USD,pre-market,420000000,9289000000,0.0461,0.114,0.031,36.2,7984000000,6024000000,1431000000,10000000,102.75,115.66,5.8824,31750000000,12669000000,11784000000,19184000000,19081000000,7400000000,17336000000,12118000000,46.59,-970000000,123.37,67.31
2025-12-28,JCI,2.62,23595999000.0,46.59,None,1.417,21.15,,None,481000000,481000000,,,,,,,,,693000000,679000000,None,11427000000,11427000000,6146000000,None,None,7317000000,None,None,1182000000,,1.51,0.0124,,,,1.813,0.07,1413000000,2595000000,1.19,2013-03-31,26.81,7097000000,8592000000.0,5909000000,1134000000,310000000,1126000000,1126000000,None,279000000,None,2298000000,None,None,4590000000,None,None,1028000000,None,None,None,0.153,,4475000000,1434000000,2730000000,3875000000,None,2361000000,None,,,,,1.529,5.77,3.385,,,,,,,,0.14,,1668000000,2025-11-12,quarterly,1.26,USD,pre-market,420000000,8846000000,0.0461,0.114,0.031,36.2,7984000000,6670000000,2082000000,5000000,102.75,115.66,5.8824,31857000000,12826000000,12101000000,19620000000,19031000000,7519000000,17336000000,11798000000,46.59,-967000000,123.37,67.31
2025-12-28,JCI,2.62,23595999000.0,46.59,None,1.417,21.15,,None,314000000,314000000,,,,,,,,,684000000,679000000,None,11427000000,11427000000,5880000000,None,None,7090000000,None,None,1182000000,,1.51,0.0124,,,,1.813,0.07,1413000000,2595000000,1.19,2012-12-31,26.81,7016000000,8592000000.0,5909000000,1134000000,310000000,1031000000,1031000000,None,279000000,None,2260000000,None,None,5413000000,None,None,1028000000,None,None,None,0.153,,4475000000,1434000000,3164000000,3853000000,None,2337000000,None,,,,,1.529,5.77,3.385,,,,,,,,0.14,,1682000000,2025-11-12,quarterly,1.26,USD,pre-market,420000000,8767000000,0.0461,0.114,0.031,36.2,7984000000,6448000000,1035000000,23000000,102.75,115.66,5.8824,31252000000,12828000000,10768000000,18957000000,18404000000,8189000000,17336000000,11870000000,46.59,-913000000,123.37,67.31
2025-12-28,JCI,2.62,23595999000.0,46.59,None,1.417,21.15,,None,265000000,265000000,,,,,,,,,688000000,679000000,None,11427000000,11427000000,6114000000,None,None,7308000000,None,None,1182000000,,1.51,0.0124,,,,1.813,0.07,1413000000,2595000000,1.19,2012-09-30,26.81,6982000000,8592000000.0,5909000000,1134000000,310000000,947000000,947000000,None,279000000,None,2343000000,None,None,5321000000,None,None,1028000000,None,None,None,0.153,,4475000000,1434000000,2827000000,3994000000,None,None,None,,,,,1.529,5.77,3.385,,,,,,,,0.14,,6440000000,2025-11-12,quarterly,1.26,USD,pre-market,420000000,8611000000,0.0461,0.114,0.031,36.2,7984000000,6068000000,747000000,3000000,102.75,115.66,5.8824,30884000000,12743000000,10855000000,18928000000,18211000000,8073000000,17336000000,11625000000,46.59,-179000000,123.37,67.31
2025-12-28,JCI,2.62,23595999000.0,46.59,None,1.417,21.15,,None,602000000,602000000,,,,,,,,,2792000000,679000000,None,11427000000,11427000000,6062000000,None,None,7155000000,None,None,1182000000,,1.51,0.0124,,,,1.813,0.07,1413000000,2595000000,1.19,2012-06-30,26.81,6953000000,8592000000.0,5909000000,1134000000,310000000,949000000,949000000,None,279000000,None,2362000000,None,None,5624000000,None,None,1028000000,None,None,None,0.153,,4475000000,1434000000,2447000000,3714000000,None,None,None,,,,,1.529,5.77,3.385,,,,,,,,0.14,,6116000000,2025-11-12,quarterly,1.26,USD,pre-market,420000000,2960000000,0.0461,0.114,0.031,36.2,7984000000,6659000000,1035000000,0,102.75,115.66,5.8824,31002000000,12566000000,10811000000,19045000000,18436000000,8234000000,17336000000,11596000000,46.59,0,123.37,67.31
2025-12-28,JCI,2.62,23595999000.0,46.59,None,1.417,21.15,,None,240000000,240000000,,,,,,,,,2792000000,679000000,None,11427000000,11427000000,6313000000,None,None,7402000000,None,None,1182000000,,1.51,0.0124,,,,1.813,0.07,1413000000,2595000000,1.19,2012-03-31,26.81,7040000000,8592000000.0,5909000000,1134000000,310000000,966000000,966000000,None,279000000,None,2374000000,None,None,5645000000,None,None,1028000000,None,None,None,0.153,,4475000000,1434000000,2346000000,3564000000,None,None,None,,,,,1.529,5.77,3.385,,,,,,,,0.14,,6086000000,2025-11-12,quarterly,1.26,USD,pre-market,420000000,2718000000,0.0461,0.114,0.031,36.2,7984000000,6323000000,678000000,0,102.75,115.66,5.8824,30973000000,12362000000,10555000000,18910000000,18611000000,8355000000,17336000000,11595000000,46.59,0,123.37,67.31
2025-12-28,JCI,2.62,23595999000.0,46.59,None,1.417,21.15,,None,241000000,241000000,,,,,,,,,2792000000,679000000,None,11427000000,11427000000,5905000000,None,None,6888000000,None,None,1182000000,,1.51,0.0124,,,,1.813,0.07,1413000000,2595000000,1.19,2011-12-31,26.81,6955000000,8592000000.0,5909000000,1134000000,310000000,941000000,941000000,None,279000000,None,2283000000,None,None,5526000000,None,None,1028000000,None,None,None,0.153,,4475000000,1434000000,2425000000,3741000000,None,None,None,,,,,1.529,5.77,3.385,,,,,,,,0.14,,5743000000,2025-11-12,quarterly,1.26,USD,pre-market,420000000,2391000000,0.0461,0.114,0.031,36.2,7984000000,5983000000,457000000,0,102.75,115.66,5.8824,29683000000,11837000000,10103000000,18123000000,17846000000,8020000000,17336000000,11137000000,46.59,0,123.37,67.31
2025-12-28,JCI,2.62,23595999000.0,46.59,None,1.417,21.15,,None,257000000,257000000,,,,,,,,,9000000,679000000,None,11427000000,11427000000,6159000000,None,None,7151000000,None,None,1182000000,,1.51,0.0124,,,,1.813,0.07,1413000000,2595000000,1.19,2011-09-30,26.81,7016000000,8592000000.0,5909000000,1134000000,310000000,945000000,945000000,None,279000000,None,2316000000,None,None,4533000000,None,None,1028000000,None,None,None,0.153,,4475000000,1434000000,2291000000,4010000000,None,2878000000,None,,,,,1.529,5.77,3.385,,,,,,,,0.14,,4051000000,2025-11-12,quarterly,1.26,USD,pre-market,420000000,8922000000,0.0461,0.114,0.031,36.2,7984000000,5146000000,613000000,0,102.75,115.66,5.8824,29676000000,12015000000,10782000000,18236000000,17661000000,7454000000,17336000000,11042000000,46.59,-951000000,123.37,67.31
2025-12-28,JCI,2.62,23595999000.0,46.59,None,1.417,21.15,,None,335000000,335000000,,,,,,,,,2792000000,679000000,None,11427000000,11427000000,6104000000,None,None,7094000000,None,None,1182000000,,1.51,0.0124,,,,1.813,0.07,1413000000,2595000000,1.19,2011-06-30,26.81,7093000000,8592000000.0,5909000000,1134000000,310000000,822000000,822000000,None,279000000,None,2451000000,None,None,4519000000,None,None,1028000000,None,None,None,0.153,,4475000000,1434000000,2678000000,4393000000,None,2876000000,None,,,,,1.529,5.77,3.385,,,,,,,,0.14,,4007000000,2025-11-12,quarterly,1.26,USD,pre-market,420000000,1642000000,0.0461,0.114,0.031,36.2,7984000000,5176000000,657000000,0,102.75,115.66,5.8824,29869000000,12558000000,11154000000,18390000000,17311000000,7236000000,17336000000,11361000000,46.59,-988000000,123.37,67.31
2025-12-28,JCI,2.62,23595999000.0,46.59,None,1.417,21.15,,None,401000000,401000000,,,,,,,,,2952000000,679000000,None,11427000000,11427000000,6082000000,None,None,6946000000,None,None,1182000000,,1.51,0.0124,,,,1.813,0.07,1413000000,2595000000,1.19,2011-03-31,26.81,6807000000,8592000000.0,5909000000,1134000000,310000000,832000000,832000000,None,279000000,None,2239000000,None,None,4382000000,None,None,1028000000,None,None,None,0.153,,4475000000,1434000000,2620000000,3931000000,None,2906000000,None,,,,,1.529,5.77,3.385,,,,,,,,0.14,,3959000000,2025-11-12,quarterly,1.26,USD,pre-market,420000000,1288000000,0.0461,0.114,0.031,36.2,7984000000,4541000000,159000000,0,102.75,115.66,5.8824,28668000000,12206000000,10172000000,17339000000,16462000000,7167000000,17336000000,10976000000,46.59,-1827000000,123.37,67.31
2025-12-28,JCI,2.62,23595999000.0,46.59,None,1.417,21.15,,None,321000000,321000000,,,,,,,,,2950000000,688000000,None,11427000000,11427000000,5340000000,None,None,6142000000,None,None,1182000000,,1.51,0.0124,,,,1.813,0.07,1413000000,2595000000,1.19,2010-12-31,26.81,6523000000,8592000000.0,5909000000,1134000000,310000000,751000000,751000000,None,279000000,None,1939000000,None,None,2684000000,None,None,1028000000,None,None,None,0.153,,4475000000,1434000000,2313000000,3028000000,None,2876000000,None,,,,,1.529,5.77,3.385,,,,,,,,0.14,,3916000000,2025-11-12,quarterly,1.26,USD,pre-market,420000000,971000000,0.0461,0.114,0.031,36.2,7984000000,4484000000,850000000,0,102.75,115.66,5.8824,25993000000,10715000000,9789000000,15445000000,15278000000,5656000000,17336000000,10431000000,46.59,-1387000000,123.37,67.31
2025-12-28,JCI,2.62,23595999000.0,46.59,None,1.417,21.15,,None,560000000,560000000,,,,,,,,,9000000,679000000,None,11427000000,11427000000,5426000000,None,None,6095000000,None,None,1182000000,,1.51,0.0124,,,,1.813,0.07,1413000000,2595000000,1.19,2010-09-30,26.81,6501000000,8592000000.0,5909000000,1134000000,310000000,741000000,741000000,None,279000000,None,1786000000,None,None,2652000000,None,None,1028000000,None,None,None,0.153,,4475000000,1434000000,2211000000,3747000000,None,None,None,,,,,1.529,5.77,3.385,,,,,,,,0.14,,4096000000,2025-11-12,quarterly,1.26,USD,pre-market,420000000,7765000000,0.0461,0.114,0.031,36.2,7984000000,3389000000,737000000,0,102.75,115.66,5.8824,25743000000,10652000000,9910000000,15370000000,15091000000,5460000000,17336000000,10071000000,46.59,-74000000,123.37,67.31
2025-12-28,JCI,2.62,23595999000.0,46.59,None,1.417,21.15,,None,908000000,908000000,,,,,,,,,2940000000,679000000,None,11427000000,11427000000,1213000000,None,None,2416000000,None,None,1182000000,,1.51,0.0124,,,,1.813,0.07,1413000000,2595000000,1.19,2010-06-30,26.81,6217000000,8592000000.0,5909000000,1134000000,310000000,695000000,695000000,None,279000000,None,1644000000,None,None,2638000000,None,None,1028000000,None,None,None,0.153,,4475000000,1434000000,5150000000,2377000000,None,None,None,,,,,1.529,5.77,3.385,,,,,,,,0.14,,3706000000,2025-11-12,quarterly,1.26,USD,pre-market,420000000,46000000,0.0461,0.114,0.031,36.2,7984000000,3365000000,727000000,0,102.75,115.66,5.8824,24086000000,10118000000,9032000000,14441000000,13968000000,5409000000,17336000000,9424000000,46.59,0,123.37,67.31
2025-12-28,JCI,2.62,23595999000.0,46.59,None,1.417,21.15,,None,770000000,770000000,,,,,,,,,2723000000,679000000,None,11427000000,11427000000,4822000000,None,None,5431000000,None,None,1182000000,,1.51,0.0124,,,,1.813,0.07,1413000000,2595000000,1.19,2010-03-31,26.81,6377000000,8592000000.0,5909000000,1134000000,310000000,709000000,709000000,None,279000000,None,1579000000,None,None,2636000000,None,None,1028000000,None,None,None,0.153,,4475000000,1434000000,2124000000,3250000000,None,None,None,,,,,1.529,5.77,3.385,,,,,,,,0.14,,3779000000,2025-11-12,quarterly,1.26,USD,pre-market,420000000,-208000000,0.0461,0.114,0.031,36.2,7984000000,3379000000,743000000,0,102.75,115.66,5.8824,23809000000,9904000000,8815000000,14183000000,13905000000,5368000000,17336000000,9407000000,46.59,0,123.37,67.31
2025-12-28,JCI,2.62,23595999000.0,46.59,None,1.417,21.15,,None,791000000,791000000,,,,,,,,,3121000000,679000000,None,11427000000,11427000000,4504000000,None,None,5154000000,None,None,1182000000,,1.51,0.0124,,,,1.813,0.07,1413000000,2595000000,1.19,2009-12-31,26.81,6506000000,8592000000.0,5909000000,1134000000,310000000,735000000,735000000,None,279000000,None,1571000000,None,None,3077000000,None,None,1028000000,None,None,None,0.153,,4475000000,1434000000,2160000000,3516000000,None,None,None,,,,,1.529,5.77,3.385,,,,,,,,0.14,,3918000000,2025-11-12,quarterly,1.26,USD,pre-market,420000000,-518000000,0.0461,0.114,0.031,36.2,7984000000,3444000000,367000000,0,102.75,115.66,5.8824,23805000000,9676000000,8387000000,14249000000,14129000000,5862000000,17336000000,9353000000,46.59,0,123.37,67.31
2025-12-28,JCI,2.62,23595999000.0,46.59,None,1.417,21.15,,None,761000000,761000000,,,,,,,,,9000000,679000000,None,11427000000,11427000000,4434000000,None,None,5528000000,None,None,1182000000,,1.51,0.0124,,,,1.813,0.07,1413000000,2595000000,1.19,2009-09-30,26.81,6542000000,8592000000.0,5909000000,1134000000,310000000,746000000,746000000,None,279000000,None,1521000000,None,None,3168000000,None,None,1028000000,None,None,None,0.153,,4475000000,1434000000,2016000000,3484000000,None,None,None,,,,,1.529,5.77,3.385,,,,,,,,0.14,,3986000000,2025-11-12,quarterly,1.26,USD,pre-market,420000000,6653000000,0.0461,0.114,0.031,36.2,7984000000,3966000000,798000000,0,102.75,115.66,5.8824,24088000000,9826000000,8716000000,14749000000,14262000000,6033000000,17336000000,9138000000,46.59,-70000000,123.37,67.31
2025-12-28,JCI,2.62,23595999000.0,46.59,None,1.417,21.15,,None,543000000,543000000,,,,,,,,,3122000000,679000000,None,11427000000,11427000000,3741000000,None,None,4910000000,None,None,1182000000,,1.51,0.0124,,,,1.813,0.07,1413000000,2595000000,1.19,2009-06-30,26.81,6420000000,8592000000.0,5909000000,1134000000,310000000,745000000,745000000,None,279000000,None,1561000000,None,None,4001000000,None,None,1028000000,None,None,None,0.153,,4475000000,1434000000,1725000000,3425000000,None,None,None,,,,,1.529,5.77,3.385,,,,,,,,0.14,,3969000000,2025-11-12,quarterly,1.26,USD,pre-market,420000000,-978000000,0.0461,0.114,0.031,36.2,7984000000,4778000000,777000000,0,102.75,115.66,5.8824,22514000000,8739000000,7943000000,14026000000,13727000000,6083000000,17336000000,8286000000,46.59,0,123.37,67.31
2025-12-28,JCI,2.62,23595999000.0,46.59,None,1.417,21.15,,None,311000000,311000000,,,,,,,,,3122000000,679000000,None,11427000000,11427000000,3540000000,None,None,4745000000,None,None,1182000000,,1.51,0.0124,,,,1.813,0.07,1413000000,2595000000,1.19,2009-03-31,26.81,6320000000,8592000000.0,5909000000,1134000000,310000000,749000000,749000000,None,279000000,None,1648000000,None,None,3994000000,None,None,1028000000,None,None,None,0.153,,4475000000,1434000000,1748000000,3350000000,None,None,None,,,,,1.529,5.77,3.385,,,,,,,,0.14,,3949000000,2025-11-12,quarterly,1.26,USD,pre-market,420000000,-1265000000,0.0461,0.114,0.031,36.2,7984000000,4791000000,797000000,None,102.75,115.66,5.8824,21724000000,8452000000,7687000000,13625000000,13272000000,5938000000,17336000000,7900000000,46.59,None,123.37,67.31
2025-12-28,JCI,2.62,23595999000.0,46.59,None,1.417,21.15,,None,202000000,202000000,,,,,,,,,382000000,679000000,None,11427000000,11427000000,3779000000,None,None,5063000000,None,None,1182000000,,1.51,0.0124,,,,1.813,0.07,1413000000,2595000000,1.19,2008-12-31,26.81,6392000000,8592000000.0,5909000000,1134000000,310000000,757000000,757000000,None,279000000,None,1935000000,None,None,3176000000,None,None,1028000000,None,None,None,0.153,,4475000000,1434000000,1517000000,3325000000,None,None,None,,,,,1.529,5.77,3.385,,,,,,,,0.14,,4115000000,2025-11-12,quarterly,1.26,USD,pre-market,420000000,1301000000,0.0461,0.114,0.031,36.2,7984000000,4613000000,1437000000,None,102.75,115.66,5.8824,22304000000,8717000000,4571000000,13762000000,13587000000,5221000000,17336000000,8313000000,46.59,None,123.37,67.31
2025-12-28,JCI,2.62,23595999000.0,46.59,None,1.417,21.15,,None,384000000,384000000,,,,,,,,,8000000,679000000,None,11427000000,11427000000,5225000000,None,None,6472000000,None,None,1182000000,,1.51,0.0124,,,,1.813,0.07,1413000000,2595000000,1.19,2008-09-30,26.81,6513000000,8592000000.0,5909000000,1134000000,310000000,769000000,769000000,None,279000000,None,2099000000,None,None,3201000000,None,None,1028000000,None,None,None,0.153,,4475000000,1434000000,1721000000,3725000000,None,None,None,,,,,1.529,5.77,3.385,,,,,,,,0.14,,4389000000,2025-11-12,quarterly,1.26,USD,pre-market,420000000,7300000000,0.0461,0.114,0.031,36.2,7984000000,3944000000,743000000,None,102.75,115.66,5.8824,24987000000,10676000000,9810000000,15327000000,14311000000,5517000000,17336000000,9424000000,46.59,-102000000,123.37,67.31
2025-12-28,JCI,2.62,23595999000.0,46.59,None,1.417,21.15,,None,256000000,256000000,,,,,,,,,384000000,679000000,None,11427000000,11427000000,5179000000,None,None,6647000000,None,None,1182000000,,1.51,0.0124,,,,1.813,0.07,1413000000,2595000000,1.19,2008-06-30,26.81,6425000000,8592000000.0,5909000000,1134000000,310000000,779000000,779000000,None,279000000,None,2292000000,None,None,3247000000,None,None,1028000000,None,None,None,0.153,,4475000000,1434000000,1898000000,3675000000,None,None,None,,,,,1.529,5.77,3.385,,,,,,,,0.14,,4385000000,2025-11-12,quarterly,1.26,USD,pre-market,420000000,836000000,0.0461,0.114,0.031,36.2,7984000000,4129000000,882000000,None,102.75,115.66,5.8824,25243000000,11093000000,5936000000,15091000000,14150000000,5355000000,17336000000,9996000000,46.59,None,123.37,67.31
2025-12-28,JCI,2.62,23595999000.0,46.59,None,1.417,21.15,,None,233000000,233000000,,,,,,,,,388000000,679000000,None,11427000000,11427000000,5238000000,None,None,6451000000,None,None,1182000000,,1.51,0.0124,,,,1.813,0.07,1413000000,2595000000,1.19,2008-03-31,26.81,6401000000,8592000000.0,5909000000,1134000000,310000000,793000000,793000000,None,279000000,None,2209000000,None,None,3301000000,None,None,1028000000,None,None,None,0.153,,4475000000,1434000000,1716000000,3258000000,None,None,None,,,,,1.529,5.77,3.385,,,,,,,,0.14,,4324000000,2025-11-12,quarterly,1.26,USD,pre-market,420000000,None,0.0461,0.114,0.031,36.2,7984000000,4318000000,1017000000,None,102.75,115.66,5.8824,24619000000,10609000000,5883000000,14874000000,14010000000,5361000000,17336000000,9595000000,46.59,None,123.37,67.31
2025-12-28,JCI,2.62,23595999000.0,46.59,None,1.417,21.15,,None,407000000,407000000,,,,,,,,,393000000,679000000,None,11427000000,11427000000,4933000000,None,None,6180000000,None,None,1182000000,,1.51,0.0124,,,,1.813,0.07,1413000000,2595000000,1.19,2007-12-31,26.81,6251000000,8592000000.0,5909000000,1134000000,310000000,775000000,775000000,None,279000000,None,2070000000,None,None,3249000000,None,None,1028000000,None,None,None,0.153,,4475000000,1434000000,1572000000,3244000000,None,None,None,,,,,1.529,5.77,3.385,,,,,,,,0.14,,4214000000,2025-11-12,quarterly,1.26,USD,pre-market,420000000,None,0.0461,0.114,0.031,36.2,7984000000,4324000000,1075000000,None,102.75,115.66,5.8824,23803000000,10229000000,8882000000,14600000000,13574000000,5348000000,17336000000,9070000000,46.59,None,123.37,67.31
2025-12-28,JCI,2.62,23595999000.0,46.59,None,1.417,21.15,,None,674000000,674000000,,,,,,,,,8000000,679000000,None,11427000000,11427000000,5365000000,None,None,6600000000,None,None,1182000000,,1.51,0.0124,,,,1.813,0.07,1413000000,2595000000,1.19,2007-09-30,26.81,6131000000,8592000000.0,5909000000,1134000000,310000000,773000000,773000000,None,279000000,None,1968000000,None,None,3255000000,None,None,1028000000,None,None,None,0.153,,4475000000,1434000000,1630000000,3295000000,None,None,None,,,,,1.529,5.77,3.385,,,,,,,,0.14,,4208000000,2025-11-12,quarterly,1.26,USD,pre-market,420000000,6698000000,0.0461,0.114,0.031,36.2,7984000000,4418000000,1163000000,None,102.75,115.66,5.8824,24105000000,10872000000,9101000000,15070000000,13233000000,5150000000,17336000000,8907000000,46.59,-33000000,123.37,67.31
2025-12-28,JCI,2.62,23595999000.0,46.59,None,1.417,21.15,,None,189000000,189000000,,,,,,,,,397000000,679000000,None,11427000000,11427000000,4760000000,None,None,6352000000,None,None,1182000000,,1.51,0.0124,,,,1.813,0.07,1413000000,2595000000,1.19,2007-06-30,26.81,6065000000,8592000000.0,5909000000,1134000000,310000000,787000000,787000000,None,279000000,None,1968000000,None,None,3257000000,None,None,1028000000,None,None,None,0.153,,4475000000,1434000000,1638000000,3261000000,None,None,None,,,,,1.529,5.77,3.385,,,,,,,,0.14,,4071000000,2025-11-12,quarterly,1.26,USD,pre-market,420000000,None,0.0461,0.114,0.031,36.2,7984000000,4617000000,1360000000,None,102.75,115.66,5.8824,23279000000,10147000000,8636000000,14838000000,13132000000,5457000000,17336000000,8309000000,46.59,None,123.37,67.31
2025-12-28,JCI,2.62,23595999000.0,46.59,None,1.417,21.15,,None,172000000,172000000,,,,,,,,,396000000,679000000,None,11427000000,11427000000,4555000000,None,None,5933000000,None,None,1182000000,,1.51,0.0124,,,,1.813,0.07,1413000000,2595000000,1.19,2007-03-31,26.81,6019000000,8592000000.0,5909000000,1134000000,310000000,783000000,783000000,None,279000000,None,1847000000,None,None,3564000000,None,None,1028000000,None,None,None,0.153,,4475000000,1434000000,1491000000,3165000000,None,None,None,,,,,1.529,5.77,3.385,,,,,,,,0.14,,4056000000,2025-11-12,quarterly,1.26,USD,pre-market,420000000,None,0.0461,0.114,0.031,36.2,7984000000,4621000000,1853000000,None,102.75,115.66,5.8824,22487000000,9443000000,8777000000,14530000000,13044000000,5753000000,17336000000,7815000000,46.59,None,123.37,67.31
2025-12-28,JCI,2.62,23595999000.0,46.59,None,1.417,21.15,,None,252000000,252000000,,,,,,,,,395000000,679000000,None,11427000000,11427000000,3969000000,None,None,5648000000,None,None,1182000000,,1.51,0.0124,,,,1.813,0.07,1413000000,2595000000,1.19,2006-12-31,26.81,6000000000,8592000000.0,5909000000,1134000000,310000000,795000000,795000000,None,279000000,None,1784000000,None,None,4255000000,None,None,1028000000,None,None,None,0.153,,4475000000,1434000000,1599000000,3433000000,None,None,None,,,,,1.529,5.77,3.385,,,,,,,,0.14,,4030000000,2025-11-12,quarterly,1.26,USD,pre-market,420000000,11288000000,0.0461,0.114,0.031,36.2,7984000000,4889000000,1627000000,None,102.75,115.66,5.8824,22196000000,9283000000,8036000000,14487000000,12913000000,6451000000,17336000000,7578000000,46.59,None,123.37,67.31
2025-12-28,JCI,2.62,23595999000.0,46.59,None,1.417,21.15,,None,293000000,293000000,,,,,,,,,8000000,679000000,None,11427000000,11427000000,4216000000,None,None,5697000000,None,None,1182000000,,1.51,0.0124,,,,1.813,0.07,1413000000,2595000000,1.19,2006-09-30,26.81,5910000000,8592000000.0,5909000000,1134000000,310000000,799000000,799000000,None,279000000,None,1731000000,None,None,4166000000,None,None,1028000000,None,None,None,0.153,,4475000000,1434000000,1543000000,3124000000,None,None,None,,,,,1.529,5.77,3.385,,,,,,,,0.14,,3968000000,2025-11-12,quarterly,1.26,USD,pre-market,420000000,5715000000,0.0461,0.114,0.031,36.2,7984000000,4743000000,808000000,None,102.75,115.66,5.8824,21921000000,9264000000,8146000000,14437000000,12657000000,6291000000,17336000000,7355000000,46.59,-7000000,123.37,67.31
2025-12-28,JCI,2.62,23595999000.0,46.59,None,1.417,21.15,,None,380000000,380000000,,,,,,,,,403000000,679000000,None,11427000000,11427000000,4315000000,None,None,5686000000,None,None,1182000000,,1.51,0.0124,,,,1.813,0.07,1413000000,2595000000,1.19,2006-06-30,26.81,5758000000,8592000000.0,5909000000,1134000000,310000000,779000000,779000000,None,279000000,None,1740000000,None,None,4180000000,None,None,1028000000,None,None,None,0.153,,4475000000,1434000000,1538000000,3535000000,None,None,None,,,,,1.529,5.77,3.385,,,,,,,,0.14,,3970000000,2025-11-12,quarterly,1.26,USD,pre-market,420000000,9846000000,0.0461,0.114,0.031,36.2,7984000000,5013000000,1491000000,None,102.75,115.66,5.8824,22056000000,9344000000,8683000000,15011000000,12712000000,6328000000,17336000000,6909000000,46.59,None,123.37,67.31
2025-12-28,JCI,2.62,23595999000.0,46.59,None,1.417,21.15,,None,154000000,154000000,,,,,,,,,None,679000000,None,11427000000,11427000000,4270000000,None,None,5671000000,None,None,1182000000,,1.51,0.0124,,,,1.813,0.07,1413000000,2595000000,1.19,2006-03-31,26.81,5672000000,8592000000.0,5909000000,1134000000,310000000,784000000,784000000,None,279000000,None,1598000000,None,None,4185000000,None,None,1028000000,None,None,None,0.153,,4475000000,1434000000,1497000000,3178000000,None,None,None,,,,,1.529,5.77,3.385,,,,,,,,0.14,,3950000000,2025-11-12,quarterly,1.26,USD,pre-market,420000000,None,0.0461,0.114,0.031,36.2,7984000000,5213000000,1028000000,None,102.75,115.66,5.8824,21192000000,8920000000,8476000000,14659000000,12272000000,6183000000,17336000000,6395000000,46.59,None,123.37,67.31
2025-12-28,JCI,2.62,23595999000.0,46.59,None,1.417,21.15,,None,167600000,167600000,,,,,,,,,403000000,679000000,None,11427000000,11427000000,4095800000,None,None,5691400000,None,None,1182000000,,1.51,0.0124,,,,1.813,0.07,1413000000,2595000000,1.19,2005-12-31,26.81,24486000000,8592000000.0,5909000000,1134000000,310000000,6413100000,6413100000,None,279000000,None,1579000000,None,None,4001900000,None,None,1028000000,None,None,None,0.153,,4475000000,1434000000,1496200000,3300400000,None,None,None,,,,,1.529,5.77,3.385,,,,,,,,0.14,,3971200000,2025-11-12,quarterly,1.26,USD,pre-market,420000000,5070800000,0.0461,0.114,0.031,36.2,7984000000,5326500000,1956000000,None,102.75,115.66,5.8824,21147900000,8934200000,8720800000,14836000000,12213700000,6115200000,17336000000,6144200000,46.59,None,123.37,67.31
2025-12-28,JCI,2.62,23595999000.0,46.59,None,1.417,21.15,,None,171000000,171000000,,,,,,,,,8000000,679000000,None,11427000000,11427000000,3938000000,None,None,4987000000,None,None,1182000000,,1.51,0.0124,,,,1.813,0.07,1413000000,2595000000,1.19,2005-09-30,26.81,3733000000,8592000000.0,5909000000,1134000000,310000000,289000000,289000000,None,279000000,None,983000000,None,None,1577500000,None,None,1028000000,None,None,None,0.153,,4475000000,1434000000,998000000,2094000000,None,None,None,,,,,1.529,5.77,3.385,,,,,,,,0.14,,3581600000,2025-11-12,quarterly,1.26,USD,pre-market,420000000,4905000000,0.0461,0.114,0.031,36.2,7984000000,2342000000,765000000,None,102.75,115.66,5.8824,16144000000,7139000000,6841000000,9890000000,9005000000,3049000000,17336000000,6058000000,46.59,-6800000,123.37,67.31
2025-12-28,JCI,2.62,23595999000.0,46.59,None,1.417,21.15,,None,379000000,379000000,,,,,,,,,6000000,654100000,None,11427000000,11427000000,3614000000,None,1289000000,6269000000,None,None,1182000000,,1.51,0.0124,,,,1.813,0.07,1413000000,2595000000,1.19,2025-09-30,26.81,16633000000,8592000000.0,5909000000,1134000000,310000000,3613000000,3613000000,None,279000000,None,1820000000,None,None,8591000000,None,None,1028000000,None,None,None,0.153,,4475000000,1434000000,1694000000,3568000000,None,5233000000,None,,,,,1.529,5.77,3.385,,,,,,,,0.14,,3540000000,2025-11-12,annual,1.26,USD,pre-market,420000000,0,0.0461,0.114,0.031,36.2,7984000000,9880000000,1289000000,None,102.75,115.66,5.8824,37939000000,10162000000,10941000000,24985000000,27777000000,14044000000,17336000000,12927000000,46.59,None,123.37,67.31
2025-12-28,JCI,2.62,23595999000.0,46.59,None,1.417,21.15,,None,606000000,606000000,,,,,,,,,7000000,676000000,None,11427000000,11427000000,3389000000,None,1489000000,6051000000,None,None,1182000000,,1.51,0.0124,,,,1.813,0.07,1413000000,2595000000,1.19,2024-09-30,26.81,16725000000,8592000000.0,5909000000,1134000000,310000000,4130000000,4130000000,None,279000000,None,1774000000,None,None,8004000000,None,None,1028000000,None,None,None,0.153,,4475000000,1434000000,2748000000,4917000000,None,4753000000,None,,,,,1.529,5.77,3.385,,,,,,,,0.14,,3573000000,2025-11-12,annual,1.26,USD,pre-market,420000000,848000000,0.0461,0.114,0.031,36.2,7984000000,9493000000,1489000000,None,102.75,115.66,5.8824,42695000000,11179000000,11955000000,25334000000,31516000000,13379000000,17336000000,16098000000,46.59,None,123.37,67.31
2025-12-28,JCI,2.62,23595999000.0,46.59,None,1.417,21.15,,None,828000000,828000000,,,,,,,,,7000000,679000000,None,11427000000,11427000000,3498000000,None,1030000000,5494000000,None,None,1182000000,,1.51,0.0124,,,,1.813,0.07,1413000000,2595000000,1.19,2023-09-30,26.81,16772000000,8592000000.0,5909000000,1134000000,310000000,4772000000,4772000000,None,279000000,None,1872000000,None,None,7818000000,None,1056000000,1028000000,None,None,None,0.153,,4475000000,1434000000,2543000000,4657000000,None,5646000000,None,,,,,1.529,5.77,3.385,,,,,,,,0.14,,4525000000,2025-11-12,annual,1.26,USD,pre-market,420000000,1384000000,0.0461,0.114,0.031,36.2,7984000000,8824000000,1006000000,22000000,102.75,115.66,5.8824,42242000000,10737000000,11084000000,24548000000,31505000000,13464000000,17336000000,16545000000,46.59,None,123.37,67.31
2025-12-28,JCI,2.62,23595999000.0,46.59,None,1.417,21.15,,None,2031000000,2031000000,,,,,,,,,7000000,679000000,None,11427000000,11427000000,4368000000,None,1534000000,5727000000,None,None,1182000000,,1.51,0.0124,,,,1.813,0.07,1413000000,2595000000,1.19,2022-09-30,26.81,17350000000,8592000000.0,5909000000,1134000000,310000000,5155000000,5155000000,None,279000000,None,2665000000,None,None,7426000000,None,963000000,1028000000,None,None,None,0.153,,4475000000,1434000000,1262000000,3533000000,None,6029000000,None,,,,,1.529,5.77,3.385,,,,,,,,0.14,,3042000000,2025-11-12,annual,1.26,USD,pre-market,420000000,1151000000,0.0461,0.114,0.031,36.2,7984000000,8960000000,1534000000,None,102.75,115.66,5.8824,42158000000,11685000000,11239000000,24756000000,30473000000,13517000000,17336000000,16268000000,46.59,-1203000000,123.37,67.31
2025-12-28,JCI,2.62,23595999000.0,46.59,None,1.417,21.15,,None,1336000000,1336000000,,,,,,,,,7000000,721100000,None,11427000000,11427000000,3746000000,None,234000000,5613000000,None,None,1182000000,,1.51,0.0124,,,,1.813,0.07,1413000000,2595000000,1.19,2021-09-30,26.81,18335000000,8592000000.0,5909000000,1134000000,310000000,5549000000,5549000000,None,279000000,None,2057000000,None,None,7506000000,None,1066000000,1028000000,None,None,None,0.153,,4475000000,1434000000,992000000,3481000000,None,6533000000,None,,,,,1.529,5.77,3.385,,,,,,,,0.14,,3228000000,2025-11-12,annual,1.26,USD,pre-market,420000000,2025000000,0.0461,0.114,0.031,36.2,7984000000,7740000000,234000000,1066000000,102.75,115.66,5.8824,41890000000,9998000000,9098000000,23137000000,31892000000,14039000000,17336000000,17562000000,46.59,-1152000000,123.37,67.31
2025-12-28,JCI,2.62,23595999000.0,46.59,None,1.417,21.15,,None,1951000000,1951000000,,,,,,,,,8000000,753600000,None,11427000000,11427000000,3120000000,None,293000000,5294000000,None,None,1182000000,,1.51,0.0124,,,,1.813,0.07,1413000000,2595000000,1.19,2020-09-30,26.81,17932000000,8592000000.0,5909000000,1134000000,310000000,5356000000,5356000000,None,279000000,None,1773000000,None,None,7526000000,None,914000000,1028000000,None,None,None,0.153,,4475000000,1434000000,1035000000,3400000000,None,6508000000,None,,,,,1.529,5.77,3.385,,,,,,,,0.14,,3059000000,2025-11-12,annual,1.26,USD,pre-market,420000000,2469000000,0.0461,0.114,0.031,36.2,7984000000,7819000000,293000000,None,102.75,115.66,5.8824,40815000000,10053000000,8248000000,22282000000,30762000000,14034000000,17336000000,17447000000,46.59,-1119000000,123.37,67.31
2025-12-28,JCI,2.62,23595999000.0,46.59,None,1.417,21.15,,None,2805000000,2805000000,,,,,,,,,8000000,874300000,None,11427000000,11427000000,3582000000,None,511000000,5770000000,None,None,1182000000,,1.51,0.0124,,,,1.813,0.07,1413000000,2595000000,1.19,2019-09-30,26.81,18178000000,8592000000.0,5909000000,1134000000,310000000,5632000000,5632000000,None,279000000,None,1814000000,None,None,6708000000,None,853000000,1028000000,None,None,None,0.153,,4475000000,1434000000,2004000000,3570000000,None,4636000000,None,,,,,1.529,5.77,3.385,,,,,,,,0.14,,3348000000,2025-11-12,annual,1.26,USD,pre-market,420000000,4827000000,0.0461,0.114,0.031,36.2,7984000000,7219000000,511000000,None,102.75,115.66,5.8824,42287000000,12393000000,9070000000,21458000000,29894000000,12388000000,17336000000,19766000000,46.59,-1086000000,123.37,67.31
2025-12-28,JCI,2.62,23595999000.0,46.59,None,1.417,21.15,,None,185000000,185000000,,,,,,,,,10000000,679000000,None,11427000000,11427000000,3407000000,None,1341000000,5622000000,None,None,1182000000,,1.51,0.0124,,,,1.813,0.07,1413000000,2595000000,1.19,2018-09-30,26.81,18381000000,8592000000.0,5909000000,1134000000,310000000,6187000000,6187000000,None,279000000,None,1819000000,None,None,9654000000,None,1301000000,1028000000,None,None,None,0.153,,4475000000,1434000000,4197000000,5210000000,None,5435000000,None,,,,,1.529,5.77,3.385,,,,,,,,0.14,,6171000000,2025-11-12,annual,1.26,USD,pre-market,420000000,6604000000,0.0461,0.114,0.031,36.2,7984000000,10930000000,1307000000,6000000,102.75,115.66,5.8824,48797000000,11823000000,11250000000,26339000000,36974000000,15089000000,17336000000,21164000000,46.59,-1053000000,123.37,67.31
2025-12-28,JCI,2.62,23595999000.0,46.59,None,1.417,21.15,,None,321000000,321000000,,,,,,,,,9000000,679000000,None,11427000000,11427000000,4271000000,None,1608000000,6666000000,None,None,1182000000,,1.51,0.0124,,,,1.813,0.07,1413000000,2595000000,1.19,2017-09-30,26.81,19688000000,8592000000.0,5909000000,1134000000,310000000,6741000000,6741000000,None,279000000,None,3209000000,None,None,11964000000,None,1191000000,1028000000,None,None,None,0.153,,4475000000,1434000000,2096000000,4071000000,None,6488000000,None,,,,,1.529,5.77,3.385,,,,,,,,0.14,,6121000000,2025-11-12,annual,1.26,USD,pre-market,420000000,5231000000,0.0461,0.114,0.031,36.2,7984000000,13572000000,1608000000,14000000,102.75,115.66,5.8824,51884000000,12292000000,11854000000,30306000000,39592000000,18452000000,17336000000,20447000000,46.59,-710000000,123.37,67.31
2025-12-28,JCI,2.62,23595999000.0,46.59,None,1.417,21.15,,None,579000000,579000000,,,,,,,,,9000000,672600000,None,11427000000,11427000000,4000000000,None,1747000000,6394000000,None,None,1182000000,,1.51,0.0124,,,,1.813,0.07,1413000000,2595000000,1.19,2016-09-30,26.81,21024000000,8592000000.0,5909000000,1134000000,310000000,7540000000,7540000000,None,279000000,None,2888000000,None,None,14606000000,None,2735000000,1028000000,None,None,None,0.153,,4475000000,1434000000,1436000000,9292000000,None,7030000000,None,,,,,1.529,5.77,3.385,,,,,,,,0.14,,7872000000,2025-11-12,annual,1.26,USD,pre-market,420000000,9177000000,0.0461,0.114,0.031,36.2,7984000000,16312000000,1706000000,15000000,102.75,115.66,5.8824,63179000000,17109000000,16331000000,37855000000,46070000000,21524000000,17336000000,24118000000,46.59,-20000000,123.37,67.31
2025-12-28,JCI,2.62,23595999000.0,46.59,None,1.417,21.15,,None,597000000,597000000,,,,,,,,,7000000,679000000,None,11427000000,11427000000,5174000000,None,814000000,5751000000,None,None,1182000000,,1.51,0.0124,,,,1.813,0.07,1413000000,2595000000,1.19,2015-09-30,26.81,6824000000,8592000000.0,5909000000,1134000000,310000000,1516000000,1516000000,None,279000000,None,2377000000,None,None,5745000000,None,2152000000,1028000000,None,None,None,0.153,,4475000000,1434000000,1744000000,4407000000,None,1938000000,None,,,,,1.529,5.77,3.385,,,,,,,,0.14,,1189000000,2025-11-12,annual,1.26,USD,pre-market,420000000,10838000000,0.0461,0.114,0.031,36.2,7984000000,6610000000,865000000,6000000,102.75,115.66,5.8824,29595000000,10469000000,10446000000,18844000000,19153000000,8466000000,17336000000,10376000000,46.59,-3000000,123.37,67.31
2025-12-28,JCI,2.62,23595999000.0,46.59,None,1.417,21.15,,None,409000000,409000000,,,,,,,,,707000000,679000000,None,11427000000,11427000000,5270000000,None,140000000,5871000000,None,None,1182000000,,1.51,0.0124,,,,1.813,0.07,1413000000,2595000000,1.19,2014-09-30,26.81,7127000000,8592000000.0,5909000000,1134000000,310000000,1639000000,1639000000,None,279000000,None,2477000000,None,None,6360000000,None,1024000000,1028000000,None,None,None,0.153,,4475000000,1434000000,4350000000,6101000000,None,1877000000,None,,,,,1.529,5.77,3.385,,,,,,,,0.14,,1269000000,2025-11-12,annual,1.26,USD,pre-market,420000000,9956000000,0.0461,0.114,0.031,36.2,7984000000,1463000000,20000000,15000000,102.75,115.66,5.8824,32804000000,13107000000,11648000000,20670000000,19697000000,9022000000,17336000000,11311000000,46.59,-2515000000,123.37,67.31
2025-12-28,JCI,2.62,23595999000.0,46.59,None,1.417,21.15,,None,1055000000,1055000000,,,,,,,,,700000000,679000000,None,11427000000,11427000000,6318000000,None,5498000000,7206000000,None,None,1182000000,,1.51,0.0124,,,,1.813,0.07,1413000000,2595000000,1.19,2013-09-30,26.81,6589000000,8592000000.0,5909000000,1134000000,310000000,999000000,999000000,None,279000000,None,2325000000,None,None,4560000000,None,1057000000,1028000000,None,None,None,0.153,,4475000000,1434000000,3112000000,4861000000,None,1969000000,None,,,,,1.529,5.77,3.385,,,,,,,,0.14,,1677000000,2025-11-12,annual,1.26,USD,pre-market,420000000,9328000000,0.0461,0.114,0.031,36.2,7984000000,1463000000,20000000,9000000,102.75,115.66,5.8824,31571000000,13698000000,12131000000,18823000000,17820000000,6692000000,17336000000,12331000000,46.59,-912000000,123.37,67.31
2025-12-28,JCI,2.62,23595999000.0,46.59,None,1.417,21.15,,None,265000000,265000000,,,,,,,,,688000000,679000000,None,11427000000,11427000000,6114000000,None,None,7308000000,None,None,1182000000,,1.51,0.0124,,,,1.813,0.07,1413000000,2595000000,1.19,2012-09-30,26.81,6982000000,8592000000.0,5909000000,1134000000,310000000,947000000,947000000,None,279000000,None,2343000000,None,None,5321000000,None,None,1028000000,None,None,None,0.153,,4475000000,1434000000,2827000000,3994000000,None,None,None,,,,,1.529,5.77,3.385,,,,,,,,0.14,,6440000000,2025-11-12,annual,1.26,USD,pre-market,420000000,8611000000,0.0461,0.114,0.031,36.2,7984000000,1491000000,10000000,3000000,102.75,115.66,5.8824,30884000000,12743000000,10855000000,18928000000,18211000000,8073000000,17336000000,11625000000,46.59,-179000000,123.37,67.31
2025-12-28,JCI,2.62,23595999000.0,46.59,None,1.417,21.15,,None,257000000,257000000,,,,,,,,,9000000,679000000,None,11427000000,11427000000,6159000000,None,None,7151000000,None,None,1182000000,,1.51,0.0124,,,,1.813,0.07,1413000000,2595000000,1.19,2011-09-30,26.81,7016000000,8592000000.0,5909000000,1134000000,310000000,945000000,945000000,None,279000000,None,2316000000,None,None,4533000000,None,None,1028000000,None,None,None,0.153,,4475000000,1434000000,2291000000,4010000000,None,2878000000,None,,,,,1.529,5.77,3.385,,,,,,,,0.14,,4051000000,2025-11-12,annual,1.26,USD,pre-market,420000000,2027000000,0.0461,0.114,0.031,36.2,7984000000,4106000000,1000000,0,102.75,115.66,5.8824,29722000000,12015000000,10797000000,18258000000,17661000000,7461000000,17336000000,11066000000,46.59,-951000000,123.37,67.31
2025-12-28,JCI,2.62,23595999000.0,46.59,None,1.417,21.15,,None,560000000,560000000,,,,,,,,,9000000,679000000,None,11427000000,11427000000,5426000000,None,None,6095000000,None,None,1182000000,,1.51,0.0124,,,,1.813,0.07,1413000000,2595000000,1.19,2010-09-30,26.81,6501000000,8592000000.0,5909000000,1134000000,310000000,741000000,741000000,None,279000000,None,1786000000,None,None,2652000000,None,None,1028000000,None,None,None,0.153,,4475000000,1434000000,2211000000,3747000000,None,None,None,,,,,1.529,5.77,3.385,,,,,,,,0.14,,4096000000,2025-11-12,annual,1.26,USD,pre-market,420000000,312000000,0.0461,0.114,0.031,36.2,7984000000,4188000000,536000000,0,102.75,115.66,5.8824,25616000000,10652000000,5268000000,15421000000,15091000000,5460000000,17336000000,10089000000,46.59,-74000000,123.37,67.31
2025-12-28,JCI,2.62,23595999000.0,46.59,None,1.417,21.15,,None,761000000,761000000,,,,,,,,,9000000,679000000,None,11427000000,11427000000,4434000000,None,None,5528000000,None,None,1182000000,,1.51,0.0124,,,,1.813,0.07,1413000000,2595000000,1.19,2009-09-30,26.81,6542000000,8592000000.0,5909000000,1134000000,310000000,746000000,746000000,None,279000000,None,1521000000,None,None,3168000000,None,None,1028000000,None,None,None,0.153,,4475000000,1434000000,2016000000,3484000000,None,None,None,,,,,1.529,5.77,3.385,,,,,,,,0.14,,3986000000,2025-11-12,annual,1.26,USD,pre-market,420000000,-820000000,0.0461,0.114,0.031,36.2,7984000000,4274000000,245000000,0,102.75,115.66,5.8824,23983000000,9826000000,8681000000,14661000000,14262000000,5980000000,17336000000,9121000000,46.59,-70000000,123.37,67.31
2025-12-28,JCI,2.62,23595999000.0,46.59,None,1.417,21.15,,None,384000000,384000000,,,,,,,,,8000000,679000000,None,11427000000,11427000000,5225000000,None,None,6472000000,None,None,1182000000,,1.51,0.0124,,,,1.813,0.07,1413000000,2595000000,1.19,2008-09-30,26.81,6513000000,8592000000.0,5909000000,1134000000,310000000,769000000,769000000,None,279000000,None,2099000000,None,None,3201000000,None,None,1028000000,None,None,None,0.153,,4475000000,1434000000,1721000000,3725000000,None,None,None,,,,,1.529,5.77,3.385,,,,,,,,0.14,,4389000000,2025-11-12,annual,1.26,USD,pre-market,420000000,1125000000,0.0461,0.114,0.031,36.2,7984000000,4264000000,555000000,None,102.75,115.66,5.8824,24987000000,10676000000,9810000000,15327000000,14311000000,5517000000,17336000000,9424000000,46.59,-102000000,123.37,67.31
2025-12-28,JCI,2.62,23595999000.0,46.59,None,1.417,21.15,,None,674000000,674000000,,,,,,,,,8000000,679000000,None,11427000000,11427000000,5365000000,None,None,6600000000,None,None,1182000000,,1.51,0.0124,,,,1.813,0.07,1413000000,2595000000,1.19,2007-09-30,26.81,6131000000,8592000000.0,5909000000,1134000000,310000000,773000000,773000000,None,279000000,None,1968000000,None,None,3255000000,None,None,1028000000,None,None,None,0.153,,4475000000,1434000000,1630000000,3295000000,None,None,None,,,,,1.529,5.77,3.385,,,,,,,,0.14,,4208000000,2025-11-12,annual,1.26,USD,pre-market,420000000,34000000,0.0461,0.114,0.031,36.2,7984000000,4462000000,380000000,None,102.75,115.66,5.8824,24105000000,10872000000,9101000000,15070000000,13233000000,5150000000,17336000000,8907000000,46.59,-33000000,123.37,67.31
2025-12-28,JCI,2.62,23595999000.0,46.59,None,1.417,21.15,,None,293000000,293000000,,,,,,,,,8000000,679000000,None,11427000000,11427000000,4216000000,None,None,5697000000,None,None,1182000000,,1.51,0.0124,,,,1.813,0.07,1413000000,2595000000,1.19,2006-09-30,26.81,5910000000,8592000000.0,5909000000,1134000000,310000000,799000000,799000000,None,279000000,None,1731000000,None,None,4166000000,None,None,1028000000,None,None,None,0.153,,4475000000,1434000000,1543000000,3124000000,None,None,None,,,,,1.529,5.77,3.385,,,,,,,,0.14,,3968000000,2025-11-12,annual,1.26,USD,pre-market,420000000,5715000000,0.0461,0.114,0.031,36.2,7984000000,9624000000,771000000,None,102.75,115.66,5.8824,21921000000,9264000000,8146000000,14437000000,12657000000,6291000000,17336000000,7355000000,46.59,-7000000,123.37,67.31
2025-12-28,JCI,2.62,23595999000.0,46.59,None,1.417,21.15,130000000,None,293000000,293000000,-6103000000,6488000000,None,None,4000000,None,None,None,8000000,679000000,None,11427000000,11427000000,4216000000,None,None,5697000000,None,None,1182000000,280000000,1.51,0.0124,243000000,243000000,None,1.813,0.07,1413000000,2595000000,1.19,2025-09-30,26.81,5910000000,8592000000.0,5909000000,1134000000,310000000,799000000,799000000,None,279000000,None,1731000000,None,None,4166000000,None,None,267000000,None,None,None,0.153,-442000000,4475000000,1434000000,1543000000,3124000000,None,None,None,None,None,None,None,1.529,5.77,3.385,None,None,None,None,None,-5021000000,None,0.14,None,3968000000,2025-11-12,quarterly,1.26,USD,pre-market,420000000,5715000000,0.0461,0.114,0.031,36.2,7984000000,9624000000,771000000,None,102.75,115.66,5.8824,21921000000,9264000000,8146000000,14437000000,12657000000,6291000000,17336000000,7355000000,46.59,-7000000,123.37,67.31
2025-12-28,JCI,2.62,23595999000.0,46.59,None,1.417,21.15,94000000,None,293000000,293000000,-746000000,-110000000,None,None,-52000000,None,None,None,8000000,679000000,None,11427000000,11427000000,4216000000,None,None,5697000000,None,None,1182000000,190000000,1.51,0.0124,243000000,243000000,None,1.813,0.07,1413000000,2595000000,1.19,2025-06-30,26.81,5910000000,8592000000.0,5909000000,1134000000,310000000,799000000,799000000,None,279000000,None,1731000000,None,None,4166000000,None,None,618000000,None,None,None,0.153,995000000,4475000000,1434000000,1543000000,3124000000,None,None,None,None,None,None,None,1.529,5.77,3.385,None,None,None,None,None,-310000000,None,0.14,None,3968000000,2025-11-12,quarterly,1.26,USD,pre-market,420000000,5715000000,0.0461,0.114,0.031,36.2,7984000000,9624000000,771000000,None,102.75,115.66,5.8824,21921000000,9264000000,8146000000,14437000000,12657000000,6291000000,17336000000,7355000000,46.59,-7000000,123.37,67.31
2025-12-28,JCI,2.62,23595999000.0,46.59,None,1.417,21.15,94000000,None,293000000,293000000,-740000000,-129000000,None,None,-12000000,None,None,None,8000000,679000000,None,11427000000,11427000000,4216000000,None,None,5697000000,None,None,1182000000,202000000,1.51,0.0124,245000000,245000000,None,1.813,0.07,1413000000,2595000000,1.19,2025-03-31,26.81,5910000000,8592000000.0,5909000000,1134000000,310000000,799000000,799000000,None,279000000,None,1731000000,None,None,4166000000,None,None,475000000,None,None,None,0.153,599000000,4475000000,1434000000,1543000000,3124000000,None,None,None,None,None,None,None,1.529,5.77,3.385,None,None,None,None,None,-330000000,None,0.14,None,3968000000,2025-11-12,quarterly,1.26,USD,pre-market,420000000,5715000000,0.0461,0.114,0.031,36.2,7984000000,9624000000,771000000,None,102.75,115.66,5.8824,21921000000,9264000000,8146000000,14437000000,12657000000,6291000000,17336000000,7355000000,46.59,-7000000,123.37,67.31
2025-12-28,JCI,2.62,23595999000.0,46.59,None,1.417,21.15,116000000,None,293000000,293000000,201000000,-115000000,None,None,-15000000,None,None,None,8000000,679000000,None,11427000000,11427000000,4216000000,None,None,5697000000,None,None,1182000000,193000000,1.51,0.0124,245000000,245000000,None,1.813,0.07,1413000000,2595000000,1.19,2024-12-31,26.81,5910000000,8592000000.0,5909000000,1134000000,310000000,799000000,799000000,None,279000000,None,1731000000,None,None,4166000000,None,None,361000000,None,None,None,0.153,247000000,4475000000,1434000000,1543000000,3124000000,None,None,None,None,None,None,None,1.529,5.77,3.385,None,None,None,None,None,-330000000,None,0.14,None,3968000000,2025-11-12,quarterly,1.26,USD,pre-market,420000000,5715000000,0.0461,0.114,0.031,36.2,7984000000,9624000000,771000000,None,102.75,115.66,5.8824,21921000000,9264000000,8146000000,14437000000,12657000000,6291000000,17336000000,7355000000,46.59,-7000000,123.37,67.31
2025-12-28,JCI,2.62,23595999000.0,46.59,None,1.417,21.15,170000000,None,293000000,293000000,-1758000000,89000000,None,None,198000000,None,None,None,8000000,679000000,None,11427000000,11427000000,4216000000,None,None,5697000000,None,None,1182000000,129000000,1.51,0.0124,247000000,247000000,None,1.813,0.07,1413000000,2595000000,1.19,2024-09-30,26.81,5910000000,8592000000.0,5909000000,1134000000,310000000,799000000,799000000,None,279000000,None,1731000000,None,None,4166000000,None,None,189000000,None,None,None,0.153,1526000000,4475000000,1434000000,1543000000,3124000000,None,None,None,None,None,None,None,1.529,5.77,3.385,None,None,None,None,None,-370000000,None,0.14,None,3968000000,2025-11-12,quarterly,1.26,USD,pre-market,420000000,5715000000,0.0461,0.114,0.031,36.2,7984000000,9624000000,771000000,None,102.75,115.66,5.8824,21921000000,9264000000,8146000000,14437000000,12657000000,6291000000,17336000000,7355000000,46.59,-7000000,123.37,67.31
2025-12-28,JCI,2.62,23595999000.0,46.59,None,1.417,21.15,89000000,None,293000000,293000000,-999000000,-99000000,None,None,-50000000,None,None,None,8000000,679000000,None,11427000000,11427000000,4216000000,None,None,5697000000,None,None,1182000000,201000000,1.51,0.0124,249000000,249000000,None,1.813,0.07,1413000000,2595000000,1.19,2024-06-30,26.81,5910000000,8592000000.0,5909000000,1134000000,310000000,799000000,799000000,None,279000000,None,1731000000,None,None,4166000000,None,None,851000000,None,None,None,0.153,1021000000,4475000000,1434000000,1543000000,3124000000,None,None,None,None,None,None,None,1.529,5.77,3.385,None,None,None,None,None,-402000000,None,0.14,None,3968000000,2025-11-12,quarterly,1.26,USD,pre-market,420000000,5715000000,0.0461,0.114,0.031,36.2,7984000000,9624000000,771000000,None,102.75,115.66,5.8824,21921000000,9264000000,8146000000,14437000000,12657000000,6291000000,17336000000,7355000000,46.59,-7000000,123.37,67.31
2025-12-28,JCI,2.62,23595999000.0,46.59,None,1.417,21.15,128000000,None,293000000,293000000,-551000000,-137000000,None,None,-29000000,None,None,None,8000000,679000000,None,11427000000,11427000000,4216000000,None,None,5697000000,None,None,1182000000,215000000,1.51,0.0124,252000000,252000000,None,1.813,0.07,1413000000,2595000000,1.19,2024-03-31,26.81,5910000000,8592000000.0,5909000000,1134000000,310000000,799000000,799000000,None,279000000,None,1731000000,None,None,4166000000,None,None,-318000000,None,None,None,0.153,-203000000,4475000000,1434000000,1543000000,3124000000,None,None,None,None,None,None,None,1.529,5.77,3.385,None,None,None,None,None,-474000000,None,0.14,None,3968000000,2025-11-12,quarterly,1.26,USD,pre-market,420000000,5715000000,0.0461,0.114,0.031,36.2,7984000000,9624000000,771000000,None,102.75,115.66,5.8824,21921000000,9264000000,8146000000,14437000000,12657000000,6291000000,17336000000,7355000000,46.59,-7000000,123.37,67.31
2025-12-28,JCI,2.62,23595999000.0,46.59,None,1.417,21.15,82000000,None,293000000,293000000,1228000000,-74000000,None,None,-106000000,None,None,None,8000000,679000000,None,11427000000,11427000000,4216000000,None,None,5697000000,None,None,1182000000,208000000,1.51,0.0124,252000000,252000000,None,1.813,0.07,1413000000,2595000000,1.19,2023-12-31,26.81,5910000000,8592000000.0,5909000000,1134000000,310000000,799000000,799000000,None,279000000,None,1731000000,None,None,4166000000,None,None,340000000,None,None,None,0.153,-246000000,4475000000,1434000000,1543000000,3124000000,None,None,None,None,None,None,None,1.529,5.77,3.385,None,None,None,None,None,-23000000,None,0.14,None,3968000000,2025-11-12,quarterly,1.26,USD,pre-market,420000000,5715000000,0.0461,0.114,0.031,36.2,7984000000,9624000000,771000000,None,102.75,115.66,5.8824,21921000000,9264000000,8146000000,14437000000,12657000000,6291000000,17336000000,7355000000,46.59,-7000000,123.37,67.31
2025-12-28,JCI,2.62,23595999000.0,46.59,None,1.417,21.15,173000000,None,293000000,293000000,-1063000000,-608000000,None,None,302000000,None,None,None,8000000,679000000,None,11427000000,11427000000,4216000000,None,None,5697000000,None,None,1182000000,227000000,1.51,0.0124,251000000,251000000,None,1.813,0.07,1413000000,2595000000,1.19,2023-09-30,26.81,5910000000,8592000000.0,5909000000,1134000000,310000000,799000000,799000000,None,279000000,None,1731000000,None,None,4166000000,None,None,581000000,None,None,None,0.153,1390000000,4475000000,1434000000,1543000000,3124000000,None,None,None,None,None,None,None,1.529,5.77,3.385,None,None,None,None,None,-12000000,None,0.14,None,3968000000,2025-11-12,quarterly,1.26,USD,pre-market,420000000,5715000000,0.0461,0.114,0.031,36.2,7984000000,9624000000,771000000,None,102.75,115.66,5.8824,21921000000,9264000000,8146000000,14437000000,12657000000,6291000000,17336000000,7355000000,46.59,-7000000,123.37,67.31
2025-12-28,JCI,2.62,23595999000.0,46.59,None,1.417,21.15,111000000,None,293000000,293000000,-1373000000,-262000000,-822000000,None,110000000,None,None,-307000000,8000000,679000000,None,11427000000,11427000000,4216000000,None,None,5697000000,None,None,1182000000,212000000,1.51,0.0124,248000000,248000000,None,1.813,0.07,1413000000,2595000000,1.19,2023-06-30,26.81,5910000000,8592000000.0,5909000000,1134000000,310000000,799000000,799000000,None,279000000,None,1731000000,None,None,4166000000,None,None,1122000000,None,None,None,0.153,813000000,4475000000,1434000000,1543000000,3124000000,None,None,None,None,None,None,None,1.529,5.77,3.385,None,None,None,None,None,-366000000,None,0.14,None,3968000000,2025-11-12,quarterly,1.26,USD,pre-market,420000000,5715000000,0.0461,0.114,0.031,36.2,7984000000,9624000000,771000000,None,102.75,115.66,5.8824,21921000000,9264000000,8146000000,14437000000,12657000000,6291000000,17336000000,7355000000,46.59,-7000000,123.37,67.31
2025-12-28,JCI,2.62,23595999000.0,46.59,None,1.417,21.15,121000000,None,293000000,293000000,253000000,-125000000,442000000,None,-145000000,None,None,-272000000,8000000,679000000,None,11427000000,11427000000,4216000000,None,None,5697000000,None,None,1182000000,206000000,1.51,0.0124,240000000,240000000,None,1.813,0.07,1413000000,2595000000,1.19,2023-03-31,26.81,5910000000,8592000000.0,5909000000,1134000000,310000000,799000000,799000000,None,279000000,None,1731000000,None,None,4166000000,None,None,174000000,None,None,None,0.153,314000000,4475000000,1434000000,1543000000,3124000000,None,None,None,None,None,None,None,1.529,5.77,3.385,None,None,None,None,None,-93000000,None,0.14,None,3968000000,2025-11-12,quarterly,1.26,USD,pre-market,420000000,5715000000,0.0461,0.114,0.031,36.2,7984000000,9624000000,771000000,None,102.75,115.66,5.8824,21921000000,9264000000,8146000000,14437000000,12657000000,6291000000,17336000000,7355000000,46.59,-7000000,123.37,67.31
2025-12-28,JCI,2.62,23595999000.0,46.59,None,1.417,21.15,134000000,None,293000000,293000000,9000000,-189000000,-476000000,None,-348000000,None,None,-88000000,8000000,679000000,None,11427000000,11427000000,4216000000,None,None,5697000000,None,None,1182000000,203000000,1.51,0.0124,241000000,241000000,None,1.813,0.07,1413000000,2595000000,1.19,2022-12-31,26.81,5910000000,8592000000.0,5909000000,1134000000,310000000,799000000,799000000,None,279000000,None,1731000000,None,None,4166000000,None,None,156000000,None,None,None,0.153,-296000000,4475000000,1434000000,1543000000,3124000000,None,None,None,None,None,None,None,1.529,5.77,3.385,None,None,None,None,None,-154000000,None,0.14,None,3968000000,2025-11-12,quarterly,1.26,USD,pre-market,420000000,5715000000,0.0461,0.114,0.031,36.2,7984000000,9624000000,771000000,None,102.75,115.66,5.8824,21921000000,9264000000,8146000000,14437000000,12657000000,6291000000,17336000000,7355000000,46.59,-7000000,123.37,67.31
2025-12-28,JCI,2.62,23595999000.0,46.59,None,1.417,21.15,162000000,None,293000000,293000000,-545000000,-105000000,529000000,None,-12000000,None,None,210000000,8000000,679000000,None,11427000000,11427000000,4216000000,None,None,5697000000,None,None,1182000000,197000000,1.51,0.0124,242000000,242000000,None,1.813,0.07,1413000000,2595000000,1.19,2022-09-30,26.81,5910000000,8592000000.0,5909000000,1134000000,310000000,799000000,799000000,None,279000000,None,1731000000,None,None,4166000000,None,None,809000000,None,None,None,0.153,1179000000,4475000000,1434000000,1543000000,3124000000,None,None,None,None,None,None,None,1.529,5.77,3.385,None,None,None,None,None,-14000000,None,0.14,None,3968000000,2025-11-12,quarterly,1.26,USD,pre-market,420000000,5715000000,0.0461,0.114,0.031,36.2,7984000000,9624000000,771000000,None,102.75,115.66,5.8824,21921000000,9264000000,8146000000,14437000000,12657000000,6291000000,17336000000,7355000000,46.59,-7000000,123.37,67.31
2025-12-28,JCI,2.62,23595999000.0,46.59,None,1.417,21.15,170000000,None,293000000,293000000,-415000000,-256000000,-184000000,None,-142000000,None,None,-331000000,8000000,679000000,None,11427000000,11427000000,4216000000,None,None,5697000000,None,None,1182000000,201000000,1.51,0.0124,244000000,244000000,None,1.813,0.07,1413000000,2595000000,1.19,2022-06-30,26.81,5910000000,8592000000.0,5909000000,1134000000,310000000,799000000,799000000,None,279000000,None,1731000000,None,None,4166000000,None,None,443000000,None,None,None,0.153,487000000,4475000000,1434000000,1543000000,3124000000,None,None,None,None,None,None,None,1.529,5.77,3.385,None,None,None,None,None,-392000000,None,0.14,None,3968000000,2025-11-12,quarterly,1.26,USD,pre-market,420000000,5715000000,0.0461,0.114,0.031,36.2,7984000000,9624000000,771000000,None,102.75,115.66,5.8824,21921000000,9264000000,8146000000,14437000000,12657000000,6291000000,17336000000,7355000000,46.59,-7000000,123.37,67.31
2025-12-28,JCI,2.62,23595999000.0,46.59,None,1.417,21.15,125000000,None,293000000,293000000,801000000,-114000000,619000000,None,-243000000,None,None,-231000000,8000000,679000000,None,11427000000,11427000000,4216000000,None,None,5697000000,None,None,1182000000,208000000,1.51,0.0124,239000000,239000000,None,1.813,0.07,1413000000,2595000000,1.19,2022-03-31,26.81,5910000000,8592000000.0,5909000000,1134000000,310000000,799000000,799000000,None,279000000,None,1731000000,None,None,4166000000,None,None,52000000,None,None,None,0.153,-68000000,4475000000,1434000000,1543000000,3124000000,None,None,None,None,None,None,None,1.529,5.77,3.385,None,None,None,None,None,-509000000,None,0.14,None,3968000000,2025-11-12,quarterly,1.26,USD,pre-market,420000000,5715000000,0.0461,0.114,0.031,36.2,7984000000,9624000000,771000000,None,102.75,115.66,5.8824,21921000000,9264000000,8146000000,14437000000,12657000000,6291000000,17336000000,7355000000,46.59,-7000000,123.37,67.31
2025-12-28,JCI,2.62,23595999000.0,46.59,None,1.417,21.15,135000000,None,293000000,293000000,-357000000,-218000000,-183000000,None,-376000000,None,None,-75000000,8000000,679000000,None,11427000000,11427000000,4216000000,None,None,5697000000,None,None,1182000000,224000000,1.51,0.0124,191000000,191000000,None,1.813,0.07,1413000000,2595000000,1.19,2021-12-31,26.81,5910000000,8592000000.0,5909000000,1134000000,310000000,799000000,799000000,None,279000000,None,1731000000,None,None,4166000000,None,None,419000000,None,None,None,0.153,388000000,4475000000,1434000000,1543000000,3124000000,None,None,None,None,None,None,None,1.529,5.77,3.385,None,None,None,None,None,-526000000,None,0.14,None,3968000000,2025-11-12,quarterly,1.26,USD,pre-market,420000000,5715000000,0.0461,0.114,0.031,36.2,7984000000,9624000000,771000000,None,102.75,115.66,5.8824,21921000000,9264000000,8146000000,14437000000,12657000000,6291000000,17336000000,7355000000,46.59,-7000000,123.37,67.31
2025-12-28,JCI,2.62,23595999000.0,46.59,None,1.417,21.15,228000000,None,293000000,293000000,-467000000,-218000000,-40000000,116000000,-15000000,None,None,14000000,8000000,679000000,None,11427000000,11427000000,4216000000,None,None,5697000000,None,None,1182000000,218000000,1.51,0.0124,192000000,192000000,None,1.813,0.07,1413000000,2595000000,1.19,2021-09-30,26.81,5910000000,8592000000.0,5909000000,1134000000,310000000,799000000,799000000,None,279000000,None,1731000000,None,None,4166000000,None,None,316000000,None,None,None,0.153,521000000,4475000000,1434000000,1543000000,3124000000,None,None,None,None,None,None,None,1.529,5.77,3.385,None,None,None,None,None,-306000000,None,0.14,None,3968000000,2025-11-12,quarterly,1.26,USD,pre-market,420000000,5715000000,0.0461,0.114,0.031,36.2,7984000000,9624000000,771000000,None,102.75,115.66,5.8824,21921000000,9264000000,8146000000,14437000000,12657000000,6291000000,17336000000,7355000000,46.59,-7000000,123.37,67.31
2025-12-28,JCI,2.62,23595999000.0,46.59,None,1.417,21.15,127000000,None,293000000,293000000,-571000000,-767000000,-476000000,None,7000000,None,None,-324000000,8000000,679000000,None,11427000000,11427000000,4216000000,None,None,5697000000,None,None,1182000000,208000000,1.51,0.0124,193000000,193000000,None,1.813,0.07,1413000000,2595000000,1.19,2021-06-30,26.81,5910000000,8592000000.0,5909000000,1134000000,310000000,799000000,799000000,None,279000000,None,1731000000,None,None,4166000000,None,None,661000000,None,None,None,0.153,843000000,4475000000,1434000000,1543000000,3124000000,None,None,None,None,None,None,None,1.529,5.77,3.385,None,None,None,None,None,-340000000,None,0.14,None,3968000000,2025-11-12,quarterly,1.26,USD,pre-market,420000000,5715000000,0.0461,0.114,0.031,36.2,7984000000,9624000000,771000000,None,102.75,115.66,5.8824,21921000000,9264000000,8146000000,14437000000,12657000000,6291000000,17336000000,7355000000,46.59,-7000000,123.37,67.31
2025-12-28,JCI,2.62,23595999000.0,46.59,None,1.417,21.15,106000000,None,293000000,293000000,-532000000,-82000000,31000000,None,-113000000,None,None,-57000000,8000000,679000000,None,11427000000,11427000000,4216000000,None,None,5697000000,None,None,1182000000,212000000,1.51,0.0124,187000000,187000000,None,1.813,0.07,1413000000,2595000000,1.19,2021-03-31,26.81,5910000000,8592000000.0,5909000000,1134000000,310000000,799000000,799000000,None,279000000,None,1731000000,None,None,4166000000,None,None,397000000,None,None,None,0.153,644000000,4475000000,1434000000,1543000000,3124000000,None,None,None,None,None,None,None,1.529,5.77,3.385,None,None,None,None,None,-315000000,None,0.14,None,3968000000,2025-11-12,quarterly,1.26,USD,pre-market,420000000,5715000000,0.0461,0.114,0.031,36.2,7984000000,9624000000,771000000,None,102.75,115.66,5.8824,21921000000,9264000000,8146000000,14437000000,12657000000,6291000000,17336000000,7355000000,46.59,-7000000,123.37,67.31
2025-12-28,JCI,2.62,23595999000.0,46.59,None,1.417,21.15,91000000,None,293000000,293000000,-547000000,-37000000,-69000000,None,-98000000,None,None,224000000,8000000,679000000,None,11427000000,11427000000,4216000000,None,None,5697000000,None,None,1182000000,207000000,1.51,0.0124,190000000,190000000,None,1.813,0.07,1413000000,2595000000,1.19,2020-12-31,26.81,5910000000,8592000000.0,5909000000,1134000000,310000000,799000000,799000000,None,279000000,None,1731000000,None,None,4166000000,None,None,372000000,None,None,None,0.153,479000000,4475000000,1434000000,1543000000,3124000000,None,None,None,None,None,None,None,1.529,5.77,3.385,None,None,None,None,None,-346000000,None,0.14,None,3968000000,2025-11-12,quarterly,1.26,USD,pre-market,420000000,5715000000,0.0461,0.114,0.031,36.2,7984000000,9624000000,771000000,None,102.75,115.66,5.8824,21921000000,9264000000,8146000000,14437000000,12657000000,6291000000,17336000000,7355000000,46.59,-7000000,123.37,67.31
2025-12-28,JCI,2.62,23595999000.0,46.59,None,1.417,21.15,96000000,None,293000000,293000000,-1380000000,-81000000,-362000000,115000000,250000000,None,None,106000000,8000000,679000000,None,11427000000,11427000000,4216000000,None,None,5697000000,None,None,1182000000,206000000,1.51,0.0124,194000000,194000000,None,1.813,0.07,1413000000,2595000000,1.19,2020-09-30,26.81,5910000000,8592000000.0,5909000000,1134000000,310000000,799000000,799000000,None,279000000,None,1731000000,None,None,4166000000,None,None,490000000,None,None,None,0.153,979000000,4475000000,1434000000,1543000000,3124000000,None,None,None,None,None,None,None,1.529,5.77,3.385,None,None,None,None,None,-737000000,None,0.14,None,3968000000,2025-11-12,quarterly,1.26,USD,pre-market,420000000,5715000000,0.0461,0.114,0.031,36.2,7984000000,9624000000,771000000,None,102.75,115.66,5.8824,21921000000,9264000000,8146000000,14437000000,12657000000,6291000000,17336000000,7355000000,46.59,-7000000,123.37,67.31
2025-12-28,JCI,2.62,23595999000.0,46.59,None,1.417,21.15,97000000,None,293000000,293000000,607000000,-21000000,1532000000,None,56000000,None,None,184000000,8000000,679000000,None,11427000000,11427000000,4216000000,None,None,5697000000,None,None,1182000000,202000000,1.51,0.0124,194000000,194000000,None,1.813,0.07,1413000000,2595000000,1.19,2020-06-30,26.81,5910000000,8592000000.0,5909000000,1134000000,310000000,799000000,799000000,None,279000000,None,1731000000,None,None,4166000000,None,None,-122000000,None,None,None,0.153,786000000,4475000000,1434000000,1543000000,3124000000,None,None,None,None,None,None,None,1.529,5.77,3.385,None,None,None,None,None,-1000000,None,0.14,None,3968000000,2025-11-12,quarterly,1.26,USD,pre-market,420000000,5715000000,0.0461,0.114,0.031,36.2,7984000000,9624000000,771000000,None,102.75,115.66,5.8824,21921000000,9264000000,8146000000,14437000000,12657000000,6291000000,17336000000,7355000000,46.59,-7000000,123.37,67.31
2025-12-28,JCI,2.62,23595999000.0,46.59,None,1.417,21.15,124000000,None,293000000,293000000,-1186000000,-115000000,-1146000000,None,-147000000,None,None,7000000,8000000,679000000,None,11427000000,11427000000,4216000000,None,None,5697000000,None,None,1182000000,207000000,1.51,0.0124,199000000,199000000,None,1.813,0.07,1413000000,2595000000,1.19,2020-03-31,26.81,5910000000,8592000000.0,5909000000,1134000000,310000000,799000000,799000000,None,279000000,None,1731000000,None,None,4166000000,None,None,236000000,None,None,None,0.153,141000000,4475000000,1434000000,1543000000,3124000000,None,None,None,None,None,None,None,1.529,5.77,3.385,None,None,None,None,None,-816000000,None,0.14,None,3968000000,2025-11-12,quarterly,1.26,USD,pre-market,420000000,5715000000,0.0461,0.114,0.031,36.2,7984000000,9624000000,771000000,None,102.75,115.66,5.8824,21921000000,9264000000,8146000000,14437000000,12657000000,6291000000,17336000000,7355000000,46.59,-7000000,123.37,67.31
2025-12-28,JCI,2.62,23595999000.0,46.59,None,1.417,21.15,126000000,None,293000000,293000000,-846000000,-173000000,-512000000,None,-114000000,None,None,237000000,8000000,679000000,None,11427000000,11427000000,4216000000,None,None,5697000000,None,None,1182000000,207000000,1.51,0.0124,203000000,203000000,None,1.813,0.07,1413000000,2595000000,1.19,2019-12-31,26.81,5910000000,8592000000.0,5909000000,1134000000,310000000,799000000,799000000,None,279000000,None,1731000000,None,None,4166000000,None,None,159000000,None,None,None,0.153,313000000,4475000000,1434000000,1543000000,3124000000,None,None,None,None,None,None,None,1.529,5.77,3.385,None,None,None,None,None,-651000000,None,0.14,None,3968000000,2025-11-12,quarterly,1.26,USD,pre-market,420000000,5715000000,0.0461,0.114,0.031,36.2,7984000000,9624000000,771000000,None,102.75,115.66,5.8824,21921000000,9264000000,8146000000,14437000000,12657000000,6291000000,17336000000,7355000000,46.59,-7000000,123.37,67.31
2025-12-28,JCI,2.62,23595999000.0,46.59,None,1.417,21.15,185000000,None,293000000,293000000,-1019000000,-139000000,None,None,217000000,None,None,None,8000000,679000000,None,11427000000,11427000000,4216000000,None,None,5697000000,None,None,1182000000,200000000,1.51,0.0124,208000000,208000000,None,1.813,0.07,1413000000,2595000000,1.19,2019-09-30,26.81,5910000000,8592000000.0,5909000000,1134000000,310000000,799000000,799000000,None,279000000,None,1731000000,None,None,4166000000,None,None,654000000,None,None,None,0.153,374000000,4475000000,1434000000,1543000000,3124000000,None,None,None,None,None,None,None,1.529,5.77,3.385,None,None,None,None,None,-861000000,None,0.14,None,3968000000,2025-11-12,quarterly,1.26,USD,pre-market,420000000,5715000000,0.0461,0.114,0.031,36.2,7984000000,9624000000,771000000,None,102.75,115.66,5.8824,21921000000,9264000000,8146000000,14437000000,12657000000,6291000000,17336000000,7355000000,46.59,-7000000,123.37,67.31
2025-12-28,JCI,2.62,23595999000.0,46.59,None,1.417,21.15,123000000,None,293000000,293000000,-9433000000,12629000000,-8957000000,None,32000000,None,None,-355000000,8000000,679000000,None,11427000000,11427000000,4216000000,None,None,5697000000,None,None,1182000000,203000000,1.51,0.0124,233000000,233000000,None,1.813,0.07,1413000000,2595000000,1.19,2019-06-30,26.81,5910000000,8592000000.0,5909000000,1134000000,310000000,799000000,799000000,None,279000000,None,1731000000,None,None,4166000000,None,None,225000000,None,None,None,0.153,223000000,4475000000,1434000000,1543000000,3124000000,None,None,None,None,None,None,None,1.529,5.77,3.385,None,None,None,None,None,-4122000000,None,0.14,None,3968000000,2025-11-12,quarterly,1.26,USD,pre-market,420000000,5715000000,0.0461,0.114,0.031,36.2,7984000000,9624000000,771000000,None,102.75,115.66,5.8824,21921000000,9264000000,8146000000,14437000000,12657000000,6291000000,17336000000,7355000000,46.59,-7000000,123.37,67.31
2025-12-28,JCI,2.62,23595999000.0,46.59,None,1.417,21.15,125000000,None,293000000,293000000,-312000000,-210000000,-236000000,None,-99000000,None,None,-285000000,8000000,679000000,None,11427000000,11427000000,4216000000,None,None,5697000000,None,None,1182000000,211000000,1.51,0.0124,239000000,239000000,None,1.813,0.07,1413000000,2595000000,1.19,2019-03-31,26.81,5910000000,8592000000.0,5909000000,1134000000,310000000,799000000,799000000,None,279000000,None,1731000000,None,None,4166000000,None,None,274000000,None,None,None,0.153,491000000,4475000000,1434000000,1543000000,3124000000,None,None,None,None,None,None,None,1.529,5.77,3.385,None,None,None,None,None,-533000000,None,0.14,None,3968000000,2025-11-12,quarterly,1.26,USD,pre-market,420000000,5715000000,0.0461,0.114,0.031,36.2,7984000000,9624000000,771000000,None,102.75,115.66,5.8824,21921000000,9264000000,8146000000,14437000000,12657000000,6291000000,17336000000,7355000000,46.59,-7000000,123.37,67.31
2025-12-28,JCI,2.62,23595999000.0,46.59,None,1.417,21.15,153000000,None,293000000,293000000,245000000,-202000000,41000000,None,-222000000,None,None,146000000,8000000,679000000,None,11427000000,11427000000,4216000000,None,None,5697000000,None,None,1182000000,211000000,1.51,0.0124,240000000,240000000,None,1.813,0.07,1413000000,2595000000,1.19,2018-12-31,26.81,5910000000,8592000000.0,5909000000,1134000000,310000000,799000000,799000000,None,279000000,None,1731000000,None,None,4166000000,None,None,136000000,None,None,None,0.153,114000000,4475000000,1434000000,1543000000,3124000000,None,None,None,None,None,None,None,1.529,5.77,3.385,None,None,None,None,None,-467000000,None,0.14,None,3968000000,2025-11-12,quarterly,1.26,USD,pre-market,420000000,5715000000,0.0461,0.114,0.031,36.2,7984000000,9624000000,771000000,None,102.75,115.66,5.8824,21921000000,9264000000,8146000000,14437000000,12657000000,6291000000,17336000000,7355000000,46.59,-7000000,123.37,67.31
2025-12-28,JCI,2.62,23595999000.0,46.59,None,1.417,21.15,248000000,None,293000000,293000000,-1224000000,-89000000,-83000000,-22000000,246000000,None,None,-231000000,8000000,679000000,None,11427000000,11427000000,4216000000,None,None,5697000000,None,None,1182000000,241000000,1.51,0.0124,240000000,240000000,None,1.813,0.07,1413000000,2595000000,1.19,2018-09-30,26.81,5910000000,8592000000.0,5909000000,1134000000,310000000,799000000,799000000,None,279000000,None,1731000000,None,None,4166000000,None,None,825000000,None,None,None,0.153,1252000000,4475000000,1434000000,1543000000,3124000000,None,None,None,None,None,None,None,1.529,5.77,3.385,None,None,None,None,None,-45000000,None,0.14,None,3968000000,2025-11-12,quarterly,1.26,USD,pre-market,420000000,5715000000,0.0461,0.114,0.031,36.2,7984000000,9624000000,771000000,None,102.75,115.66,5.8824,21921000000,9264000000,8146000000,14437000000,12657000000,6291000000,17336000000,7355000000,46.59,-7000000,123.37,67.31
2025-12-28,JCI,2.62,23595999000.0,46.59,None,1.417,21.15,201000000,None,293000000,293000000,-274000000,-294000000,15000000,-145000000,-2000000,None,None,-390000000,8000000,679000000,None,11427000000,11427000000,4216000000,None,None,5697000000,None,None,1182000000,227000000,1.51,0.0124,241000000,241000000,None,1.813,0.07,1413000000,2595000000,1.19,2018-06-30,26.81,5910000000,8592000000.0,5909000000,1134000000,310000000,799000000,799000000,None,279000000,None,1731000000,None,None,4166000000,None,None,546000000,None,None,None,0.153,727000000,4475000000,1434000000,1543000000,3124000000,None,None,None,None,None,None,None,1.529,5.77,3.385,None,None,None,None,None,-56000000,None,0.14,None,3968000000,2025-11-12,quarterly,1.26,USD,pre-market,420000000,5715000000,0.0461,0.114,0.031,36.2,7984000000,9624000000,771000000,None,102.75,115.66,5.8824,21921000000,9264000000,8146000000,14437000000,12657000000,6291000000,17336000000,7355000000,46.59,-7000000,123.37,67.31
2025-12-28,JCI,2.62,23595999000.0,46.59,None,1.417,21.15,166000000,None,293000000,293000000,-804000000,-176000000,-284000000,44000000,-13000000,None,None,138000000,8000000,679000000,None,11427000000,11427000000,4216000000,None,None,5697000000,None,None,1182000000,212000000,1.51,0.0124,241000000,241000000,None,1.813,0.07,1413000000,2595000000,1.19,2018-03-31,26.81,5910000000,8592000000.0,5909000000,1134000000,310000000,799000000,799000000,None,279000000,None,1731000000,None,None,4166000000,None,None,218000000,None,None,None,0.153,664000000,4475000000,1434000000,1543000000,3124000000,None,None,None,None,None,None,None,1.529,5.77,3.385,None,None,None,None,None,-49000000,None,0.14,None,3968000000,2025-11-12,quarterly,1.26,USD,pre-market,420000000,5715000000,0.0461,0.114,0.031,36.2,7984000000,9624000000,771000000,None,102.75,115.66,5.8824,21921000000,9264000000,8146000000,14437000000,12657000000,6291000000,17336000000,7355000000,46.59,-7000000,123.37,67.31
2025-12-28,JCI,2.62,23595999000.0,46.59,None,1.417,21.15,114000000,None,293000000,293000000,-1450000000,1759000000,231000000,17000000,-196000000,None,None,-30000000,8000000,679000000,None,11427000000,11427000000,4216000000,None,None,5697000000,None,None,1182000000,210000000,1.51,0.0124,232000000,232000000,None,1.813,0.07,1413000000,2595000000,1.19,2017-12-31,26.81,5910000000,8592000000.0,5909000000,1134000000,310000000,799000000,799000000,None,279000000,None,1731000000,None,None,4166000000,None,None,-47000000,None,None,None,0.153,-127000000,4475000000,1434000000,1543000000,3124000000,None,None,None,None,None,None,None,1.529,5.77,3.385,None,None,None,None,None,-150000000,None,0.14,None,3968000000,2025-11-12,quarterly,1.26,USD,pre-market,420000000,5715000000,0.0461,0.114,0.031,36.2,7984000000,9624000000,771000000,None,102.75,115.66,5.8824,21921000000,9264000000,8146000000,14437000000,12657000000,6291000000,17336000000,7355000000,46.59,-7000000,123.37,67.31
2025-12-28,JCI,2.62,23595999000.0,46.59,None,1.417,21.15,347000000,None,293000000,293000000,-1198000000,-305000000,-137000000,42000000,187000000,None,None,-201000000,8000000,679000000,None,11427000000,11427000000,4216000000,None,None,5697000000,None,None,1182000000,269000000,1.51,0.0124,233000000,233000000,None,1.813,0.07,1413000000,2595000000,1.19,2017-09-30,26.81,5910000000,8592000000.0,5909000000,1134000000,310000000,799000000,799000000,None,279000000,None,1731000000,None,None,4166000000,None,None,927000000,None,None,None,0.153,1333000000,4475000000,1434000000,1543000000,3124000000,None,None,None,None,None,None,None,1.529,5.77,3.385,None,None,None,None,None,-225000000,None,0.14,None,3968000000,2025-11-12,quarterly,1.26,USD,pre-market,420000000,5715000000,0.0461,0.114,0.031,36.2,7984000000,9624000000,771000000,None,102.75,115.66,5.8824,21921000000,9264000000,8146000000,14437000000,12657000000,6291000000,17336000000,7355000000,46.59,-7000000,123.37,67.31
2025-12-28,JCI,2.62,23595999000.0,46.59,None,1.417,21.15,362000000,None,293000000,293000000,153000000,-360000000,46000000,37000000,-215000000,None,None,-298000000,8000000,679000000,None,11427000000,11427000000,4216000000,None,None,5697000000,None,None,1182000000,281000000,1.51,0.0124,234000000,234000000,None,1.813,0.07,1413000000,2595000000,1.19,2017-06-30,26.81,5910000000,8592000000.0,5909000000,1134000000,310000000,799000000,799000000,None,279000000,None,1731000000,None,None,4166000000,None,None,629000000,None,None,None,0.153,233000000,4475000000,1434000000,1543000000,3124000000,None,None,None,None,None,None,None,1.529,5.77,3.385,None,None,None,None,None,-307000000,None,0.14,None,3968000000,2025-11-12,quarterly,1.26,USD,pre-market,420000000,5715000000,0.0461,0.114,0.031,36.2,7984000000,9624000000,771000000,None,102.75,115.66,5.8824,21921000000,9264000000,8146000000,14437000000,12657000000,6291000000,17336000000,7355000000,46.59,-7000000,123.37,67.31
2025-12-28,JCI,2.62,23595999000.0,46.59,None,1.417,21.15,263000000,None,293000000,293000000,-220000000,-141000000,35000000,30000000,-228000000,None,None,-58000000,8000000,679000000,None,11427000000,11427000000,4216000000,None,None,5697000000,None,None,1182000000,292000000,1.51,0.0124,235000000,235000000,None,1.813,0.07,1413000000,2595000000,1.19,2017-03-31,26.81,5910000000,8592000000.0,5909000000,1134000000,310000000,799000000,799000000,None,279000000,None,1731000000,None,None,4166000000,None,None,-115000000,None,None,None,0.153,364000000,4475000000,1434000000,1543000000,3124000000,None,None,None,None,None,None,None,1.529,5.77,3.385,None,None,None,None,None,-127000000,None,0.14,None,3968000000,2025-11-12,quarterly,1.26,USD,pre-market,420000000,5715000000,0.0461,0.114,0.031,36.2,7984000000,9624000000,771000000,None,102.75,115.66,5.8824,21921000000,9264000000,8146000000,14437000000,12657000000,6291000000,17336000000,7355000000,46.59,-7000000,123.37,67.31
2025-12-28,JCI,2.62,23595999000.0,46.59,None,1.417,21.15,371000000,None,293000000,293000000,1964000000,-331000000,-202000000,-55000000,-142000000,None,None,37000000,8000000,679000000,None,11427000000,11427000000,4216000000,None,None,5697000000,None,None,1182000000,346000000,1.51,0.0124,31000000,31000000,None,1.813,0.07,1413000000,2595000000,1.19,2016-12-31,26.81,5910000000,8592000000.0,5909000000,1134000000,310000000,799000000,799000000,None,279000000,None,1731000000,None,None,4166000000,None,None,378000000,None,None,None,0.153,-1900000000,4475000000,1434000000,1543000000,3124000000,None,None,None,None,None,None,None,1.529,5.77,3.385,None,None,None,None,None,-25000000,None,0.14,None,3968000000,2025-11-12,quarterly,1.26,USD,pre-market,420000000,5715000000,0.0461,0.114,0.031,36.2,7984000000,9624000000,771000000,None,102.75,115.66,5.8824,21921000000,9264000000,8146000000,14437000000,12657000000,6291000000,17336000000,7355000000,46.59,-7000000,123.37,67.31
2025-12-28,JCI,2.62,23595999000.0,46.59,None,1.417,21.15,427000000,None,293000000,293000000,-973000000,-16000000,1143000000,20000000,234000000,None,None,-210000000,8000000,679000000,None,11427000000,11427000000,4216000000,None,None,5697000000,None,None,1182000000,273000000,1.51,0.0124,371000000,371000000,None,1.813,0.07,1413000000,2595000000,1.19,2016-09-30,26.81,5910000000,8592000000.0,5909000000,1134000000,310000000,799000000,799000000,None,279000000,None,1731000000,None,None,4166000000,None,None,-1132000000,None,None,None,0.153,1403000000,4475000000,1434000000,1543000000,3124000000,None,None,None,None,None,None,None,1.529,5.77,3.385,None,None,None,None,None,-26000000,None,0.14,None,3968000000,2025-11-12,quarterly,1.26,USD,pre-market,420000000,5715000000,0.0461,0.114,0.031,36.2,7984000000,9624000000,771000000,None,102.75,115.66,5.8824,21921000000,9264000000,8146000000,14437000000,12657000000,6291000000,17336000000,7355000000,46.59,-7000000,123.37,67.31
2025-12-28,JCI,2.62,23595999000.0,46.59,None,1.417,21.15,279000000,None,293000000,293000000,274000000,-254000000,None,2000000,-65000000,None,None,-172000000,8000000,679000000,None,11427000000,11427000000,4216000000,None,None,5697000000,None,None,1182000000,235000000,1.51,0.0124,188000000,188000000,None,1.813,0.07,1413000000,2595000000,1.19,2016-06-30,26.81,5910000000,8592000000.0,5909000000,1134000000,310000000,799000000,799000000,None,279000000,None,1731000000,None,None,4166000000,None,None,459000000,None,None,None,0.153,75000000,4475000000,1434000000,1543000000,3124000000,None,None,None,None,None,None,None,1.529,5.77,3.385,None,None,None,None,None,-475000000,None,0.14,None,3968000000,2025-11-12,quarterly,1.26,USD,pre-market,420000000,5715000000,0.0461,0.114,0.031,36.2,7984000000,9624000000,771000000,None,102.75,115.66,5.8824,21921000000,9264000000,8146000000,14437000000,12657000000,6291000000,17336000000,7355000000,46.59,-7000000,123.37,67.31
2025-12-28,JCI,2.62,23595999000.0,46.59,None,1.417,21.15,261000000,None,293000000,293000000,-448000000,-233000000,44000000,-1000000,-98000000,None,None,9000000,8000000,679000000,None,11427000000,11427000000,4216000000,None,None,5697000000,None,None,1182000000,219000000,1.51,0.0124,188000000,188000000,None,1.813,0.07,1413000000,2595000000,1.19,2016-03-31,26.81,5910000000,8592000000.0,5909000000,1134000000,310000000,799000000,799000000,None,279000000,None,1731000000,None,None,4166000000,None,None,-469000000,None,None,None,0.153,634000000,4475000000,1434000000,1543000000,3124000000,None,None,None,None,None,None,None,1.529,5.77,3.385,None,None,None,None,None,15000000,None,0.14,None,3968000000,2025-11-12,quarterly,1.26,USD,pre-market,420000000,5715000000,0.0461,0.114,0.031,36.2,7984000000,9624000000,771000000,None,102.75,115.66,5.8824,21921000000,9264000000,8146000000,14437000000,12657000000,6291000000,17336000000,7355000000,46.59,-7000000,123.37,67.31
2025-12-28,JCI,2.62,23595999000.0,46.59,None,1.417,21.15,282000000,None,293000000,293000000,214000000,-384000000,-1100000000,-9000000,-70000000,None,None,29000000,8000000,679000000,None,11427000000,11427000000,4216000000,None,None,5697000000,None,None,1182000000,226000000,1.51,0.0124,168000000,168000000,None,1.813,0.07,1413000000,2595000000,1.19,2015-12-31,26.81,5910000000,8592000000.0,5909000000,1134000000,310000000,799000000,799000000,None,279000000,None,1731000000,None,None,4166000000,None,None,490000000,None,None,None,0.153,-13000000,4475000000,1434000000,1543000000,3124000000,None,None,None,None,None,None,None,1.529,5.77,3.385,None,None,None,None,None,11000000,None,0.14,None,3968000000,2025-11-12,quarterly,1.26,USD,pre-market,420000000,5715000000,0.0461,0.114,0.031,36.2,7984000000,9624000000,771000000,None,102.75,115.66,5.8824,21921000000,9264000000,8146000000,14437000000,12657000000,6291000000,17336000000,7355000000,46.59,-7000000,123.37,67.31
2025-12-28,JCI,2.62,23595999000.0,46.59,None,1.417,21.15,315000000,None,293000000,293000000,-1468000000,1172000000,870000000,-15000000,74000000,None,None,-45000000,8000000,679000000,None,11427000000,11427000000,4216000000,None,None,5697000000,None,None,1182000000,213000000,1.51,0.0124,170000000,170000000,None,1.813,0.07,1413000000,2595000000,1.19,2015-09-30,26.81,5910000000,8592000000.0,5909000000,1134000000,310000000,799000000,799000000,None,279000000,None,1731000000,None,None,4166000000,None,None,369000000,None,None,None,0.153,737000000,4475000000,1434000000,1543000000,3124000000,None,None,None,None,None,None,None,1.529,5.77,3.385,None,None,None,None,None,-362000000,None,0.14,None,3968000000,2025-11-12,quarterly,1.26,USD,pre-market,420000000,5715000000,0.0461,0.114,0.031,36.2,7984000000,9624000000,771000000,None,102.75,115.66,5.8824,21921000000,9264000000,8146000000,14437000000,12657000000,6291000000,17336000000,7355000000,46.59,-7000000,123.37,67.31
2025-12-28,JCI,2.62,23595999000.0,46.59,None,1.417,21.15,264000000,None,293000000,293000000,-360000000,-248000000,99000000,-2000000,-72000000,None,None,-126000000,8000000,679000000,None,11427000000,11427000000,4216000000,None,None,5697000000,None,None,1182000000,218000000,1.51,0.0124,170000000,170000000,None,1.813,0.07,1413000000,2595000000,1.19,2015-06-30,26.81,5910000000,8592000000.0,5909000000,1134000000,310000000,799000000,799000000,None,279000000,None,1731000000,None,None,4166000000,None,None,207000000,None,None,None,0.153,663000000,4475000000,1434000000,1543000000,3124000000,None,None,None,None,None,None,None,1.529,5.77,3.385,None,None,None,None,None,-190000000,None,0.14,None,3968000000,2025-11-12,quarterly,1.26,USD,pre-market,420000000,5715000000,0.0461,0.114,0.031,36.2,7984000000,9624000000,771000000,None,102.75,115.66,5.8824,21921000000,9264000000,8146000000,14437000000,12657000000,6291000000,17336000000,7355000000,46.59,-7000000,123.37,67.31
2025-12-28,JCI,2.62,23595999000.0,46.59,None,1.417,21.15,294000000,None,293000000,293000000,-222000000,-200000000,-41000000,-6000000,-81000000,None,None,29000000,8000000,679000000,None,11427000000,11427000000,4216000000,None,None,5697000000,None,None,1182000000,205000000,1.51,0.0124,171000000,171000000,None,1.813,0.07,1413000000,2595000000,1.19,2015-03-31,26.81,5910000000,8592000000.0,5909000000,1134000000,310000000,799000000,799000000,None,279000000,None,1731000000,None,None,4166000000,None,None,557000000,None,None,None,0.153,360000000,4475000000,1434000000,1543000000,3124000000,None,None,None,None,None,None,None,1.529,5.77,3.385,None,None,None,None,None,-210000000,None,0.14,None,3968000000,2025-11-12,quarterly,1.26,USD,pre-market,420000000,5715000000,0.0461,0.114,0.031,36.2,7984000000,9624000000,771000000,None,102.75,115.66,5.8824,21921000000,9264000000,8146000000,14437000000,12657000000,6291000000,17336000000,7355000000,46.59,-7000000,123.37,67.31
2025-12-28,JCI,2.62,23595999000.0,46.59,None,1.417,21.15,262000000,None,293000000,293000000,229000000,-272000000,-419000000,-10000000,-20000000,None,None,-7000000,8000000,679000000,None,11427000000,11427000000,4216000000,None,None,5697000000,None,None,1182000000,224000000,1.51,0.0124,146000000,146000000,None,1.813,0.07,1413000000,2595000000,1.19,2014-12-31,26.81,5910000000,8592000000.0,5909000000,1134000000,310000000,799000000,799000000,None,279000000,None,1731000000,None,None,4166000000,None,None,546000000,None,None,None,0.153,-160000000,4475000000,1434000000,1543000000,3124000000,None,None,None,None,None,None,None,1.529,5.77,3.385,None,None,None,None,None,-600000000,None,0.14,None,3968000000,2025-11-12,quarterly,1.26,USD,pre-market,420000000,5715000000,0.0461,0.114,0.031,36.2,7984000000,9624000000,771000000,None,102.75,115.66,5.8824,21921000000,9264000000,8146000000,14437000000,12657000000,6291000000,17336000000,7355000000,46.59,-7000000,123.37,67.31
2025-12-28,JCI,2.62,23595999000.0,46.59,None,1.417,21.15,323000000,None,293000000,293000000,-952000000,-36000000,None,None,2000000,None,None,None,8000000,679000000,None,11427000000,11427000000,4216000000,None,None,5697000000,None,None,1182000000,224000000,1.51,0.0124,146000000,146000000,None,1.813,0.07,1413000000,2595000000,1.19,2014-09-30,26.81,5910000000,8592000000.0,5909000000,1134000000,310000000,799000000,799000000,None,279000000,None,1731000000,None,None,4166000000,None,None,346000000,None,None,None,0.153,1232000000,4475000000,1434000000,1543000000,3124000000,None,None,None,None,None,None,None,1.529,5.77,3.385,None,None,None,None,None,-50000000,None,0.14,None,3968000000,2025-11-12,quarterly,1.26,USD,pre-market,420000000,5715000000,0.0461,0.114,0.031,36.2,7984000000,9624000000,771000000,None,102.75,115.66,5.8824,21921000000,9264000000,8146000000,14437000000,12657000000,6291000000,17336000000,7355000000,46.59,-7000000,123.37,67.31
2025-12-28,JCI,2.62,23595999000.0,46.59,None,1.417,21.15,274000000,None,293000000,293000000,1144000000,-1904000000,None,None,-152000000,None,None,None,8000000,679000000,None,11427000000,11427000000,4216000000,None,None,5697000000,None,None,1182000000,240000000,1.51,0.0124,146000000,146000000,None,1.813,0.07,1413000000,2595000000,1.19,2014-06-30,26.81,5910000000,8592000000.0,5909000000,1134000000,310000000,799000000,799000000,None,279000000,None,1731000000,None,None,4166000000,None,None,199000000,None,None,None,0.153,714000000,4475000000,1434000000,1543000000,3124000000,None,None,None,None,None,None,None,1.529,5.77,3.385,None,None,None,None,None,-539000000,None,0.14,None,3968000000,2025-11-12,quarterly,1.26,USD,pre-market,420000000,5715000000,0.0461,0.114,0.031,36.2,7984000000,9624000000,771000000,None,102.75,115.66,5.8824,21921000000,9264000000,8146000000,14437000000,12657000000,6291000000,17336000000,7355000000,46.59,-7000000,123.37,67.31
2025-12-28,JCI,2.62,23595999000.0,46.59,None,1.417,21.15,257000000,None,293000000,293000000,-526000000,-222000000,None,None,-66000000,None,None,None,8000000,679000000,None,11427000000,11427000000,4216000000,None,None,5697000000,None,None,1182000000,247000000,1.51,0.0124,146000000,146000000,None,1.813,0.07,1413000000,2595000000,1.19,2014-03-31,26.81,5910000000,8592000000.0,5909000000,1134000000,310000000,799000000,799000000,None,279000000,None,1731000000,None,None,4166000000,None,None,293000000,None,None,None,0.153,730000000,4475000000,1434000000,1543000000,3124000000,None,None,None,None,None,None,None,1.529,5.77,3.385,None,None,None,None,None,22000000,None,0.14,None,3968000000,2025-11-12,quarterly,1.26,USD,pre-market,420000000,5715000000,0.0461,0.114,0.031,36.2,7984000000,9624000000,771000000,None,102.75,115.66,5.8824,21921000000,9264000000,8146000000,14437000000,12657000000,6291000000,17336000000,7355000000,46.59,-7000000,123.37,67.31
2025-12-28,JCI,2.62,23595999000.0,46.59,None,1.417,21.15,345000000,None,293000000,293000000,-78000000,-431000000,None,None,-95000000,None,None,None,8000000,679000000,None,11427000000,11427000000,4216000000,None,None,5697000000,None,None,1182000000,244000000,1.51,0.0124,130000000,130000000,None,1.813,0.07,1413000000,2595000000,1.19,2013-12-31,26.81,5910000000,8592000000.0,5909000000,1134000000,310000000,799000000,799000000,None,279000000,None,1731000000,None,None,4166000000,None,None,502000000,None,None,None,0.153,-281000000,4475000000,1434000000,1543000000,3124000000,None,None,None,None,None,None,None,1.529,5.77,3.385,None,None,None,None,None,-1199000000,None,0.14,None,3968000000,2025-11-12,quarterly,1.26,USD,pre-market,420000000,5715000000,0.0461,0.114,0.031,36.2,7984000000,9624000000,771000000,None,102.75,115.66,5.8824,21921000000,9264000000,8146000000,14437000000,12657000000,6291000000,17336000000,7355000000,46.59,-7000000,123.37,67.31
2025-12-28,JCI,2.62,23595999000.0,46.59,None,1.417,21.15,448000000,None,293000000,293000000,-782000000,383000000,108000000,5000000,54000000,None,None,-43000000,8000000,679000000,None,11427000000,11427000000,4216000000,None,None,5697000000,None,None,1182000000,256000000,1.51,0.0124,130000000,130000000,None,1.813,0.07,1413000000,2595000000,1.19,2013-09-30,26.81,5910000000,8592000000.0,5909000000,1134000000,310000000,799000000,799000000,None,279000000,None,1731000000,None,None,4166000000,None,None,141000000,None,None,None,0.153,1137000000,4475000000,1434000000,1543000000,3124000000,None,None,None,None,None,None,None,1.529,5.77,3.385,None,None,None,None,None,-125000000,None,0.14,None,3968000000,2025-11-12,quarterly,1.26,USD,pre-market,420000000,5715000000,0.0461,0.114,0.031,36.2,7984000000,9624000000,771000000,None,102.75,115.66,5.8824,21921000000,9264000000,8146000000,14437000000,12657000000,6291000000,17336000000,7355000000,46.59,-7000000,123.37,67.31
2025-12-28,JCI,2.62,23595999000.0,46.59,None,1.417,21.15,265000000,None,293000000,293000000,-856000000,-268000000,-37000000,-13000000,-32000000,None,None,-47000000,8000000,679000000,None,11427000000,11427000000,4216000000,None,None,5697000000,None,None,1182000000,239000000,1.51,0.0124,130000000,130000000,None,1.813,0.07,1413000000,2595000000,1.19,2013-06-30,26.81,5910000000,8592000000.0,5909000000,1134000000,310000000,799000000,799000000,None,279000000,None,1731000000,None,None,4166000000,None,None,572000000,None,None,None,0.153,1034000000,4475000000,1434000000,1543000000,3124000000,None,None,None,None,None,None,None,1.529,5.77,3.385,None,None,None,None,None,-175000000,None,0.14,None,3968000000,2025-11-12,quarterly,1.26,USD,pre-market,420000000,5715000000,0.0461,0.114,0.031,36.2,7984000000,9624000000,771000000,None,102.75,115.66,5.8824,21921000000,9264000000,8146000000,14437000000,12657000000,6291000000,17336000000,7355000000,46.59,-7000000,123.37,67.31
2025-12-28,JCI,2.62,23595999000.0,46.59,None,1.417,21.15,293000000,None,293000000,293000000,269000000,-330000000,-72000000,-6000000,-91000000,None,None,12000000,8000000,679000000,None,11427000000,11427000000,4216000000,None,None,5697000000,None,None,1182000000,234000000,1.51,0.0124,70000000,70000000,None,1.813,0.07,1413000000,2595000000,1.19,2013-03-31,26.81,5910000000,8592000000.0,5909000000,1134000000,310000000,799000000,799000000,None,279000000,None,1731000000,None,None,4166000000,None,None,193000000,None,None,None,0.153,217000000,4475000000,1434000000,1543000000,3124000000,None,None,None,None,None,None,None,1.529,5.77,3.385,None,None,None,None,None,-50000000,None,0.14,None,3968000000,2025-11-12,quarterly,1.26,USD,pre-market,420000000,5715000000,0.0461,0.114,0.031,36.2,7984000000,9624000000,771000000,None,102.75,115.66,5.8824,21921000000,9264000000,8146000000,14437000000,12657000000,6291000000,17336000000,7355000000,46.59,-7000000,123.37,67.31
2025-12-28,JCI,2.62,23595999000.0,46.59,None,1.417,21.15,371000000,None,293000000,293000000,155000000,-365000000,-310000000,3000000,-28000000,None,None,-9000000,8000000,679000000,None,11427000000,11427000000,4216000000,None,None,5697000000,None,None,1182000000,223000000,1.51,0.0124,253000000,253000000,None,1.813,0.07,1413000000,2595000000,1.19,2012-12-31,26.81,5910000000,8592000000.0,5909000000,1134000000,310000000,799000000,799000000,None,279000000,None,1731000000,None,None,4166000000,None,None,389000000,None,None,None,0.153,298000000,4475000000,1434000000,1543000000,3124000000,None,None,None,None,None,None,None,1.529,5.77,3.385,None,None,None,None,None,-50000000,None,0.14,None,3968000000,2025-11-12,quarterly,1.26,USD,pre-market,420000000,5715000000,0.0461,0.114,0.031,36.2,7984000000,9624000000,771000000,None,102.75,115.66,5.8824,21921000000,9264000000,8146000000,14437000000,12657000000,6291000000,17336000000,7355000000,46.59,-7000000,123.37,67.31
2025-12-28,JCI,2.62,23595999000.0,46.59,None,1.417,21.15,398000000,None,293000000,293000000,-788000000,-334000000,None,None,169000000,None,None,None,8000000,679000000,None,11427000000,11427000000,4216000000,None,None,5697000000,None,None,1182000000,221000000,1.51,0.0124,123000000,123000000,None,1.813,0.07,1413000000,2595000000,1.19,2012-09-30,26.81,5910000000,8592000000.0,5909000000,1134000000,310000000,799000000,799000000,None,279000000,None,1731000000,None,None,4166000000,None,None,64000000,None,None,None,0.153,794000000,4475000000,1434000000,1543000000,3124000000,None,None,None,None,None,None,None,1.529,5.77,3.385,None,None,None,None,None,-60000000,None,0.14,None,3968000000,2025-11-12,quarterly,1.26,USD,pre-market,420000000,5715000000,0.0461,0.114,0.031,36.2,7984000000,9624000000,771000000,None,102.75,115.66,5.8824,21921000000,9264000000,8146000000,14437000000,12657000000,6291000000,17336000000,7355000000,46.59,-7000000,123.37,67.31
2025-12-28,JCI,2.62,23595999000.0,46.59,None,1.417,21.15,447000000,None,293000000,293000000,158000000,-447000000,None,None,-61000000,None,None,None,8000000,679000000,None,11427000000,11427000000,4216000000,None,None,5697000000,None,None,1182000000,207000000,1.51,0.0124,122000000,122000000,None,1.813,0.07,1413000000,2595000000,1.19,2012-06-30,26.81,5910000000,8592000000.0,5909000000,1134000000,310000000,799000000,799000000,None,279000000,None,1731000000,None,None,4166000000,None,None,456000000,None,None,None,0.153,619000000,4475000000,1434000000,1543000000,3124000000,None,None,None,None,None,None,None,1.529,5.77,3.385,None,None,None,None,None,-9000000,None,0.14,None,3968000000,2025-11-12,quarterly,1.26,USD,pre-market,420000000,5715000000,0.0461,0.114,0.031,36.2,7984000000,9624000000,771000000,None,102.75,115.66,5.8824,21921000000,9264000000,8146000000,14437000000,12657000000,6291000000,17336000000,7355000000,46.59,-7000000,123.37,67.31
2025-12-28,JCI,2.62,23595999000.0,46.59,None,1.417,21.15,448000000,None,293000000,293000000,156000000,-380000000,None,None,-74000000,None,None,None,8000000,679000000,None,11427000000,11427000000,4216000000,None,None,5697000000,None,None,1182000000,200000000,1.51,0.0124,123000000,123000000,None,1.813,0.07,1413000000,2595000000,1.19,2012-03-31,26.81,5910000000,8592000000.0,5909000000,1134000000,310000000,799000000,799000000,None,279000000,None,1731000000,None,None,4166000000,None,None,417000000,None,None,None,0.153,243000000,4475000000,1434000000,1543000000,3124000000,None,None,None,None,None,None,None,1.529,5.77,3.385,None,None,None,None,None,-33000000,None,0.14,None,3968000000,2025-11-12,quarterly,1.26,USD,pre-market,420000000,5715000000,0.0461,0.114,0.031,36.2,7984000000,9624000000,771000000,None,102.75,115.66,5.8824,21921000000,9264000000,8146000000,14437000000,12657000000,6291000000,17336000000,7355000000,46.59,-7000000,123.37,67.31
2025-12-28,JCI,2.62,23595999000.0,46.59,None,1.417,21.15,538000000,None,293000000,293000000,681000000,-631000000,None,None,5000000,None,None,None,8000000,679000000,None,11427000000,11427000000,4216000000,None,None,5697000000,None,None,1182000000,196000000,1.51,0.0124,109000000,109000000,None,1.813,0.07,1413000000,2595000000,1.19,2011-12-31,26.81,5910000000,8592000000.0,5909000000,1134000000,310000000,799000000,799000000,None,279000000,None,1731000000,None,None,4166000000,None,None,459000000,None,None,None,0.153,-97000000,4475000000,1434000000,1543000000,3124000000,None,None,None,None,None,None,None,1.529,5.77,3.385,None,None,None,None,None,-200000000,None,0.14,None,3968000000,2025-11-12,quarterly,1.26,USD,pre-market,420000000,5715000000,0.0461,0.114,0.031,36.2,7984000000,9624000000,771000000,None,102.75,115.66,5.8824,21921000000,9264000000,8146000000,14437000000,12657000000,6291000000,17336000000,7355000000,46.59,-7000000,123.37,67.31
2025-12-28,JCI,2.62,23595999000.0,46.59,None,1.417,21.15,353000000,None,293000000,293000000,-118000000,-486000000,-239000000,-33000000,45000000,None,None,-4000000,8000000,679000000,None,11427000000,11427000000,4216000000,None,None,5697000000,None,None,1182000000,184000000,1.51,0.0124,109000000,109000000,None,1.813,0.07,1413000000,2595000000,1.19,2011-09-30,26.81,5910000000,8592000000.0,5909000000,1134000000,310000000,799000000,799000000,None,279000000,None,1731000000,None,None,4166000000,None,None,573000000,None,None,None,0.153,515000000,4475000000,1434000000,1543000000,3124000000,None,None,None,None,None,None,None,1.529,5.77,3.385,None,None,None,None,None,12000000,None,0.14,None,3968000000,2025-11-12,quarterly,1.26,USD,pre-market,420000000,5715000000,0.0461,0.114,0.031,36.2,7984000000,9624000000,771000000,None,102.75,115.66,5.8824,21921000000,9264000000,8146000000,14437000000,12657000000,6291000000,17336000000,7355000000,46.59,-7000000,123.37,67.31
2025-12-28,JCI,2.62,23595999000.0,46.59,None,1.417,21.15,365000000,None,293000000,293000000,463000000,-916000000,-211000000,13000000,-133000000,None,None,-140000000,8000000,679000000,None,11427000000,11427000000,4216000000,None,None,5697000000,None,None,1182000000,193000000,1.51,0.0124,108000000,108000000,None,1.813,0.07,1413000000,2595000000,1.19,2011-06-30,26.81,5910000000,8592000000.0,5909000000,1134000000,310000000,799000000,799000000,None,279000000,None,1731000000,None,None,4166000000,None,None,380000000,None,None,None,0.153,360000000,4475000000,1434000000,1543000000,3124000000,None,None,None,None,None,None,None,1.529,5.77,3.385,None,None,None,None,None,-252000000,None,0.14,None,3968000000,2025-11-12,quarterly,1.26,USD,pre-market,420000000,5715000000,0.0461,0.114,0.031,36.2,7984000000,9624000000,771000000,None,102.75,115.66,5.8824,21921000000,9264000000,8146000000,14437000000,12657000000,6291000000,17336000000,7355000000,46.59,-7000000,123.37,67.31
2025-12-28,JCI,2.62,23595999000.0,46.59,None,1.417,21.15,275000000,None,293000000,293000000,888000000,-866000000,-222000000,7000000,-200000000,None,None,-54000000,8000000,679000000,None,11427000000,11427000000,4216000000,None,None,5697000000,None,None,1182000000,185000000,1.51,0.0124,109000000,109000000,None,1.813,0.07,1413000000,2595000000,1.19,2011-03-31,26.81,5910000000,8592000000.0,5909000000,1134000000,310000000,799000000,799000000,None,279000000,None,1731000000,None,None,4166000000,None,None,385000000,None,None,None,0.153,36000000,4475000000,1434000000,1543000000,3124000000,None,None,None,None,None,None,None,1.529,5.77,3.385,None,None,None,None,None,-458000000,None,0.14,None,3968000000,2025-11-12,quarterly,1.26,USD,pre-market,420000000,5715000000,0.0461,0.114,0.031,36.2,7984000000,9624000000,771000000,None,102.75,115.66,5.8824,21921000000,9264000000,8146000000,14437000000,12657000000,6291000000,17336000000,7355000000,46.59,-7000000,123.37,67.31
2025-12-28,JCI,2.62,23595999000.0,46.59,None,1.417,21.15,260000000,None,293000000,293000000,6000000,-369000000,297000000,7000000,-99000000,None,None,11000000,8000000,679000000,None,11427000000,11427000000,4216000000,None,None,5697000000,None,None,1182000000,169000000,1.51,0.0124,87000000,87000000,None,1.813,0.07,1413000000,2595000000,1.19,2010-12-31,26.81,5910000000,8592000000.0,5909000000,1134000000,310000000,799000000,799000000,None,279000000,None,1731000000,None,None,4166000000,None,None,403000000,None,None,None,0.153,93000000,4475000000,1434000000,1543000000,3124000000,None,None,None,None,None,None,None,1.529,5.77,3.385,None,None,None,None,None,-500000000,None,0.14,None,3968000000,2025-11-12,quarterly,1.26,USD,pre-market,420000000,5715000000,0.0461,0.114,0.031,36.2,7984000000,9624000000,771000000,None,102.75,115.66,5.8824,21921000000,9264000000,8146000000,14437000000,12657000000,6291000000,17336000000,7355000000,46.59,-7000000,123.37,67.31
2025-12-28,JCI,2.62,23595999000.0,46.59,None,1.417,21.15,195000000,None,293000000,293000000,-249000000,-313000000,None,None,-52000000,None,None,None,8000000,679000000,None,11427000000,11427000000,4216000000,None,None,5697000000,None,None,1182000000,167000000,1.51,0.0124,105000000,105000000,None,1.813,0.07,1413000000,2595000000,1.19,2010-09-30,26.81,5910000000,8592000000.0,5909000000,1134000000,310000000,799000000,799000000,None,279000000,None,1731000000,None,None,4166000000,None,None,477000000,None,None,None,0.153,66000000,4475000000,1434000000,1543000000,3124000000,None,None,None,None,None,None,None,1.529,5.77,3.385,None,None,None,None,None,-608000000,None,0.14,None,3968000000,2025-11-12,quarterly,1.26,USD,pre-market,420000000,5715000000,0.0461,0.114,0.031,36.2,7984000000,9624000000,771000000,None,102.75,115.66,5.8824,21921000000,9264000000,8146000000,14437000000,12657000000,6291000000,17336000000,7355000000,46.59,-7000000,123.37,67.31
2025-12-28,JCI,2.62,23595999000.0,46.59,None,1.417,21.15,271000000,None,293000000,293000000,-83000000,-285000000,None,None,-111000000,None,None,None,8000000,679000000,None,11427000000,11427000000,4216000000,None,None,5697000000,None,None,1182000000,168000000,1.51,0.0124,87000000,87000000,None,1.813,0.07,1413000000,2595000000,1.19,2010-06-30,26.81,5910000000,8592000000.0,5909000000,1134000000,310000000,799000000,799000000,None,279000000,None,1731000000,None,None,4166000000,None,None,426000000,None,None,None,0.153,427000000,4475000000,1434000000,1543000000,3124000000,None,None,None,None,None,None,None,1.529,5.77,3.385,None,None,None,None,None,-252000000,None,0.14,None,3968000000,2025-11-12,quarterly,1.26,USD,pre-market,420000000,5715000000,0.0461,0.114,0.031,36.2,7984000000,9624000000,771000000,None,102.75,115.66,5.8824,21921000000,9264000000,8146000000,14437000000,12657000000,6291000000,17336000000,7355000000,46.59,-7000000,123.37,67.31
2025-12-28,JCI,2.62,23595999000.0,46.59,None,1.417,21.15,112000000,None,293000000,293000000,-117000000,-185000000,None,None,-41000000,None,None,None,8000000,679000000,None,11427000000,11427000000,4216000000,None,None,5697000000,None,None,1182000000,176000000,1.51,0.0124,87000000,87000000,None,1.813,0.07,1413000000,2595000000,1.19,2010-03-31,26.81,5910000000,8592000000.0,5909000000,1134000000,310000000,799000000,799000000,None,279000000,None,1731000000,None,None,4166000000,None,None,297000000,None,None,None,0.153,213000000,4475000000,1434000000,1543000000,3124000000,None,None,None,None,None,None,None,1.529,5.77,3.385,None,None,None,None,None,3000000,None,0.14,None,3968000000,2025-11-12,quarterly,1.26,USD,pre-market,420000000,5715000000,0.0461,0.114,0.031,36.2,7984000000,9624000000,771000000,None,102.75,115.66,5.8824,21921000000,9264000000,8146000000,14437000000,12657000000,6291000000,17336000000,7355000000,46.59,-7000000,123.37,67.31
2025-12-28,JCI,2.62,23595999000.0,46.59,None,1.417,21.15,199000000,None,293000000,293000000,-601000000,-185000000,None,None,-56000000,None,None,None,8000000,679000000,None,11427000000,11427000000,4216000000,None,None,5697000000,None,None,1182000000,180000000,1.51,0.0124,77000000,77000000,None,1.813,0.07,1413000000,2595000000,1.19,2009-12-31,26.81,5910000000,8592000000.0,5909000000,1134000000,310000000,799000000,799000000,None,279000000,None,1731000000,None,None,4166000000,None,None,366000000,None,None,None,0.153,808000000,4475000000,1434000000,1543000000,3124000000,None,None,None,None,None,None,None,1.529,5.77,3.385,None,None,None,None,None,6000000,None,0.14,None,3968000000,2025-11-12,quarterly,1.26,USD,pre-market,420000000,5715000000,0.0461,0.114,0.031,36.2,7984000000,9624000000,771000000,None,102.75,115.66,5.8824,21921000000,9264000000,8146000000,14437000000,12657000000,6291000000,17336000000,7355000000,46.59,-7000000,123.37,67.31
2025-12-28,JCI,2.62,23595999000.0,46.59,None,1.417,21.15,50000000,None,293000000,293000000,-196000000,-154000000,None,None,81000000,None,None,None,8000000,679000000,None,11427000000,11427000000,4216000000,None,None,5697000000,None,None,1182000000,184000000,1.51,0.0124,78000000,78000000,None,1.813,0.07,1413000000,2595000000,1.19,2009-09-30,26.81,5910000000,8592000000.0,5909000000,1134000000,310000000,799000000,799000000,None,279000000,None,1731000000,None,None,4166000000,None,None,300000000,None,None,None,0.153,558000000,4475000000,1434000000,1543000000,3124000000,None,None,None,None,None,None,None,1.529,5.77,3.385,None,None,None,None,None,0,None,0.14,None,3968000000,2025-11-12,quarterly,1.26,USD,pre-market,420000000,5715000000,0.0461,0.114,0.031,36.2,7984000000,9624000000,771000000,None,102.75,115.66,5.8824,21921000000,9264000000,8146000000,14437000000,12657000000,6291000000,17336000000,7355000000,46.59,-7000000,123.37,67.31
2025-12-28,JCI,2.62,23595999000.0,46.59,None,1.417,21.15,171000000,None,293000000,293000000,-123000000,-139000000,None,None,135000000,None,None,None,8000000,679000000,None,11427000000,11427000000,4216000000,None,None,5697000000,None,None,1182000000,180000000,1.51,0.0124,77000000,77000000,None,1.813,0.07,1413000000,2595000000,1.19,2009-06-30,26.81,5910000000,8592000000.0,5909000000,1134000000,310000000,799000000,799000000,None,279000000,None,1731000000,None,None,4166000000,None,None,167000000,None,None,None,0.153,494000000,4475000000,1434000000,1543000000,3124000000,None,None,None,None,None,None,None,1.529,5.77,3.385,None,None,None,None,None,0,None,0.14,None,3968000000,2025-11-12,quarterly,1.26,USD,pre-market,420000000,5715000000,0.0461,0.114,0.031,36.2,7984000000,9624000000,771000000,None,102.75,115.66,5.8824,21921000000,9264000000,8146000000,14437000000,12657000000,6291000000,17336000000,7355000000,46.59,-7000000,123.37,67.31
2025-12-28,JCI,2.62,23595999000.0,46.59,None,1.417,21.15,158000000,None,293000000,293000000,105000000,-178000000,None,None,263000000,None,None,None,8000000,679000000,None,11427000000,11427000000,4216000000,None,None,5697000000,None,None,1182000000,191000000,1.51,0.0124,77000000,77000000,None,1.813,0.07,1413000000,2595000000,1.19,2009-03-31,26.81,5910000000,8592000000.0,5909000000,1134000000,310000000,799000000,799000000,None,279000000,None,1731000000,None,None,4166000000,None,None,-212000000,None,None,None,0.153,182000000,4475000000,1434000000,1543000000,3124000000,None,None,None,None,None,None,None,1.529,5.77,3.385,None,None,None,None,None,1000000,None,0.14,None,3968000000,2025-11-12,quarterly,1.26,USD,pre-market,420000000,5715000000,0.0461,0.114,0.031,36.2,7984000000,9624000000,771000000,None,102.75,115.66,5.8824,21921000000,9264000000,8146000000,14437000000,12657000000,6291000000,17336000000,7355000000,46.59,-7000000,123.37,67.31
2025-12-28,JCI,2.62,23595999000.0,46.59,None,1.417,21.15,268000000,None,293000000,293000000,492000000,-357000000,None,None,78000000,None,None,None,8000000,679000000,None,11427000000,11427000000,4216000000,None,None,5697000000,None,None,1182000000,190000000,1.51,0.0124,77000000,77000000,None,1.813,0.07,1413000000,2595000000,1.19,2008-12-31,26.81,5910000000,8592000000.0,5909000000,1134000000,310000000,799000000,799000000,None,279000000,None,1731000000,None,None,4166000000,None,None,-608000000,None,None,None,0.153,-317000000,4475000000,1434000000,1543000000,3124000000,None,None,None,None,None,None,None,1.529,5.77,3.385,None,None,None,None,None,-3000000,None,0.14,None,3968000000,2025-11-12,quarterly,1.26,USD,pre-market,420000000,5715000000,0.0461,0.114,0.031,36.2,7984000000,9624000000,771000000,None,102.75,115.66,5.8824,21921000000,9264000000,8146000000,14437000000,12657000000,6291000000,17336000000,7355000000,46.59,-7000000,123.37,67.31
2025-12-28,JCI,2.62,23595999000.0,46.59,None,1.417,21.15,256000000,None,293000000,293000000,-225000000,-494000000,None,None,158000000,None,None,None,8000000,679000000,None,11427000000,11427000000,4216000000,None,None,5697000000,None,None,1182000000,202000000,1.51,0.0124,77000000,77000000,None,1.813,0.07,1413000000,2595000000,1.19,2008-09-30,26.81,5910000000,8592000000.0,5909000000,1134000000,310000000,799000000,799000000,None,279000000,None,1731000000,None,None,4166000000,None,None,16000000,None,None,None,0.153,900000000,4475000000,1434000000,1543000000,3124000000,None,None,None,None,None,None,None,1.529,5.77,3.385,None,None,None,None,None,4000000,None,0.14,None,3968000000,2025-11-12,quarterly,1.26,USD,pre-market,420000000,5715000000,0.0461,0.114,0.031,36.2,7984000000,9624000000,771000000,None,102.75,115.66,5.8824,21921000000,9264000000,8146000000,14437000000,12657000000,6291000000,17336000000,7355000000,46.59,-7000000,123.37,67.31
2025-12-28,JCI,2.62,23595999000.0,46.59,None,1.417,21.15,207000000,None,293000000,293000000,-241000000,-288000000,None,None,-57000000,None,None,None,8000000,679000000,None,11427000000,11427000000,4216000000,None,None,5697000000,None,None,1182000000,196000000,1.51,0.0124,77000000,77000000,None,1.813,0.07,1413000000,2595000000,1.19,2008-06-30,26.81,5910000000,8592000000.0,5909000000,1134000000,310000000,799000000,799000000,None,279000000,None,1731000000,None,None,4166000000,None,None,439000000,None,None,None,0.153,552000000,4475000000,1434000000,1543000000,3124000000,None,None,None,None,None,None,None,1.529,5.77,3.385,None,None,None,None,None,-260000000,None,0.14,None,3968000000,2025-11-12,quarterly,1.26,USD,pre-market,420000000,5715000000,0.0461,0.114,0.031,36.2,7984000000,9624000000,771000000,None,102.75,115.66,5.8824,21921000000,9264000000,8146000000,14437000000,12657000000,6291000000,17336000000,7355000000,46.59,-7000000,123.37,67.31
2025-12-28,JCI,2.62,23595999000.0,46.59,None,1.417,21.15,174000000,None,293000000,293000000,-230000000,-242000000,None,None,-68000000,None,None,None,8000000,679000000,None,11427000000,11427000000,4216000000,None,None,5697000000,None,None,1182000000,194000000,1.51,0.0124,78000000,78000000,None,1.813,0.07,1413000000,2595000000,1.19,2008-03-31,26.81,5910000000,8592000000.0,5909000000,1134000000,310000000,799000000,799000000,None,279000000,None,1731000000,None,None,4166000000,None,None,289000000,None,None,None,0.153,298000000,4475000000,1434000000,1543000000,3124000000,None,None,None,None,None,None,None,1.529,5.77,3.385,None,None,None,None,None,-38000000,None,0.14,None,3968000000,2025-11-12,quarterly,1.26,USD,pre-market,420000000,5715000000,0.0461,0.114,0.031,36.2,7984000000,9624000000,771000000,None,102.75,115.66,5.8824,21921000000,9264000000,8146000000,14437000000,12657000000,6291000000,17336000000,7355000000,46.59,-7000000,123.37,67.31
2025-12-28,JCI,2.62,23595999000.0,46.59,None,1.417,21.15,187000000,None,293000000,293000000,-199000000,-246000000,None,None,-82000000,None,None,None,8000000,679000000,None,11427000000,11427000000,4216000000,None,None,5697000000,None,None,1182000000,191000000,1.51,0.0124,65000000,65000000,None,1.813,0.07,1413000000,2595000000,1.19,2007-12-31,26.81,5910000000,8592000000.0,5909000000,1134000000,310000000,799000000,799000000,None,279000000,None,1731000000,None,None,4166000000,None,None,235000000,None,None,None,0.153,178000000,4475000000,1434000000,1543000000,3124000000,None,None,None,None,None,None,None,1.529,5.77,3.385,None,None,None,None,None,-35000000,None,0.14,None,3968000000,2025-11-12,quarterly,1.26,USD,pre-market,420000000,5715000000,0.0461,0.114,0.031,36.2,7984000000,9624000000,771000000,None,102.75,115.66,5.8824,21921000000,9264000000,8146000000,14437000000,12657000000,6291000000,17336000000,7355000000,46.59,-7000000,123.37,67.31
2025-12-28,JCI,2.62,23595999000.0,46.59,None,1.417,21.15,246000000,None,293000000,293000000,-228000000,-414000000,None,None,42000000,None,None,None,8000000,679000000,None,11427000000,11427000000,4216000000,None,None,5697000000,None,None,1182000000,164000000,1.51,0.0124,596000000,596000000,None,1.813,0.07,1413000000,2595000000,1.19,2007-09-30,26.81,5910000000,8592000000.0,5909000000,1134000000,310000000,799000000,799000000,None,279000000,None,1731000000,None,None,4166000000,None,None,-753000000,None,None,None,0.153,1066000000,4475000000,1434000000,1543000000,3124000000,None,None,None,None,None,None,None,1.529,5.77,3.385,None,None,None,None,None,-41000000,None,0.14,None,3968000000,2025-11-12,quarterly,1.26,USD,pre-market,420000000,5715000000,0.0461,0.114,0.031,36.2,7984000000,9624000000,771000000,None,102.75,115.66,5.8824,21921000000,9264000000,8146000000,14437000000,12657000000,6291000000,17336000000,7355000000,46.59,-7000000,123.37,67.31
2025-12-28,JCI,2.62,23595999000.0,46.59,None,1.417,21.15,141000000,None,293000000,293000000,-29000000,-194000000,None,None,-102000000,None,None,None,8000000,679000000,None,11427000000,11427000000,4216000000,None,None,5697000000,None,None,1182000000,194000000,1.51,0.0124,65000000,65000000,None,1.813,0.07,1413000000,2595000000,1.19,2007-06-30,26.81,5910000000,8592000000.0,5909000000,1134000000,310000000,799000000,799000000,None,279000000,None,1731000000,None,None,4166000000,None,None,396000000,None,None,None,0.153,240000000,4475000000,1434000000,1543000000,3124000000,None,None,None,None,None,None,None,1.529,5.77,3.385,None,None,None,None,None,-3000000,None,0.14,None,3968000000,2025-11-12,quarterly,1.26,USD,pre-market,420000000,5715000000,0.0461,0.114,0.031,36.2,7984000000,9624000000,771000000,None,102.75,115.66,5.8824,21921000000,9264000000,8146000000,14437000000,12657000000,6291000000,17336000000,7355000000,46.59,-7000000,123.37,67.31
2025-12-28,JCI,2.62,23595999000.0,46.59,None,1.417,21.15,211000000,None,293000000,293000000,-370000000,-165000000,None,None,-43000000,None,None,None,8000000,679000000,None,11427000000,11427000000,4216000000,None,None,5697000000,None,None,1182000000,188000000,1.51,0.0124,126000000,126000000,None,1.813,0.07,1413000000,2595000000,1.19,2007-03-31,26.81,5910000000,8592000000.0,5909000000,1134000000,310000000,799000000,799000000,None,279000000,None,1731000000,None,None,4166000000,None,None,228000000,None,None,None,0.153,455000000,4475000000,1434000000,1543000000,3124000000,None,None,None,None,None,None,None,1.529,5.77,3.385,None,None,None,None,None,84000000,None,0.14,None,3968000000,2025-11-12,quarterly,1.26,USD,pre-market,420000000,5715000000,0.0461,0.114,0.031,36.2,7984000000,9624000000,771000000,None,102.75,115.66,5.8824,21921000000,9264000000,8146000000,14437000000,12657000000,6291000000,17336000000,7355000000,46.59,-7000000,123.37,67.31
2025-12-28,JCI,2.62,23595999000.0,46.59,None,1.417,21.15,230000000,None,293000000,293000000,85000000,-278000000,None,None,-47000000,None,None,None,8000000,679000000,None,11427000000,11427000000,4216000000,None,None,5697000000,None,None,1182000000,186000000,1.51,0.0124,4000000,4000000,None,1.813,0.07,1413000000,2595000000,1.19,2006-12-31,26.81,5910000000,8592000000.0,5909000000,1134000000,310000000,799000000,799000000,None,279000000,None,1731000000,None,None,4166000000,None,None,162000000,None,None,None,0.153,152000000,4475000000,1434000000,1543000000,3124000000,None,None,None,None,None,None,None,1.529,5.77,3.385,None,None,None,None,None,-660000000,None,0.14,None,3968000000,2025-11-12,quarterly,1.26,USD,pre-market,420000000,5715000000,0.0461,0.114,0.031,36.2,7984000000,9624000000,771000000,None,102.75,115.66,5.8824,21921000000,9264000000,8146000000,14437000000,12657000000,6291000000,17336000000,7355000000,46.59,-7000000,123.37,67.31
2025-12-28,JCI,2.62,23595999000.0,46.59,None,1.417,21.15,273000000,None,293000000,293000000,-383000000,-99000000,None,None,83000000,None,None,None,8000000,679000000,None,11427000000,11427000000,4216000000,None,None,5697000000,None,None,1182000000,181000000,1.51,0.0124,55000000,55000000,None,1.813,0.07,1413000000,2595000000,1.19,2006-09-30,26.81,5910000000,8592000000.0,5909000000,1134000000,310000000,799000000,799000000,None,279000000,None,1731000000,None,None,4166000000,None,None,360000000,None,None,None,0.153,355000000,4475000000,1434000000,1543000000,3124000000,None,None,None,None,None,None,None,1.529,5.77,3.385,None,None,None,None,None,-577000000,None,0.14,None,3968000000,2025-11-12,quarterly,1.26,USD,pre-market,420000000,5715000000,0.0461,0.114,0.031,36.2,7984000000,9624000000,771000000,None,102.75,115.66,5.8824,21921000000,9264000000,8146000000,14437000000,12657000000,6291000000,17336000000,7355000000,46.59,-7000000,123.37,67.31
2025-12-28,JCI,2.62,23595999000.0,46.59,None,1.417,21.15,176000000,None,293000000,293000000,-244000000,-207000000,None,None,-119000000,None,None,None,8000000,679000000,None,11427000000,11427000000,4216000000,None,None,5697000000,None,None,1182000000,178000000,1.51,0.0124,54000000,54000000,None,1.813,0.07,1413000000,2595000000,1.19,2006-06-30,26.81,5910000000,8592000000.0,5909000000,1134000000,310000000,799000000,799000000,None,279000000,None,1731000000,None,None,4166000000,None,None,338000000,None,None,None,0.153,677000000,4475000000,1434000000,1543000000,3124000000,None,None,None,None,None,None,None,1.529,5.77,3.385,None,None,None,None,None,-1032000000,None,0.14,None,3968000000,2025-11-12,quarterly,1.26,USD,pre-market,420000000,5715000000,0.0461,0.114,0.031,36.2,7984000000,9624000000,771000000,None,102.75,115.66,5.8824,21921000000,9264000000,8146000000,14437000000,12657000000,6291000000,17336000000,7355000000,46.59,-7000000,123.37,67.31
2025-12-28,JCI,2.62,23595999000.0,46.59,None,1.417,21.15,193000000,None,293000000,293000000,-156000000,-227800000,None,None,-53000000,None,None,None,8000000,679000000,None,11427000000,11427000000,4216000000,None,None,5697000000,None,None,1182000000,181000000,1.51,0.0124,105000000,105000000,None,1.813,0.07,1413000000,2595000000,1.19,2006-03-31,26.81,5910000000,8592000000.0,5909000000,1134000000,310000000,799000000,799000000,None,279000000,None,1731000000,None,None,4166000000,None,None,165000000,None,None,None,0.153,371000000,4475000000,1434000000,1543000000,3124000000,None,None,None,None,None,None,None,1.529,5.77,3.385,None,None,None,None,None,-527000000,None,0.14,None,3968000000,2025-11-12,quarterly,1.26,USD,pre-market,420000000,5715000000,0.0461,0.114,0.031,36.2,7984000000,9624000000,771000000,None,102.75,115.66,5.8824,21921000000,9264000000,8146000000,14437000000,12657000000,6291000000,17336000000,7355000000,46.59,-7000000,123.37,67.31
2025-12-28,JCI,2.62,23595999000.0,46.59,None,1.417,21.15,69000000,None,293000000,293000000,2524000000,-2542200000,None,None,12000000,None,None,None,8000000,679000000,None,11427000000,11427000000,4216000000,None,None,5697000000,None,None,1182000000,165000000,1.51,0.0124,4000000,4000000,None,1.813,0.07,1413000000,2595000000,1.19,2005-12-31,26.81,5910000000,8592000000.0,5909000000,1134000000,310000000,799000000,799000000,None,279000000,None,1731000000,None,None,4166000000,None,None,165000000,None,None,None,0.153,14000000,4475000000,1434000000,1543000000,3124000000,None,None,None,None,None,None,None,1.529,5.77,3.385,None,None,None,None,None,-216000000,None,0.14,None,3968000000,2025-11-12,quarterly,1.26,USD,pre-market,420000000,5715000000,0.0461,0.114,0.031,36.2,7984000000,9624000000,771000000,None,102.75,115.66,5.8824,21921000000,9264000000,8146000000,14437000000,12657000000,6291000000,17336000000,7355000000,46.59,-7000000,123.37,67.31
2025-12-28,JCI,2.62,23595999000.0,46.59,None,1.417,21.15,267800000,None,293000000,293000000,55000000,-351500000,None,None,2700000,None,None,None,8000000,679000000,None,11427000000,11427000000,4216000000,None,None,5697000000,None,None,1182000000,154600000,1.51,0.0124,48100000,48100000,None,1.813,0.07,1413000000,2595000000,1.19,2005-09-30,26.81,5910000000,8592000000.0,5909000000,1134000000,310000000,799000000,799000000,None,279000000,None,1731000000,None,None,4166000000,None,None,131600000,None,None,None,0.153,192600000,4475000000,1434000000,1543000000,3124000000,None,None,None,None,None,None,None,1.529,5.77,3.385,None,None,None,None,None,-244000000,None,0.14,None,3968000000,2025-11-12,quarterly,1.26,USD,pre-market,420000000,5715000000,0.0461,0.114,0.031,36.2,7984000000,9624000000,771000000,None,102.75,115.66,5.8824,21921000000,9264000000,8146000000,14437000000,12657000000,6291000000,17336000000,7355000000,46.59,-7000000,123.37,67.31
2025-12-28,JCI,2.62,23595999000.0,46.59,None,1.417,21.15,434000000,None,293000000,293000000,-7388000000,6134000000,None,None,-75000000,None,None,None,8000000,679000000,None,11427000000,11427000000,4216000000,None,None,5697000000,None,None,1182000000,865000000,1.51,0.0124,976000000,976000000,None,1.813,0.07,1413000000,2595000000,1.19,2025-09-30,26.81,5910000000,8592000000.0,5909000000,1134000000,310000000,799000000,799000000,None,279000000,None,1731000000,None,None,4166000000,None,None,1721000000,None,None,None,0.153,1399000000,4475000000,1434000000,1543000000,3124000000,None,None,None,None,None,None,None,1.529,5.77,3.385,None,None,None,None,None,-5991000000,None,0.14,None,3968000000,2025-11-12,annual,1.26,USD,pre-market,420000000,5715000000,0.0461,0.114,0.031,36.2,7984000000,9624000000,771000000,None,102.75,115.66,5.8824,21921000000,9264000000,8146000000,14437000000,12657000000,6291000000,17336000000,7355000000,46.59,-7000000,123.37,67.31
2025-12-28,JCI,2.62,23595999000.0,46.59,None,1.417,21.15,494000000,None,293000000,293000000,-2080000000,-221000000,None,None,-17000000,None,None,None,8000000,679000000,None,11427000000,11427000000,4216000000,None,None,5697000000,None,None,1182000000,816000000,1.51,0.0124,1000000000,1000000000,None,1.813,0.07,1413000000,2595000000,1.19,2024-09-30,26.81,5910000000,8592000000.0,5909000000,1134000000,310000000,799000000,799000000,None,279000000,None,1731000000,None,None,4166000000,None,None,1411000000,None,None,None,0.153,2098000000,4475000000,1434000000,1543000000,3124000000,None,None,None,None,None,None,None,1.529,5.77,3.385,None,None,None,None,None,-1246000000,None,0.14,None,3968000000,2025-11-12,annual,1.26,USD,pre-market,420000000,5715000000,0.0461,0.114,0.031,36.2,7984000000,9624000000,771000000,None,102.75,115.66,5.8824,21921000000,9264000000,8146000000,14437000000,12657000000,6291000000,17336000000,7355000000,46.59,-7000000,123.37,67.31
2025-12-28,JCI,2.62,23595999000.0,46.59,None,1.417,21.15,539000000,None,293000000,293000000,-2174000000,-1184000000,None,None,-81000000,None,None,None,8000000,679000000,None,11427000000,11427000000,4216000000,None,None,5697000000,None,None,1182000000,848000000,1.51,0.0124,980000000,980000000,None,1.813,0.07,1413000000,2595000000,1.19,2023-09-30,26.81,5910000000,8592000000.0,5909000000,1134000000,310000000,799000000,799000000,None,279000000,None,1731000000,None,None,4166000000,None,None,2033000000,None,None,None,0.153,2221000000,4475000000,1434000000,1543000000,3124000000,None,None,None,None,None,None,None,1.529,5.77,3.385,None,None,None,None,None,-625000000,None,0.14,None,3968000000,2025-11-12,annual,1.26,USD,pre-market,420000000,5715000000,0.0461,0.114,0.031,36.2,7984000000,9624000000,771000000,None,102.75,115.66,5.8824,21921000000,9264000000,8146000000,14437000000,12657000000,6291000000,17336000000,7355000000,46.59,-7000000,123.37,67.31
2025-12-28,JCI,2.62,23595999000.0,46.59,None,1.417,21.15,592000000,None,293000000,293000000,-516000000,-693000000,781000000,None,-773000000,None,None,-427000000,8000000,679000000,None,11427000000,11427000000,4216000000,None,None,5697000000,None,None,1182000000,830000000,1.51,0.0124,916000000,916000000,None,1.813,0.07,1413000000,2595000000,1.19,2022-09-30,26.81,5910000000,8592000000.0,5909000000,1134000000,310000000,799000000,799000000,None,279000000,None,1731000000,None,None,4166000000,None,None,1723000000,None,None,None,0.153,1986000000,4475000000,1434000000,1543000000,3124000000,None,None,None,None,None,None,None,1.529,5.77,3.385,None,None,None,None,None,-1441000000,None,0.14,None,3968000000,2025-11-12,annual,1.26,USD,pre-market,420000000,5715000000,0.0461,0.114,0.031,36.2,7984000000,9624000000,771000000,None,102.75,115.66,5.8824,21921000000,9264000000,8146000000,14437000000,12657000000,6291000000,17336000000,7355000000,46.59,-7000000,123.37,67.31
2025-12-28,JCI,2.62,23595999000.0,46.59,None,1.417,21.15,552000000,None,293000000,293000000,-2131000000,-1090000000,-554000000,116000000,-219000000,None,None,-143000000,8000000,679000000,None,11427000000,11427000000,4216000000,None,None,5697000000,None,None,1182000000,845000000,1.51,0.0124,762000000,762000000,None,1.813,0.07,1413000000,2595000000,1.19,2021-09-30,26.81,5910000000,8592000000.0,5909000000,1134000000,310000000,799000000,799000000,None,279000000,None,1731000000,None,None,4166000000,None,None,1746000000,None,None,None,0.153,2487000000,4475000000,1434000000,1543000000,3124000000,None,None,None,None,None,None,None,1.529,5.77,3.385,None,None,None,None,None,-1307000000,None,0.14,None,3968000000,2025-11-12,annual,1.26,USD,pre-market,420000000,5715000000,0.0461,0.114,0.031,36.2,7984000000,9624000000,771000000,None,102.75,115.66,5.8824,21921000000,9264000000,8146000000,14437000000,12657000000,6291000000,17336000000,7355000000,46.59,-7000000,123.37,67.31
2025-12-28,JCI,2.62,23595999000.0,46.59,None,1.417,21.15,96000000,None,293000000,293000000,-1508000000,-258000000,-488000000,115000000,250000000,None,None,534000000,8000000,679000000,None,11427000000,11427000000,4216000000,None,None,5697000000,None,None,1182000000,206000000,1.51,0.0124,194000000,194000000,None,1.813,0.07,1413000000,2595000000,1.19,2020-09-30,26.81,5910000000,8592000000.0,5909000000,1134000000,310000000,799000000,799000000,None,279000000,None,1731000000,None,None,4166000000,None,None,490000000,None,None,None,0.153,975000000,4475000000,1434000000,1543000000,3124000000,None,None,None,None,None,None,None,1.529,5.77,3.385,None,None,None,None,None,-737000000,None,0.14,None,3968000000,2025-11-12,annual,1.26,USD,pre-market,420000000,5715000000,0.0461,0.114,0.031,36.2,7984000000,9624000000,771000000,None,102.75,115.66,5.8824,21921000000,9264000000,8146000000,14437000000,12657000000,6291000000,17336000000,7355000000,46.59,-7000000,123.37,67.31
2025-12-28,JCI,2.62,23595999000.0,46.59,None,1.417,21.15,586000000,None,293000000,293000000,-10554000000,12078000000,None,None,-72000000,None,None,None,8000000,679000000,None,11427000000,11427000000,4216000000,None,None,5697000000,None,None,1182000000,825000000,1.51,0.0124,920000000,920000000,None,1.813,0.07,1413000000,2595000000,1.19,2019-09-30,26.81,5910000000,8592000000.0,5909000000,1134000000,310000000,799000000,799000000,None,279000000,None,1731000000,None,None,4166000000,None,None,1289000000,None,None,None,0.153,1202000000,4475000000,1434000000,1543000000,3124000000,None,None,None,None,None,None,None,1.529,5.77,3.385,None,None,None,None,None,-5983000000,None,0.14,None,3968000000,2025-11-12,annual,1.26,USD,pre-market,420000000,5715000000,0.0461,0.114,0.031,36.2,7984000000,9624000000,771000000,None,102.75,115.66,5.8824,21921000000,9264000000,8146000000,14437000000,12657000000,6291000000,17336000000,7355000000,46.59,-7000000,123.37,67.31
2025-12-28,JCI,2.62,23595999000.0,46.59,None,1.417,21.15,645000000,None,293000000,293000000,-3752000000,1196000000,-121000000,-106000000,-103000000,None,None,-513000000,8000000,679000000,None,11427000000,11427000000,4216000000,None,None,5697000000,None,None,1182000000,824000000,1.51,0.0124,954000000,954000000,None,1.813,0.07,1413000000,2595000000,1.19,2018-09-30,26.81,5910000000,8592000000.0,5909000000,1134000000,310000000,799000000,799000000,None,279000000,None,1731000000,None,None,4166000000,None,None,1349000000,None,None,None,0.153,2516000000,4475000000,1434000000,1543000000,3124000000,None,None,None,None,None,None,None,1.529,5.77,3.385,None,None,None,None,None,-300000000,None,0.14,None,3968000000,2025-11-12,annual,1.26,USD,pre-market,420000000,5715000000,0.0461,0.114,0.031,36.2,7984000000,9624000000,771000000,None,102.75,115.66,5.8824,21921000000,9264000000,8146000000,14437000000,12657000000,6291000000,17336000000,7355000000,46.59,-7000000,123.37,67.31
2025-12-28,JCI,2.62,23595999000.0,46.59,None,1.417,21.15,760000000,None,293000000,293000000,-1352000000,-1137000000,-258000000,54000000,-51000000,None,None,-520000000,8000000,679000000,None,11427000000,11427000000,4216000000,None,None,5697000000,None,None,1182000000,919000000,1.51,0.0124,702000000,702000000,None,1.813,0.07,1413000000,2595000000,1.19,2017-09-30,26.81,5910000000,8592000000.0,5909000000,1134000000,310000000,799000000,799000000,None,279000000,None,1731000000,None,None,4166000000,None,None,829000000,None,None,None,0.153,12000000,4475000000,1434000000,1543000000,3124000000,None,None,None,None,None,None,None,1.529,5.77,3.385,None,None,None,None,None,-651000000,None,0.14,None,3968000000,2025-11-12,annual,1.26,USD,pre-market,420000000,5715000000,0.0461,0.114,0.031,36.2,7984000000,9624000000,771000000,None,102.75,115.66,5.8824,21921000000,9264000000,8146000000,14437000000,12657000000,6291000000,17336000000,7355000000,46.59,-7000000,123.37,67.31
2025-12-28,JCI,2.62,23595999000.0,46.59,None,1.417,21.15,1249000000,None,293000000,293000000,-946000000,-887000000,87000000,12000000,1000000,None,None,-344000000,8000000,679000000,None,11427000000,11427000000,4216000000,None,None,5697000000,None,None,1182000000,953000000,1.51,0.0124,915000000,915000000,None,1.813,0.07,1413000000,2595000000,1.19,2016-09-30,26.81,5910000000,8592000000.0,5909000000,1134000000,310000000,799000000,799000000,None,279000000,None,1731000000,None,None,4166000000,None,None,-652000000,None,None,None,0.153,1895000000,4475000000,1434000000,1543000000,3124000000,None,None,None,None,None,None,None,1.529,5.77,3.385,None,None,None,None,None,-501000000,None,0.14,None,3968000000,2025-11-12,annual,1.26,USD,pre-market,420000000,5715000000,0.0461,0.114,0.031,36.2,7984000000,9624000000,771000000,None,102.75,115.66,5.8824,21921000000,9264000000,8146000000,14437000000,12657000000,6291000000,17336000000,7355000000,46.59,-7000000,123.37,67.31
2025-12-28,JCI,2.62,23595999000.0,46.59,None,1.417,21.15,1135000000,None,293000000,293000000,-1821000000,470000000,509000000,-33000000,-99000000,None,None,-149000000,8000000,679000000,None,11427000000,11427000000,4216000000,None,None,5697000000,None,None,1182000000,860000000,1.51,0.0124,657000000,657000000,None,1.813,0.07,1413000000,2595000000,1.19,2015-09-30,26.81,5910000000,8592000000.0,5909000000,1134000000,310000000,799000000,799000000,None,279000000,None,1731000000,None,None,4166000000,None,None,1679000000,None,None,None,0.153,1600000000,4475000000,1434000000,1543000000,3124000000,None,None,None,None,None,None,None,1.529,5.77,3.385,None,None,None,None,None,-1362000000,None,0.14,None,3968000000,2025-11-12,annual,1.26,USD,pre-market,420000000,5715000000,0.0461,0.114,0.031,36.2,7984000000,9624000000,771000000,None,102.75,115.66,5.8824,21921000000,9264000000,8146000000,14437000000,12657000000,6291000000,17336000000,7355000000,46.59,-7000000,123.37,67.31
2025-12-28,JCI,2.62,23595999000.0,46.59,None,1.417,21.15,1199000000,None,293000000,293000000,-412000000,-2593000000,329000000,-20000000,-311000000,None,None,-93000000,8000000,679000000,None,11427000000,11427000000,4216000000,None,None,5697000000,None,None,1182000000,955000000,1.51,0.0124,568000000,568000000,None,1.813,0.07,1413000000,2595000000,1.19,2014-09-30,26.81,5910000000,8592000000.0,5909000000,1134000000,310000000,799000000,799000000,None,279000000,None,1731000000,None,None,4166000000,None,None,1343000000,None,None,None,0.153,912000000,4475000000,1434000000,1543000000,3124000000,None,None,None,None,None,None,None,1.529,5.77,3.385,None,None,None,None,None,-1249000000,None,0.14,None,3968000000,2025-11-12,annual,1.26,USD,pre-market,420000000,5715000000,0.0461,0.114,0.031,36.2,7984000000,9624000000,771000000,None,102.75,115.66,5.8824,21921000000,9264000000,8146000000,14437000000,12657000000,6291000000,17336000000,7355000000,46.59,-7000000,123.37,67.31
2025-12-28,JCI,2.62,23595999000.0,46.59,None,1.417,21.15,1377000000,None,293000000,293000000,-1214000000,-580000000,-311000000,-11000000,-97000000,None,None,-87000000,8000000,679000000,None,11427000000,11427000000,4216000000,None,None,5697000000,None,None,1182000000,952000000,1.51,0.0124,513000000,513000000,None,1.813,0.07,1413000000,2595000000,1.19,2013-09-30,26.81,5910000000,8592000000.0,5909000000,1134000000,310000000,799000000,799000000,None,279000000,None,1731000000,None,None,4166000000,None,None,1297000000,None,None,None,0.153,850000000,4475000000,1434000000,1543000000,3124000000,None,None,None,None,None,None,None,1.529,5.77,3.385,None,None,None,None,None,-350000000,None,0.14,None,3968000000,2025-11-12,annual,1.26,USD,pre-market,420000000,5715000000,0.0461,0.114,0.031,36.2,7984000000,9624000000,771000000,None,102.75,115.66,5.8824,21921000000,9264000000,8146000000,14437000000,12657000000,6291000000,17336000000,7355000000,46.59,-7000000,123.37,67.31
2025-12-28,JCI,2.62,23595999000.0,46.59,None,1.417,21.15,1831000000,None,293000000,293000000,207000000,-1792000000,None,None,109000000,None,None,None,8000000,679000000,None,11427000000,11427000000,4216000000,None,None,5697000000,None,None,1182000000,824000000,1.51,0.0124,477000000,477000000,None,1.813,0.07,1413000000,2595000000,1.19,2012-09-30,26.81,5910000000,8592000000.0,5909000000,1134000000,310000000,799000000,799000000,None,279000000,None,1731000000,None,None,4166000000,None,None,1310000000,None,None,None,0.153,2586000000,4475000000,1434000000,1543000000,3124000000,None,None,None,None,None,None,None,1.529,5.77,3.385,None,None,None,None,None,-102000000,None,0.14,None,3968000000,2025-11-12,annual,1.26,USD,pre-market,420000000,5715000000,0.0461,0.114,0.031,36.2,7984000000,9624000000,771000000,None,102.75,115.66,5.8824,21921000000,9264000000,8146000000,14437000000,12657000000,6291000000,17336000000,7355000000,46.59,-7000000,123.37,67.31
2025-12-28,JCI,2.62,23595999000.0,46.59,None,1.417,21.15,1325000000,None,293000000,293000000,1239000000,-2637000000,-375000000,-6000000,-388000000,None,None,-187000000,8000000,679000000,None,11427000000,11427000000,4216000000,None,None,5697000000,None,None,1182000000,731000000,1.51,0.0124,413000000,413000000,None,1.813,0.07,1413000000,2595000000,1.19,2011-09-30,26.81,5910000000,8592000000.0,5909000000,1134000000,310000000,799000000,799000000,None,279000000,None,1731000000,None,None,4166000000,None,None,1532000000,None,None,None,0.153,2428000000,4475000000,1434000000,1543000000,3124000000,None,None,None,None,None,None,None,1.529,5.77,3.385,None,None,None,None,None,-1300000000,None,0.14,None,3968000000,2025-11-12,annual,1.26,USD,pre-market,420000000,5715000000,0.0461,0.114,0.031,36.2,7984000000,9624000000,771000000,None,102.75,115.66,5.8824,21921000000,9264000000,8146000000,14437000000,12657000000,6291000000,17336000000,7355000000,46.59,-7000000,123.37,67.31
2025-12-28,JCI,2.62,23595999000.0,46.59,None,1.417,21.15,777000000,None,293000000,293000000,-895000000,-968000000,None,None,-260000000,None,None,None,8000000,679000000,None,11427000000,11427000000,4216000000,None,None,5697000000,None,None,1182000000,691000000,1.51,0.0124,416000000,416000000,None,1.813,0.07,1413000000,2595000000,1.19,2010-09-30,26.81,5910000000,8592000000.0,5909000000,1134000000,310000000,799000000,799000000,None,279000000,None,1731000000,None,None,4166000000,None,None,1382000000,None,None,None,0.153,2657000000,4475000000,1434000000,1543000000,3124000000,None,None,None,None,None,None,None,1.529,5.77,3.385,None,None,None,None,None,-900000000,None,0.14,None,3968000000,2025-11-12,annual,1.26,USD,pre-market,420000000,5715000000,0.0461,0.114,0.031,36.2,7984000000,9624000000,771000000,None,102.75,115.66,5.8824,21921000000,9264000000,8146000000,14437000000,12657000000,6291000000,17336000000,7355000000,46.59,-7000000,123.37,67.31
2025-12-28,JCI,2.62,23595999000.0,46.59,None,1.417,21.15,647000000,None,293000000,293000000,278000000,-828000000,None,None,557000000,None,None,None,8000000,679000000,None,11427000000,11427000000,4216000000,None,None,5697000000,None,None,1182000000,745000000,1.51,0.0124,388000000,388000000,None,1.813,0.07,1413000000,2595000000,1.19,2009-09-30,26.81,5910000000,8592000000.0,5909000000,1134000000,310000000,799000000,799000000,None,279000000,None,1731000000,None,None,4166000000,None,None,-350000000,None,None,None,0.153,2421000000,4475000000,1434000000,1543000000,3124000000,None,None,None,None,None,None,None,1.529,5.77,3.385,None,None,None,None,None,-3000000,None,0.14,None,3968000000,2025-11-12,annual,1.26,USD,pre-market,420000000,5715000000,0.0461,0.114,0.031,36.2,7984000000,9624000000,771000000,None,102.75,115.66,5.8824,21921000000,9264000000,8146000000,14437000000,12657000000,6291000000,17336000000,7355000000,46.59,-7000000,123.37,67.31
2025-12-28,JCI,2.62,23595999000.0,46.59,None,1.417,21.15,807000000,None,293000000,293000000,-895000000,-1270000000,None,None,-49000000,None,None,None,8000000,679000000,None,11427000000,11427000000,4216000000,None,None,5697000000,None,None,1182000000,783000000,1.51,0.0124,297000000,297000000,None,1.813,0.07,1413000000,2595000000,1.19,2008-09-30,26.81,5910000000,8592000000.0,5909000000,1134000000,310000000,799000000,799000000,None,279000000,None,1731000000,None,None,4166000000,None,None,979000000,None,None,None,0.153,-890000000,4475000000,1434000000,1543000000,3124000000,None,None,None,None,None,None,None,1.529,5.77,3.385,None,None,None,None,None,-69000000,None,0.14,None,3968000000,2025-11-12,annual,1.26,USD,pre-market,420000000,5715000000,0.0461,0.114,0.031,36.2,7984000000,9624000000,771000000,None,102.75,115.66,5.8824,21921000000,9264000000,8146000000,14437000000,12657000000,6291000000,17336000000,7355000000,46.59,-7000000,123.37,67.31
2025-12-28,JCI,2.62,23595999000.0,46.59,None,1.417,21.15,828000000,None,293000000,293000000,-542000000,-1051000000,None,None,-150000000,None,None,None,8000000,679000000,None,11427000000,11427000000,4216000000,None,None,5697000000,None,None,1182000000,732000000,1.51,0.0124,195000000,195000000,None,1.813,0.07,1413000000,2595000000,1.19,2007-09-30,26.81,5910000000,8592000000.0,5909000000,1134000000,310000000,799000000,799000000,None,279000000,None,1731000000,None,None,4166000000,None,None,33000000,None,None,None,0.153,4312000000,4475000000,1434000000,1543000000,3124000000,None,None,None,None,None,None,None,1.529,5.77,3.385,None,None,None,None,None,-26000000,None,0.14,None,3968000000,2025-11-12,annual,1.26,USD,pre-market,420000000,5715000000,0.0461,0.114,0.031,36.2,7984000000,9624000000,771000000,None,102.75,115.66,5.8824,21921000000,9264000000,8146000000,14437000000,12657000000,6291000000,17336000000,7355000000,46.59,-7000000,123.37,67.31
2025-12-28,JCI,2.62,23595999000.0,46.59,None,1.417,21.15,711000000,None,293000000,293000000,1741000000,-3076000000,None,None,-77000000,None,None,None,8000000,679000000,None,11427000000,11427000000,4216000000,None,None,5697000000,None,None,1182000000,705000000,1.51,0.0124,218000000,218000000,None,1.813,0.07,1413000000,2595000000,1.19,2006-09-30,26.81,5910000000,8592000000.0,5909000000,1134000000,310000000,799000000,799000000,None,279000000,None,1731000000,None,None,4166000000,None,None,3713000000,None,None,None,0.153,5567000000,4475000000,1434000000,1543000000,3124000000,None,None,None,None,None,None,None,1.529,5.77,3.385,None,None,None,None,None,-2544000000,None,0.14,None,3968000000,2025-11-12,annual,1.26,USD,pre-market,420000000,5715000000,0.0461,0.114,0.031,36.2,7984000000,9624000000,771000000,None,102.75,115.66,5.8824,21921000000,9264000000,8146000000,14437000000,12657000000,6291000000,17336000000,7355000000,46.59,-7000000,123.37,67.31
