date,symbol,eps,revenue_ttm,accumulateddepreciationamortizationppe,beta,book_value,capitalexpenditures,capitalleaseobligations,cashandcashequivalentsatcarryingvalue,cashandshortterminvestments,cashflowfromfinancing,cashflowfrominvestment,changeincashandcashequivalents,changeinexchangerate,changeininventory,changeinoperatingassets,changeinoperatingliabilities,changeinreceivables,commonstock,commonstocksharesoutstanding,comprehensiveincomenetoftax,costofgoodsandservicessold,costofrevenue,currentaccountspayable,currentdebt,currentlongtermdebt,currentnetreceivables,deferredrevenue,depreciation,depreciationandamortization,depreciationdepletionandamortization,dividend_per_share,dividend_yield,dividendpayout,dividendpayoutcommonstock,dividendpayoutpreferredstock,earnings_growth_yoy,earnings_surprise,ebit,ebitda,estimated_eps,fiscaldateending,forward_pe,goodwill,gross_profit_ttm,grossprofit,incomebeforetax,incometaxexpense,intangibleassets,intangibleassetsexcludinggoodwill,interestanddebtexpense,interestexpense,interestincome,inventory,investmentincomenet,investments,longtermdebt,longtermdebtnoncurrent,longterminvestments,netincome,netincomefromcontinuingoperations,netinterestincome,noninterestincome,operating_margin_ttm,operatingcashflow,operatingexpenses,operatingincome,othercurrentassets,othercurrentliabilities,othernoncurrentassets,othernoncurrentliabilities,othernonoperatingincome,paymentsforoperatingactivities,paymentsforrepurchaseofcommonstock,paymentsforrepurchaseofequity,paymentsforrepurchaseofpreferredstock,peg_ratio,price_to_book,price_to_sales_ttm,proceedsfromissuanceofcommonstock,proceedsfromissuanceoflongtermdebtandcapitalsecuritiesnet,proceedsfromissuanceofpreferredstock,proceedsfromoperatingactivities,proceedsfromrepaymentsofshorttermdebt,proceedsfromrepurchaseofequity,proceedsfromsaleoftreasurystock,profit_margin,profitloss,propertyplantequipment,report_date,report_type,reported_eps,reportedcurrency,reporttime,researchanddevelopment,retainedearnings,return_on_assets_ttm,return_on_equity_ttm,revenue_growth_yoy,revenue_per_share_ttm,sellinggeneralandadministrative,shortlongtermdebttotal,shorttermdebt,shortterminvestments,sma_200,sma_50,surprise_pct,totalassets,totalcurrentassets,totalcurrentliabilities,totalliabilities,totalnoncurrentassets,totalnoncurrentliabilities,totalrevenue,totalshareholderequity,treasurystock,week_52_high,week_52_low
2012-09-30,KHC,,,,,,,,,,,,,,,,,,,,,,,,,,,,,,,,,,,,,0.0,,,,,,,,,,,,,,,,,,,,,,,,,,,,,,,,,,,,,,,,,,,,,,,,,,,,2012-11-07,,0.7939,,pre-market,,,,,,,,,,,,,,,,,,,,,,,,
2012-12-31,KHC,,,,,,,,,,,,,,,,,,,,,,,,,,,,,,,,,,,,,0.0,,,,,,,,,,,,,,,,,,,,,,,,,,,,,,,,,,,,,,,,,,,,,,,,,,,,2013-03-21,,0.1603,,pre-market,,,,,,,,,,,,,,,,,,,,,,,,
2013-03-31,KHC,,,,,,,,,,,,,,,,,,,,,,,,,,,,,,,,,,,,,0.0,,,,,,,,,,,,,,,,,,,,,,,,,,,,,,,,,,,,,,,,,,,,,,,,,,,,2013-05-03,,0.7605,,pre-market,,,,,,,,,,,,,,,,,,,,,,,,
2013-06-30,KHC,,,,,,,,,,,,,,,,,,,,,,,,,,,,,,,,,,,,,0.0,,,,,,,,,,,,,,,,,,,,,,,,,,,,,,,,,,,,,,,,,,,,,,,,,,,,2013-08-02,,1.3773,,pre-market,,,,,,,,,,,,,,,,,,,,,,,,
2013-09-30,KHC,,,,,,,,,,,,,,,,,,,,,,,,,,,,,,,,,,,,,0.08,,,0.62,,,,,,,,,,,,,,,,,,,,,,,,,,,,,,,,,,,,,,,,,,,,,,,,,2013-10-30,,0.7,,pre-market,,,,,,,,,,,,,12.9032,,,,,,,,,,,
2013-12-31,KHC,,,,,,,,,,,,,,,,,,,,,,,,,,,,,,,,,,,,,-0.18,,,0.61,,,,,,,,,,,,,,,,,,,,,,,,,,,,,,,,,,,,,,,,,,,,,,,,,2014-02-13,,0.43,,pre-market,,,,,,,,,,,,,-29.5082,,,,,,,,,,,
2014-03-31,KHC,,,,,,,,,,,,,,,,,,,,,,,,,,,,,,,,,,,,,0.07,,,0.76,,,,,,,,,,,,,,,,,,,,,,,,,,,,,,,,,,,,,,,,,,,,,,,,,2014-05-01,,0.83,,pre-market,,,,,,,,,,,,,9.2105,,,,,,,,,,,
2014-06-30,KHC,,,,,,,,,,,,,,,,,,,,,,,,,,,,,,,,,,,,,-0.02,,,0.82,,,,,,,,,,,,,,,,,,,,,,,,,,,,,,,,,,,,,,,,,,,,,,,,,2014-07-30,,0.8,,pre-market,,,,,,,,,,,,,-2.439,,,,,,,,,,,
2014-09-30,KHC,,,,,,,,,,,,,,,,,,,,,,,,,,,,,,,,,,,,,0.04,,,0.73,,,,,,,,,,,,,,,,,,,,,,,,,,,,,,,,,,,,,,,,,,,,,,,,,2014-10-29,,0.77,,pre-market,,,,,,,,,,,,,5.4795,,,,,,,,,,,
2014-12-31,KHC,,,,,,,,,,,,,,,,,,,,,,,,,,,,,,,,,,,,,0.02,,,0.73,,,,,,,,,,,,,,,,,,,,,,,,,,,,,,,,,,,,,,,,,,,,,,,,,2015-02-12,,0.75,,pre-market,,,,,,,,,,,,,2.7397,,,,,,,,,,,
2015-03-31,KHC,,,,,,,,,,,,,,,,,,,,,,,,,,,,,,,,,,,,,0.05,,,0.81,,,,,,,,,,,,,,,,,,,,,,,,,,,,,,,,,,,,,,,,,,,,,,,,,2015-04-22,,0.86,,pre-market,,,,,,,,,,,,,6.1728,,,,,,,,,,,
2015-06-30,KHC,,,,,,,,,,,,,,,,,,,,,,,,,,,,,,,,,,,,,0.14,,,0.84,,,,,,,,,,,,,,,,,,,,,,,,,,,,,,,,,,,,,,,,,,,,,,,,,2015-08-10,,0.98,,post-market,,,,,,,,,,,,,16.6667,,,,,,,,,,,
2015-09-30,KHC,,,,,,,,,,,,,,,,,,,,,,,,,,,,,,,,,,,,,-0.18,,,0.62,,,,,,,,,,,,,,,,,,,,,,,,,,,,,,,,,,,,,,,,,,,,,,,,,2015-11-05,,0.44,,post-market,,,,,,,,,,,,,-29.0323,,,,,,,,,,,
2015-12-31,KHC,,,,,,,,,,,,,,,,,,,,,,,,,,,,,,,,,,,,,0.04,,,0.58,,,,,,,,,,,,,,,,,,,,,,,,,,,,,,,,,,,,,,,,,,,,,,,,,2016-02-25,,0.62,,post-market,,,,,,,,,,,,,6.8966,,,,,,,,,,,
2016-03-31,KHC,,,,,,,,,,,,,,,,,,,,,,,,,,,,,,,,,,,,,0.11,,,0.62,,,,,,,,,,,,,,,,,,,,,,,,,,,,,,,,,,,,,,,,,,,,,,,,,2016-05-04,,0.73,,post-market,,,,,,,,,,,,,17.7419,,,,,,,,,,,
2016-06-30,KHC,,,,,,,,,,,,,,,,,,,,,,,,,,,,,,,,,,,,,0.13,,,0.72,,,,,,,,,,,,,,,,,,,,,,,,,,,,,,,,,,,,,,,,,,,,,,,,,2016-08-04,,0.85,,post-market,,,,,,,,,,,,,18.0556,,,,,,,,,,,
2016-09-30,KHC,,,,,,,,,,,,,,,,,,,,,,,,,,,,,,,,,,,,,0.08,,,0.75,,,,,,,,,,,,,,,,,,,,,,,,,,,,,,,,,,,,,,,,,,,,,,,,,2016-11-03,,0.83,,post-market,,,,,,,,,,,,,10.6667,,,,,,,,,,,
2016-12-31,KHC,,,,,,,,,,,,,,,,,,,,,,,,,,,,,,,,,,,,,0.03,,,0.88,,,,,,,,,,,,,,,,,,,,,,,,,,,,,,,,,,,,,,,,,,,,,,,,,2017-02-15,,0.91,,post-market,,,,,,,,,,,,,3.4091,,,,,,,,,,,
2017-03-31,KHC,,,,,,,,,,,,,,,,,,,,,,,,,,,,,,,,,,,,,-0.02,,,0.86,,,,,,,,,,,,,,,,,,,,,,,,,,,,,,,,,,,,,,,,,,,,,,,,,2017-05-03,,0.84,,post-market,,,,,,,,,,,,,-2.3256,,,,,,,,,,,
2017-06-30,KHC,,,,,,,,,,,,,,,,,,,,,,,,,,,,,,,,,,,,,0.03,,,0.95,,,,,,,,,,,,,,,,,,,,,,,,,,,,,,,,,,,,,,,,,,,,,,,,,2017-08-03,,0.98,,post-market,,,,,,,,,,,,,3.1579,,,,,,,,,,,
2017-09-30,KHC,,,,,,,,,,,,,,,,,,,,,,,,,,,,,,,,,,,,,0.01,,,0.82,,,,,,,,,,,,,,,,,,,,,,,,,,,,,,,,,,,,,,,,,,,,,,,,,2017-11-01,,0.83,,post-market,,,,,,,,,,,,,1.2195,,,,,,,,,,,
2017-12-31,KHC,,,,,,,,,,,,,,,,,,,,,,,,,,,,,,,,,,,,,-0.05,,,0.95,,,,,,,,,,,,,,,,,,,,,,,,,,,,,,,,,,,,,,,,,,,,,,,,,2018-02-16,,0.9,,pre-market,,,,,,,,,,,,,-5.2632,,,,,,,,,,,
2018-03-31,KHC,,,,,,,,,,,,,,,,,,,,,,,,,,,,,,,,,,,,,0.07,,,0.82,,,,,,,,,,,,,,,,,,,,,,,,,,,,,,,,,,,,,,,,,,,,,,,,,2018-05-02,,0.89,,post-market,,,,,,,,,,,,,8.5366,,,,,,,,,,,
2018-06-30,KHC,,,,,,,,,,,,,,,,,,,,,,,,,,,,,,,,,,,,,0.08,,,0.92,,,,,,,,,,,,,,,,,,,,,,,,,,,,,,,,,,,,,,,,,,,,,,,,,2018-08-03,,1.0,,pre-market,,,,,,,,,,,,,8.6957,,,,,,,,,,,
2018-09-30,KHC,,,,,,,,,,,,,,,,,,,,,,,,,,,,,,,,,,,,,-0.03,,,0.81,,,,,,,,,,,,,,,,,,,,,,,,,,,,,,,,,,,,,,,,,,,,,,,,,2018-11-01,,0.78,,post-market,,,,,,,,,,,,,-3.7037,,,,,,,,,,,
2018-12-31,KHC,,,,,,,,,,,,,,,,,,,,,,,,,,,,,,,,,,,,,-0.1,,,0.94,,,,,,,,,,,,,,,,,,,,,,,,,,,,,,,,,,,,,,,,,,,,,,,,,2019-02-21,,0.84,,post-market,,,,,,,,,,,,,-10.6383,,,,,,,,,,,
2019-03-31,KHC,,,,,,,,,,,,,,,,,,,,,,,,,,,,,,,,,,,,,0.05,,,0.61,,,,,,,,,,,,,,,,,,,,,,,,,,,,,,,,,,,,,,,,,,,,,,,,,2019-05-01,,0.66,,pre-market,,,,,,,,,,,,,8.1967,,,,,,,,,,,
2019-06-30,KHC,,,,,,,,,,,,,,,,,,,,,,,,,,,,,,,,,,,,,0.03,,,0.75,,,,,,,,,,,,,,,,,,,,,,,,,,,,,,,,,,,,,,,,,,,,,,,,,2019-08-08,,0.78,,pre-market,,,,,,,,,,,,,4.0,,,,,,,,,,,
2019-09-30,KHC,,,,,,,,,,,,,,,,,,,,,,,,,,,,,,,,,,,,,0.15,,,0.54,,,,,,,,,,,,,,,,,,,,,,,,,,,,,,,,,,,,,,,,,,,,,,,,,2019-10-31,,0.69,,pre-market,,,,,,,,,,,,,27.7778,,,,,,,,,,,
2019-12-31,KHC,,,,,,,,,,,,,,,,,,,,,,,,,,,,,,,,,,,,,0.04,,,0.68,,,,,,,,,,,,,,,,,,,,,,,,,,,,,,,,,,,,,,,,,,,,,,,,,2020-02-13,,0.72,,pre-market,,,,,,,,,,,,,5.8824,,,,,,,,,,,
2020-03-31,KHC,,,,,,,,,,,,,,,,,,,,,,,,,,,,,,,,,,,,,0.03,,,0.55,,,,,,,,,,,,,,,,,,,,,,,,,,,,,,,,,,,,,,,,,,,,,,,,,2020-04-30,,0.58,,pre-market,,,,,,,,,,,,,5.4545,,,,,,,,,,,
2020-06-30,KHC,,,,,,,,,,,,,,,,,,,,,,,,,,,,,,,,,,,,,0.15,,,0.65,,,,,,,,,,,,,,,,,,,,,,,,,,,,,,,,,,,,,,,,,,,,,,,,,2020-07-30,,0.8,,pre-market,,,,,,,,,,,,,23.0769,,,,,,,,,,,
2020-09-30,KHC,,,,,,,,,,,,,,,,,,,,,,,,,,,,,,,,,,,,,0.08,,,0.62,,,,,,,,,,,,,,,,,,,,,,,,,,,,,,,,,,,,,,,,,,,,,,,,,2020-10-29,,0.7,,pre-market,,,,,,,,,,,,,12.9032,,,,,,,,,,,
2020-12-31,KHC,,,,,,,,,,,,,,,,,,,,,,,,,,,,,,,,,,,,,0.06,,,0.74,,,,,,,,,,,,,,,,,,,,,,,,,,,,,,,,,,,,,,,,,,,,,,,,,2021-02-11,,0.8,,pre-market,,,,,,,,,,,,,8.1081,,,,,,,,,,,
2021-03-31,KHC,,,,,,,,,,,,,,,,,,,,,,,,,,,,,,,,,,,,,0.13,,,0.59,,,,,,,,,,,,,,,,,,,,,,,,,,,,,,,,,,,,,,,,,,,,,,,,,2021-04-29,,0.72,,pre-market,,,,,,,,,,,,,22.0339,,,,,,,,,,,
2021-06-30,KHC,,,,,,,,,,,,,,,,,,,,,,,,,,,,,,,,,,,,,0.06,,,0.72,,,,,,,,,,,,,,,,,,,,,,,,,,,,,,,,,,,,,,,,,,,,,,,,,2021-08-04,,0.78,,pre-market,,,,,,,,,,,,,8.3333,,,,,,,,,,,
2021-09-30,KHC,,,,,,,,,,,,,,,,,,,,,,,,,,,,,,,,,,,,,0.07,,,0.58,,,,,,,,,,,,,,,,,,,,,,,,,,,,,,,,,,,,,,,,,,,,,,,,,2021-10-27,,0.65,,pre-market,,,,,,,,,,,,,12.069,,,,,,,,,,,
2021-12-31,KHC,,,,,,,,,,,,,,,,,,,,,,,,,,,,,,,,,,,,,0.16,,,0.63,,,,,,,,,,,,,,,,,,,,,,,,,,,,,,,,,,,,,,,,,,,,,,,,,2022-02-16,,0.79,,pre-market,,,,,,,,,,,,,25.3968,,,,,,,,,,,
2022-03-31,KHC,,,,,,,,,,,,,,,,,,,,,,,,,,,,,,,,,,,,,0.07,,,0.53,,,,,,,,,,,,,,,,,,,,,,,,,,,,,,,,,,,,,,,,,,,,,,,,,2022-04-27,,0.6,,pre-market,,,,,,,,,,,,,13.2075,,,,,,,,,,,
2022-06-30,KHC,,,,,,,,,,,,,,,,,,,,,,,,,,,,,,,,,,,,,0.02,,,0.68,,,,,,,,,,,,,,,,,,,,,,,,,,,,,,,,,,,,,,,,,,,,,,,,,2022-07-27,,0.7,,pre-market,,,,,,,,,,,,,2.9412,,,,,,,,,,,
2022-09-30,KHC,,,,,,,,,,,,,,,,,,,,,,,,,,,,,,,,,,,,,0.07,,,0.56,,,,,,,,,,,,,,,,,,,,,,,,,,,,,,,,,,,,,,,,,,,,,,,,,2022-10-26,,0.63,,pre-market,,,,,,,,,,,,,12.5,,,,,,,,,,,
2022-12-31,KHC,,,,,,,,,,,,,,,,,,,,,,,,,,,,,,,,,,,,,0.07,,,0.78,,,,,,,,,,,,,,,,,,,,,,,,,,,,,,,,,,,,,,,,,,,,,,,,,2023-02-15,,0.85,,pre-market,,,,,,,,,,,,,8.9744,,,,,,,,,,,
2023-03-31,KHC,,,,,,,,,,,,,,,,,,,,,,,,,,,,,,,,,,,,,0.08,,,0.6,,,,,,,,,,,,,,,,,,,,,,,,,,,,,,,,,,,,,,,,,,,,,,,,,2023-05-03,,0.68,,pre-market,,,,,,,,,,,,,13.3333,,,,,,,,,,,
2023-06-30,KHC,,,,,,,,,,,,,,,,,,,,,,,,,,,,,,,,,,,,,0.03,,,0.76,,,,,,,,,,,,,,,,,,,,,,,,,,,,,,,,,,,,,,,,,,,,,,,,,2023-08-02,,0.79,,pre-market,,,,,,,,,,,,,3.9474,,,,,,,,,,,
2023-09-30,KHC,,,,,,,,,,,,,,,,,,,,,,,,,,,,,,,,,,,,,0.06,,,0.66,,,,,,,,,,,,,,,,,,,,,,,,,,,,,,,,,,,,,,,,,,,,,,,,,2023-11-01,,0.72,,pre-market,,,,,,,,,,,,,9.0909,,,,,,,,,,,
2023-12-31,KHC,,,,,,,,,,,,,,,,,,,,,,,,,,,,,,,,,,,,,0.01,,,0.77,,,,,,,,,,,,,,,,,,,,,,,,,,,,,,,,,,,,,,,,,,,,,,,,,2024-02-14,,0.78,,pre-market,,,,,,,,,,,,,1.2987,,,,,,,,,,,
2024-03-31,KHC,,,,,,,,,,,,,,,,,,,,,,,,,,,,,,,,,,,,,0.0,,,0.69,,,,,,,,,,,,,,,,,,,,,,,,,,,,,,,,,,,,,,,,,,,,,,,,,2024-05-01,,0.69,,pre-market,,,,,,,,,,,,,0.0,,,,,,,,,,,
2024-06-30,KHC,,,,,,,,,,,,,,,,,,,,,,,,,,,,,,,,,,,,,0.04,,,0.74,,,,,,,,,,,,,,,,,,,,,,,,,,,,,,,,,,,,,,,,,,,,,,,,,2024-07-31,,0.78,,pre-market,,,,,,,,,,,,,5.4054,,,,,,,,,,,
2024-09-30,KHC,,,,,,,,,,,,,,,,,,,,,,,,,,,,,,,,,,,,,0.01,,,0.74,,,,,,,,,,,,,,,,,,,,,,,,,,,,,,,,,,,,,,,,,,,,,,,,,2024-10-30,,0.75,,pre-market,,,,,,,,,,,,,1.3514,,,,,,,,,,,
2024-12-31,KHC,,,,,,,,,,,,,,,,,,,,,,,,,,,,,,,,,,,,,0.061,,,0.779,,,,,,,,,,,,,,,,,,,,,,,,,,,,,,,,,,,,,,,,,,,,,,,,,2025-02-12,,0.84,,pre-market,,,,,,,,,,,,,7.8306,,,,,,,,,,,
2025-03-31,KHC,,,,,,,,,,,,,,,,,,,,,,,,,,,,,,,,,,,,,0.0186,,,0.6014,,,,,,,,,,,,,,,,,,,,,,,,,,,,,,,,,,,,,,,,,,,,,,,,,2025-04-29,,0.62,,pre-market,,,,,,,,,,,,,3.0928,,,,,,,,,,,
2025-06-30,KHC,,,,,,,,,,,,,,,,,,,,,,,,,,,,,,,,,,,,,0.054,,,0.636,,,,,,,,,,,,,,,,,,,,,,,,,,,,,,,,,,,,,,,,,,,,,,,,,2025-07-29,,0.69,,pre-market,,,,,,,,,,,,,8.4906,,,,,,,,,,,
2025-09-30,KHC,,,,,,,,,,,,,,,,,,,,,,,,,,,,,,,,,,,,,0.0261,,,0.5839,,,,,,,,,,,,,,,,,,,,,,,,,,,,,,,,,,,,,,,,,,,,,,,,,2025-10-29,,0.61,,pre-market,,,,,,,,,,,,,4.4699,,,,,,,,,,,
2025-12-28,KHC,-3.71,25163999000.0,,0.073,35.01,,,,,,,,,,,,,,,,,,,,,,,,,,1.6,0.0666,,,,-0.106,0.0261,,,0.5839,,9.42,,8489000000.0,,,,,,,,,,,,,,,,,,,0.176,,,,,,,,,,,,,0.981,0.686,1.135,,,,,,,,-0.173,,,2025-10-29,,0.61,,pre-market,,,0.0371,-0.0969,-0.023,21.11,,,,,26.87,24.8,4.4699,,,,,,,,,,31.87,23.33
2025-12-28,KHC,-3.71,25163999000.0,,0.073,35.01,,,,,,,,,,,,,,,None,4247000000,4247000000,,,,,,None,245000000,,1.6,0.0666,,,,-0.106,0.0261,1047000000,1292000000,0.5839,2025-09-30,9.42,,8489000000.0,1990000000,807000000,194000000,,,None,240000000,34000000,,None,,,,,615000000,613000000,-206000000,None,0.176,,965000000,1025000000,,,,,None,,,,,0.981,0.686,1.135,,,,,,,,-0.173,,,2025-10-29,quarterly,0.61,USD,pre-market,None,,0.0371,-0.0969,-0.023,21.11,930000000,,,,26.87,24.8,4.4699,,,,,,,6237000000,,,31.87,23.33
2025-12-28,KHC,-3.71,25163999000.0,,0.073,35.01,,,,,,,,,,,,,,,None,4184000000,4184000000,,,,,,None,241000000,,1.6,0.0666,,,,-0.106,0.0261,-7905000000,-7664000000,0.5839,2025-06-30,9.42,,8489000000.0,2168000000,-8167000000,-344000000,,,None,262000000,28000000,,None,,,,,-7824000000,-7823000000,-212000000,None,0.176,,892000000,1276000000,,,,,None,,,,,0.981,0.686,1.135,,,,,,,,-0.173,,,2025-10-29,quarterly,0.61,USD,pre-market,None,,0.0371,-0.0969,-0.023,21.11,891000000,,,,26.87,24.8,4.4699,,,,,,,6352000000,,,31.87,23.33
2025-12-28,KHC,-3.71,25163999000.0,,0.073,35.01,,,,,,,,,,,,,,,None,3935000000,3935000000,,,,,,None,231000000,,1.6,0.0666,,,,-0.106,0.0261,1253000000,1484000000,0.5839,2025-03-31,9.42,,8489000000.0,2064000000,1018000000,304000000,,,None,229000000,23000000,,None,,,,,712000000,714000000,-206000000,None,0.176,,868000000,1196000000,,,,,None,,,,,0.981,0.686,1.135,,,,,,,,-0.173,,,2025-10-29,quarterly,0.61,USD,pre-market,None,,0.0371,-0.0969,-0.023,21.11,837000000,,,,26.87,24.8,4.4699,,,,,,,5999000000,,,31.87,23.33
2025-12-28,KHC,-3.71,25163999000.0,,0.073,35.01,,,,,,,,,,,,,,,None,4331000000,4331000000,,,,,,None,234000000,,1.6,0.0666,,,,-0.106,0.0261,-11000000,223000000,0.5839,2024-12-31,9.42,,8489000000.0,2245000000,-238000000,-2370000000,,,None,227000000,20000000,,None,,,,,2131000000,2132000000,-207000000,None,0.176,,2285000000,-40000000,,,,,None,,,,,0.981,0.686,1.135,,,,,,,,-0.173,,,2025-10-29,quarterly,0.61,USD,pre-market,None,,0.0371,-0.0969,-0.023,21.11,869000000,,,,26.87,24.8,4.4699,,,,,,,6576000000,,,31.87,23.33
2025-12-28,KHC,-3.71,25163999000.0,,0.073,35.01,,,,,,,,,,,,,,,None,4197000000,4197000000,,,,,,None,245000000,,1.6,0.0666,,,,-0.106,0.0261,-53000000,192000000,0.5839,2024-09-30,9.42,,8489000000.0,2186000000,-283000000,7000000,,,None,230000000,16000000,,None,,,,,-290000000,-290000000,-214000000,None,0.176,,2287000000,-101000000,,,,,None,,,,,0.981,0.686,1.135,,,,,,,,-0.173,,,2025-10-29,quarterly,0.61,USD,pre-market,None,,0.0371,-0.0969,-0.023,21.11,819000000,,,,26.87,24.8,4.4699,,,,,,,6383000000,,,31.87,23.33
2025-12-28,KHC,-3.71,25163999000.0,,0.073,35.01,,,,,,,,,,,,,,,None,4182000000,4182000000,,,,,,None,239000000,,1.6,0.0666,,,,-0.106,0.0261,577000000,816000000,0.5839,2024-06-30,9.42,,8489000000.0,2294000000,348000000,248000000,,,None,229000000,17000000,,None,,,,,102000000,100000000,-212000000,None,0.176,,1772000000,522000000,,,,,None,,,,,0.981,0.686,1.135,,,,,,,,-0.173,,,2025-10-29,quarterly,0.61,USD,pre-market,None,,0.0371,-0.0969,-0.023,21.11,884000000,,,,26.87,24.8,4.4699,,,,,,,6476000000,,,31.87,23.33
2025-12-28,KHC,-3.71,25163999000.0,,0.073,35.01,,,,,,,,,,,,,,,None,4168000000,4168000000,,,,,,None,230000000,,1.6,0.0666,,,,-0.106,0.0261,1255000000,1485000000,0.5839,2024-03-31,9.42,,8489000000.0,2243000000,1029000000,225000000,,,None,226000000,16000000,,None,,,,,801000000,804000000,-210000000,None,0.176,,941000000,1302000000,,,,,None,,,,,0.981,0.686,1.135,,,,,,,,-0.173,,,2025-10-29,quarterly,0.61,USD,pre-market,None,,0.0371,-0.0969,-0.023,21.11,908000000,,,,26.87,24.8,4.4699,,,,,,,6411000000,,,31.87,23.33
2025-12-28,KHC,-3.71,25163999000.0,,0.073,35.01,,,,,,,,,,,,,,,None,4543000000,4543000000,,,,,,None,251000000,,1.6,0.0666,,,,-0.106,0.0261,1179000000,1430000000,0.5839,2023-12-31,9.42,,8489000000.0,2317000000,950000000,193000000,,,None,229000000,12000000,,None,,,,,757000000,757000000,-217000000,None,0.176,,1017000000,1300000000,,,,,None,,,,,0.981,0.686,1.135,,,,,,,,-0.173,,,2025-10-29,quarterly,0.61,USD,pre-market,147000000,,0.0371,-0.0969,-0.023,21.11,93000000,,,,26.87,24.8,4.4699,,,,,,,6860000000,,,31.87,23.33
2025-12-28,KHC,-3.71,25163999000.0,,0.073,35.01,,,,,,,,,,,,,,,None,4335000000,4335000000,,,,,,None,274000000,,1.6,0.0666,,,,-0.106,0.0261,688000000,962000000,0.5839,2023-09-30,9.42,,8489000000.0,2235000000,460000000,206000000,,,None,228000000,12000000,,None,,,,,262000000,254000000,-228000000,None,0.176,,1582000000,653000000,,,,,None,,,,,0.981,0.686,1.135,,,,,,,,-0.173,,,2025-10-29,quarterly,0.61,USD,pre-market,None,,0.0371,-0.0969,-0.023,21.11,895000000,,,,26.87,24.8,4.4699,,,,,,,6570000000,,,31.87,23.33
2025-12-28,KHC,-3.71,25163999000.0,,0.073,35.01,,,,,,,,,,,,,,,None,4460000000,4460000000,,,,,,None,216000000,,1.6,0.0666,,,,-0.106,0.0261,1400000000,1616000000,0.5839,2023-06-30,9.42,,8489000000.0,2261000000,1172000000,174000000,,,None,228000000,10000000,,None,,,,,1000000000,998000000,-228000000,None,0.176,,885000000,1376000000,,,,,24000000,,,,,0.981,0.686,1.135,,,,,,,,-0.173,,,2025-10-29,quarterly,0.61,USD,pre-market,None,,0.0371,-0.0969,-0.023,21.11,857000000,,,,26.87,24.8,4.4699,,,,,,,6721000000,,,31.87,23.33
2025-12-28,KHC,-3.71,25163999000.0,,0.073,35.01,,,,,,,,,,,,,,,None,4376000000,4376000000,,,,,,None,220000000,,1.6,0.0666,,,,-0.106,0.0261,1278000000,1498000000,0.5839,2023-03-31,9.42,,8489000000.0,2113000000,1051000000,214000000,,,None,227000000,6000000,,None,,,,,836000000,837000000,-227000000,None,0.176,,870000000,1243000000,,,,,35000000,,,,,0.981,0.686,1.135,,,,,,,,-0.173,,,2025-10-29,quarterly,0.61,USD,pre-market,None,,0.0371,-0.0969,-0.023,21.11,845000000,,,,26.87,24.8,4.4699,,,,,,,6489000000,,,31.87,23.33
2025-12-28,KHC,-3.71,25163999000.0,,0.073,35.01,,,,,,,,,,,,,,,None,5017000000,5017000000,,,,,,None,248000000,,1.6,0.0666,,,,-0.106,0.0261,1268000000,1271000000,0.5839,2022-12-31,9.42,,8489000000.0,2364000000,1051000000,164000000,,,None,217000000,9000000,,None,,,,,887000000,887000000,-217000000,None,0.176,,6155000000,1226000000,,,,,42000000,,,,,0.981,0.686,1.135,,,,,,,,-0.173,,,2025-10-29,quarterly,0.61,USD,pre-market,127000000,,0.0371,-0.0969,-0.023,21.11,1138000000,,,,26.87,24.8,4.4699,,,,,,,7381000000,,,31.87,23.33
2025-12-28,KHC,-3.71,25163999000.0,,0.073,35.01,,,,,,,,,,,,,,,None,4662000000,4662000000,,,,,,None,229000000,,1.6,0.0666,,,,-0.106,0.0261,770000000,999000000,0.5839,2022-09-30,9.42,,8489000000.0,1843000000,545000000,110000000,,,None,228000000,7000000,,None,,,,,435000000,435000000,-228000000,None,0.176,,5754000000,751000000,,,,,22000000,,,,,0.981,0.686,1.135,,,,,,,,-0.173,,,2025-10-29,quarterly,0.61,USD,pre-market,None,,0.0371,-0.0969,-0.023,21.11,798000000,,,,26.87,24.8,4.4699,,,,,,,6505000000,,,31.87,23.33
2025-12-28,KHC,-3.71,25163999000.0,,0.073,35.01,,,,,,,,,,,,,,,None,4570000000,4570000000,,,,,,None,236000000,,1.6,0.0666,,,,-0.106,0.0261,633000000,869000000,0.5839,2022-06-30,9.42,,8489000000.0,1984000000,399000000,134000000,,,None,234000000,6000000,,None,,,,,265000000,265000000,-234000000,None,0.176,,6012000000,542000000,,,,,91000000,,,,,0.981,0.686,1.135,,,,,,,,-0.173,,,2025-10-29,quarterly,0.61,USD,pre-market,None,,0.0371,-0.0969,-0.023,21.11,812000000,,,,26.87,24.8,4.4699,,,,,,,6554000000,,,31.87,23.33
2025-12-28,KHC,-3.71,25163999000.0,,0.073,35.01,,,,,,,,,,,,,,,None,4114000000,4114000000,,,,,,None,220000000,,1.6,0.0666,,,,-0.106,0.0261,1208000000,1428000000,0.5839,2022-03-31,9.42,,8489000000.0,1931000000,971000000,190000000,,,None,242000000,5000000,,None,,,,,781000000,781000000,-242000000,None,0.176,,4930000000,1115000000,,,,,98000000,,,,,0.981,0.686,1.135,,,,,,,,-0.173,,,2025-10-29,quarterly,0.61,USD,pre-market,None,,0.0371,-0.0969,-0.023,21.11,827000000,,,,26.87,24.8,4.4699,,,,,,,6045000000,,,31.87,23.33
2025-12-28,KHC,-3.71,25163999000.0,,0.073,35.01,,,,,,,,,,,,,,,None,4547000000,4547000000,,,,,,None,233000000,,1.6,0.0666,,,,-0.106,0.0261,82000000,315000000,0.5839,2021-12-31,9.42,,8489000000.0,2162000000,-520000000,-265000000,,,None,604000000,2000000,,None,,,,,-255000000,-255000000,-602000000,None,0.176,,6729000000,-20000000,,,,,104000000,,,,,0.981,0.686,1.135,,,,,,,,-0.173,,,2025-10-29,quarterly,0.61,USD,pre-market,140000000,,0.0371,-0.0969,-0.023,21.11,2525000000,,,,26.87,24.8,4.4699,,,,,,,6709000000,,,31.87,23.33
2025-12-28,KHC,-3.71,25163999000.0,,0.073,35.01,,,,,,,,,,,,,,,None,4296000000,4296000000,,,,,,None,228000000,,1.6,0.0666,,,,-0.106,0.0261,1291000000,1519000000,0.5839,2021-09-30,9.42,,8489000000.0,2028000000,879000000,143000000,,,None,415000000,4000000,,None,,,,,736000000,736000000,-415000000,None,0.176,,872000000,1156000000,,,,,138000000,,,,,0.981,0.686,1.135,,,,,,,,-0.173,,,2025-10-29,quarterly,0.61,USD,pre-market,None,,0.0371,-0.0969,-0.023,21.11,872000000,,,,26.87,24.8,4.4699,,,,,,,6324000000,,,31.87,23.33
2025-12-28,KHC,-3.71,25163999000.0,,0.073,35.01,,,,,,,,,,,,,,,None,4324000000,4324000000,,,,,,None,227000000,,1.6,0.0666,,,,-0.106,0.0261,1256000000,1483000000,0.5839,2021-06-30,9.42,,8489000000.0,2291000000,645000000,670000000,,,None,613000000,4000000,,None,,,,,-25000000,-25000000,-609000000,None,0.176,,5380000000,1235000000,,,,,23000000,,,,,0.981,0.686,1.135,,,,,,,,-0.173,,,2025-10-29,quarterly,0.61,USD,pre-market,None,,0.0371,-0.0969,-0.023,21.11,943000000,,,,26.87,24.8,4.4699,,,,,,,6615000000,,,31.87,23.33
2025-12-28,KHC,-3.71,25163999000.0,,0.073,35.01,,,,,,,,,,,,,,,None,4193000000,4193000000,,,,,,None,222000000,,1.6,0.0666,,,,-0.106,0.0261,1114000000,1336000000,0.5839,2021-03-31,9.42,,8489000000.0,2201000000,704000000,136000000,,,None,415000000,5000000,,None,,,,,568000000,568000000,-410000000,None,0.176,,5305000000,1089000000,,,,,30000000,,,,,0.981,0.686,1.135,,,,,,,,-0.173,,,2025-10-29,quarterly,0.61,USD,pre-market,None,,0.0371,-0.0969,-0.023,21.11,882000000,,,,26.87,24.8,4.4699,,,,,,,6394000000,,,31.87,23.33
2025-12-28,KHC,-3.71,25163999000.0,,0.073,35.01,,,,,,,,,,,,,,,None,4416000000,4416000000,,,,,,None,247000000,,1.6,0.0666,,,,-0.106,0.0261,1614000000,1861000000,0.5839,2020-12-31,9.42,,8489000000.0,2523000000,1286000000,252000000,,,None,328000000,4000000,,None,,,,,1032000000,200000000,-328000000,None,0.176,,973000000,1550000000,,,,,64000000,,,,,0.981,0.686,1.135,,,,,,,,-0.173,,,2025-10-29,quarterly,0.61,USD,pre-market,119000000,,0.0371,-0.0969,-0.023,21.11,873000000,,,,26.87,24.8,4.4699,,,,,,,6939000000,,,31.87,23.33
2025-12-28,KHC,-3.71,25163999000.0,,0.073,35.01,,,,,,,,,,,,,,,None,4097000000,4097000000,,,,,,None,232000000,,1.6,0.0666,,,,-0.106,0.0261,1220000000,1452000000,0.5839,2020-09-30,9.42,,8489000000.0,2344000000,906000000,308000000,,,None,314000000,6000000,,None,,,,,597000000,1214000000,-314000000,None,0.176,,1197000000,1147000000,,,,,73000000,,,,,0.981,0.686,1.135,,,,,,,,-0.173,,,2025-10-29,quarterly,0.61,USD,pre-market,None,,0.0371,-0.0969,-0.023,21.11,821000000,,,,26.87,24.8,4.4699,,,,,,,6441000000,,,31.87,23.33
2025-12-28,KHC,-3.71,25163999000.0,,0.073,35.01,,,,,,,,,,,,,,,None,4196000000,4196000000,,,,,,None,247000000,,1.6,0.0666,,,,-0.106,0.0261,-1261000000,-1014000000,0.5839,2020-06-30,9.42,,8489000000.0,2452000000,-1703000000,-51000000,,,None,442000000,8000000,,None,,,,,-1651000000,-1754000000,-434000000,None,0.176,,3791000000,-1339000000,,,,,78000000,,,,,0.981,0.686,1.135,,,,,,,,-0.173,,,2025-10-29,quarterly,0.61,USD,pre-market,None,,0.0371,-0.0969,-0.023,21.11,845000000,,,,26.87,24.8,4.4699,,,,,,,6648000000,,,31.87,23.33
2025-12-28,KHC,-3.71,25163999000.0,,0.073,35.01,,,,,,,,,,,,,,,None,4299000000,4299000000,,,,,,None,243000000,,1.6,0.0666,,,,-0.106,0.0261,851000000,1094000000,0.5839,2020-03-31,9.42,,8489000000.0,1858000000,541000000,160000000,,,None,310000000,9000000,,None,,,,,378000000,701000000,-301000000,None,0.176,,1088000000,770000000,,,,,81000000,,,,,0.981,0.686,1.135,,,,,,,,-0.173,,,2025-10-29,quarterly,0.61,USD,pre-market,None,,0.0371,-0.0969,-0.023,21.11,788000000,,,,26.87,24.8,4.4699,,,,,,,6157000000,,,31.87,23.33
2025-12-28,KHC,-3.71,25163999000.0,,0.073,35.01,,,,,,,,,,,,,,,None,4429000000,4429000000,,,,,,None,257000000,,1.6,0.0666,,,,-0.106,0.0261,653000000,910000000,0.5839,2019-12-31,9.42,,8489000000.0,2107000000,327000000,144000000,,,None,326000000,None,,None,,,,,182000000,471000000,-326000000,None,0.176,,1513000000,594000000,,,,,59000000,,,,,0.981,0.686,1.135,,,,,,,,-0.173,,,2025-10-29,quarterly,0.61,USD,pre-market,112000000,,0.0371,-0.0969,-0.023,21.11,837000000,,,,26.87,24.8,4.4699,,,,,,,6536000000,,,31.87,23.33
2025-12-28,KHC,-3.71,25163999000.0,,0.073,35.01,,,,,,,,,,,,,,,None,4129000000,4129000000,,,,,,None,243000000,,1.6,0.0666,,,,-0.106,0.0261,1560000000,1803000000,0.5839,2019-09-30,9.42,,8489000000.0,1947000000,1162000000,264000000,,,None,398000000,None,,None,,,,,899000000,1426000000,-398000000,None,0.176,,767000000,1180000000,,,,,380000000,,,,,0.981,0.686,1.135,,,,,,,,-0.173,,,2025-10-29,quarterly,0.61,USD,pre-market,112000000,,0.0371,-0.0969,-0.023,21.11,643000000,,,,26.87,24.8,4.4699,,,,,,,6076000000,,,31.87,23.33
2025-12-28,KHC,-3.71,25163999000.0,,0.073,35.01,,,,,,,,,,,,,,,None,4324000000,4324000000,,,,,,None,255000000,,1.6,0.0666,,,,-0.106,0.0261,867000000,1122000000,0.5839,2019-06-30,9.42,,8489000000.0,2082000000,551000000,103000000,,,None,316000000,None,,None,,,,,449000000,654000000,-316000000,None,0.176,,1348000000,734000000,,,,,133000000,,,,,0.981,0.686,1.135,,,,,,,,-0.173,,,2025-10-29,quarterly,0.61,USD,pre-market,112000000,,0.0371,-0.0969,-0.023,21.11,630000000,,,,26.87,24.8,4.4699,,,,,,,6406000000,,,31.87,23.33
2025-12-28,KHC,-3.71,25163999000.0,,0.073,35.01,,,,,,,,,,,,,,,None,4696000000,4696000000,,,,,,None,247000000,,1.6,0.0666,,,,-0.106,0.0261,-14113000000,-13866000000,0.5839,2019-03-31,9.42,,8489000000.0,2204000000,-14435000000,-1805000000,,,None,322000000,None,,None,,,,,-12571000000,838000000,-321000000,None,0.176,,16304000000,-14100000000,,,,,380000000,,,,,0.981,0.686,1.135,,,,,,,,-0.173,,,2025-10-29,quarterly,0.61,USD,pre-market,109000000,,0.0371,-0.0969,-0.023,21.11,368000000,,,,26.87,24.8,4.4699,,,,,,,6900000000,,,31.87,23.33
2025-12-28,KHC,-3.71,25163999000.0,,0.073,35.01,,,,,,,,,,,,,,,None,4652000000,4652000000,,,,,,None,271000000,,1.6,0.0666,,,,-0.106,0.0261,-14299000000,-14028000000,0.5839,2018-12-31,9.42,,8489000000.0,2239000000,-14474000000,-1844000000,,,None,322000000,None,,None,,,,,-12568000000,-16240000000,None,None,0.176,,16538000000,-14299000000,,,,,-13000000,,,,,0.981,0.686,1.135,,,,,,,,-0.173,,,2025-10-29,quarterly,0.61,USD,pre-market,109000000,,0.0371,-0.0969,-0.023,21.11,785000000,,,,26.87,24.8,4.4699,,,,,,,6891000000,,,31.87,23.33
2025-12-28,KHC,-3.71,25163999000.0,,0.073,35.01,,,,,,,,,,,,,,,None,4289000000,4289000000,,,,,,None,250000000,,1.6,0.0666,,,,-0.106,0.0261,1145000000,1395000000,0.5839,2018-09-30,9.42,,8489000000.0,2094000000,819000000,201000000,,,None,326000000,None,,None,,,,,619000000,1000000000,None,None,0.176,,1020000000,1074000000,,,,,71000000,,,,,0.981,0.686,1.135,,,,,,,,-0.173,,,2025-10-29,quarterly,0.61,USD,pre-market,109000000,,0.0371,-0.0969,-0.023,21.11,803000000,,,,26.87,24.8,4.4699,,,,,,,6383000000,,,31.87,23.33
2025-12-28,KHC,-3.71,25163999000.0,,0.073,35.01,,,,,,,,,,,,,,,None,4343000000,4343000000,,,,,,None,235000000,,1.6,0.0666,,,,-0.106,0.0261,1377000000,1612000000,0.5839,2018-06-30,9.42,,8489000000.0,2347000000,1061000000,308000000,,,None,316000000,None,,None,,,,,754000000,1337000000,None,None,0.176,,990000000,1357000000,,,,,35000000,,,,,0.981,0.686,1.135,,,,,,,,-0.173,,,2025-10-29,quarterly,0.61,USD,pre-market,109000000,,0.0371,-0.0969,-0.023,21.11,756000000,,,,26.87,24.8,4.4699,,,,,,,6690000000,,,31.87,23.33
2025-12-28,KHC,-3.71,25163999000.0,,0.073,35.01,,,,,,,,,,,,,,,None,4040000000,4040000000,,,,,,None,227000000,,1.6,0.0666,,,,-0.106,0.0261,1590000000,1817000000,0.5839,2018-03-31,9.42,,8489000000.0,2264000000,1273000000,270000000,,,None,317000000,None,,None,,,,,1003000000,1515000000,None,None,0.176,,764000000,1500000000,,,,,90000000,,,,,0.981,0.686,1.135,,,,,,,,-0.173,,,2025-10-29,quarterly,0.61,USD,pre-market,109000000,,0.0371,-0.0969,-0.023,21.11,764000000,,,,26.87,24.8,4.4699,,,,,,,6304000000,,,31.87,23.33
2025-12-28,KHC,-3.71,25163999000.0,,0.073,35.01,,,,,,,,,,,,,,,None,4470000000,4470000000,,,,,,None,246000000,,1.6,0.0666,,,,-0.106,0.0261,1639000000,1885000000,0.5839,2017-12-31,9.42,,8489000000.0,2407000000,1331000000,-6665000000,,,None,308000000,None,,None,,,,,8003000000,-5334000000,None,None,0.176,,767000000,1640000000,,,,,-1000000,,,,,0.981,0.686,1.135,,,,,,,,-0.173,,,2025-10-29,quarterly,0.61,USD,pre-market,93000000,,0.0371,-0.0969,-0.023,21.11,767000000,,,,26.87,24.8,4.4699,,,,,,,6877000000,,,31.87,23.33
2025-12-28,KHC,-3.71,25163999000.0,,0.073,35.01,,,,,,,,,,,,,,,None,4077000000,4077000000,,,,,,None,273000000,,1.6,0.0666,,,,-0.106,0.0261,1665000000,1938000000,0.5839,2017-09-30,9.42,,8489000000.0,2203000000,1359000000,416000000,,,None,306000000,None,,None,,,,,944000000,1775000000,None,None,0.176,,665000000,1538000000,,,,,4000000,,,,,0.981,0.686,1.135,,,,,,,,-0.173,,,2025-10-29,quarterly,0.61,USD,pre-market,0,,0.0371,-0.0969,-0.023,21.11,665000000,,,,26.87,24.8,4.4699,,,,,,,6280000000,,,31.87,23.33
2025-12-28,KHC,-3.71,25163999000.0,,0.073,35.01,,,,,,,,,,,,,,,None,4204000000,4204000000,,,,,,None,255000000,,1.6,0.0666,,,,-0.106,0.0261,1897000000,2152000000,0.5839,2017-06-30,9.42,,8489000000.0,2433000000,1590000000,430000000,,,None,307000000,None,,None,,,,,1159000000,2020000000,None,None,0.176,,4077000000,-1644000000,,,,,-24000000,,,,,0.981,0.686,1.135,,,,,,,,-0.173,,,2025-10-29,quarterly,0.61,USD,pre-market,0,,0.0371,-0.0969,-0.023,21.11,789000000,,,,26.87,24.8,4.4699,,,,,,,6637000000,,,31.87,23.33
2025-12-28,KHC,-3.71,25163999000.0,,0.073,35.01,,,,,,,,,,,,,,,None,4125000000,4125000000,,,,,,None,262000000,,1.6,0.0666,,,,-0.106,0.0261,1563000000,1825000000,0.5839,2017-03-31,9.42,,8489000000.0,2199000000,1250000000,359000000,,,None,313000000,None,,None,,,,,893000000,1609000000,None,None,0.176,,766000000,1433000000,,,,,12000000,,,,,0.981,0.686,1.135,,,,,,,,-0.173,,,2025-10-29,quarterly,0.61,USD,pre-market,0,,0.0371,-0.0969,-0.023,21.11,766000000,,,,26.87,24.8,4.4699,,,,,,,6324000000,,,31.87,23.33
2025-12-28,KHC,-3.71,25163999000.0,,0.073,35.01,,,,,,,,,,,,,,,None,4398000000,4398000000,,,,,,None,327000000,,1.6,0.0666,,,,-0.106,0.0261,1590000000,1917000000,0.5839,2016-12-31,9.42,,8489000000.0,2459000000,1280000000,336000000,,,None,310000000,None,,None,,,,,944000000,1616000000,None,None,0.176,,879000000,1580000000,,,,,10000000,,,,,0.981,0.686,1.135,,,,,,,,-0.173,,,2025-10-29,quarterly,0.61,USD,pre-market,120000000,,0.0371,-0.0969,-0.023,21.11,879000000,,,,26.87,24.8,4.4699,,,,,,,6857000000,,,31.87,23.33
2025-12-28,KHC,-3.71,25163999000.0,,0.073,35.01,,,,,,,,,,,,,,,None,4049000000,4049000000,,,,,,None,290000000,,1.6,0.0666,,,,-0.106,0.0261,1416000000,1706000000,0.5839,2016-09-30,9.42,,8489000000.0,2218000000,1105000000,262000000,,,None,311000000,None,,None,,,,,842000000,1367000000,None,None,0.176,,805000000,1413000000,,,,,3000000,,,,,0.981,0.686,1.135,,,,,,,,-0.173,,,2025-10-29,quarterly,0.61,USD,pre-market,0,,0.0371,-0.0969,-0.023,21.11,805000000,,,,26.87,24.8,4.4699,,,,,,,6267000000,,,31.87,23.33
2025-12-28,KHC,-3.71,25163999000.0,,0.073,35.01,,,,,,,,,,,,,,,None,4262000000,4262000000,,,,,,None,357000000,,1.6,0.0666,,,,-0.106,0.0261,1630000000,1987000000,0.5839,2016-06-30,9.42,,8489000000.0,2531000000,1366000000,411000000,,,None,264000000,None,,None,,,,,950000000,1777000000,None,None,0.176,,895000000,1636000000,,,,,-6000000,,,,,0.981,0.686,1.135,,,,,,,,-0.173,,,2025-10-29,quarterly,0.61,USD,pre-market,0,,0.0371,-0.0969,-0.023,21.11,895000000,,,,26.87,24.8,4.4699,,,,,,,6793000000,,,31.87,23.33
2025-12-28,KHC,-3.71,25163999000.0,,0.073,35.01,,,,,,,,,,,,,,,None,4192000000,4192000000,,,,,,None,363000000,,1.6,0.0666,,,,-0.106,0.0261,1521000000,1884000000,0.5839,2016-03-31,9.42,,8489000000.0,2378000000,1272000000,372000000,,,None,249000000,None,,None,,,,,896000000,1644000000,None,None,0.176,,865000000,1513000000,,,,,8000000,,,,,0.981,0.686,1.135,,,,,,,,-0.173,,,2025-10-29,quarterly,0.61,USD,pre-market,0,,0.0371,-0.0969,-0.023,21.11,865000000,,,,26.87,24.8,4.4699,,,,,,,6570000000,,,31.87,23.33
2025-12-28,KHC,-3.71,25163999000.0,,0.073,35.01,,,,,,,,,,,,,,,None,4720000000,4720000000,,,,,,None,338000000,,1.6,0.0666,,,,-0.106,0.0261,1296000000,1634000000,0.5839,2015-12-31,9.42,,8489000000.0,2404000000,1030000000,382000000,,,None,266000000,None,,None,,,,,645000000,1616000000,None,None,0.176,,1117000000,1287000000,,,,,10000000,,,,,0.981,0.686,1.135,,,,,,,,-0.173,,,2025-10-29,quarterly,0.61,USD,pre-market,105000000,,0.0371,-0.0969,-0.023,21.11,1117000000,,,,26.87,24.8,4.4699,,,,,,,7124000000,,,31.87,23.33
2025-12-28,KHC,-3.71,25163999000.0,,0.073,35.01,,,,,,,,,,,,,,,None,4492000000,4492000000,,,,,,None,214000000,,1.6,0.0666,,,,-0.106,0.0261,291000000,505000000,0.5839,2015-09-30,9.42,,8489000000.0,1628000000,-169000000,-49000000,,,None,460000000,None,,None,,,,,-123000000,0,None,None,0.176,,1229000000,399000000,,,,,None,,,,,0.981,0.686,1.135,,,,,,,,-0.173,,,2025-10-29,quarterly,0.61,USD,pre-market,0,,0.0371,-0.0969,-0.023,21.11,1229000000,,,,26.87,24.8,4.4699,,,,,,,6120000000,,,31.87,23.33
2025-12-28,KHC,-3.71,25163999000.0,,0.073,35.01,,,,,,,,,,,,,,,None,2972000000,2972000000,,,,,,None,86000000,,1.6,0.0666,,,,-0.106,0.0261,923000000,1009000000,0.5839,2015-06-30,9.42,,8489000000.0,1543000000,799000000,248000000,,,None,124000000,None,,None,,,,,551000000,-160000000,None,None,0.176,,620000000,923000000,,,,,-245000000,,,,,0.981,0.686,1.135,,,,,,,,-0.173,,,2025-10-29,quarterly,0.61,USD,pre-market,0,,0.0371,-0.0969,-0.023,21.11,620000000,,,,26.87,24.8,4.4699,,,,,,,4515000000,,,31.87,23.33
2025-12-28,KHC,-3.71,25163999000.0,,0.073,35.01,,,,,,,,,,,,,,,None,3019000000,3019000000,,,,,,None,102000000,,1.6,0.0666,,,,-0.106,0.0261,740000000,842000000,0.5839,2015-03-31,9.42,,8489000000.0,1333000000,633000000,204000000,,,None,107000000,None,,None,,,,,429000000,None,None,None,0.176,,593000000,740000000,,,,,None,,,,,0.981,0.686,1.135,,,,,,,,-0.173,,,2025-10-29,quarterly,0.61,USD,pre-market,None,,0.0371,-0.0969,-0.023,21.11,593000000,,,,26.87,24.8,4.4699,,,,,,,4352000000,,,31.87,23.33
2025-12-28,KHC,-3.71,25163999000.0,,0.073,35.01,,,,,,,,,,,,,,,None,4224000000,4224000000,,,,,,None,102000000,,1.6,0.0666,,,,-0.106,0.0261,-614000000,-512000000,0.5839,2014-12-31,9.42,,8489000000.0,472000000,-730000000,-332000000,,,None,116000000,None,,None,,,,,-398000000,672000000,None,None,0.176,,1086000000,-614000000,,,,,None,,,,,0.981,0.686,1.135,,,,,,,,-0.173,,,2025-10-29,quarterly,0.61,USD,pre-market,58000000,,0.0371,-0.0969,-0.023,21.11,1085000000,,,,26.87,24.8,4.4699,,,,,,,4696000000,,,31.87,23.33
2025-12-28,KHC,-3.71,25163999000.0,,0.073,35.01,,,,,,,,,,,,,,,None,3108000000,3108000000,,,,,,None,92000000,,1.6,0.0666,,,,-0.106,0.0261,726000000,818000000,0.5839,2014-09-30,9.42,,8489000000.0,1292000000,607000000,161000000,,,None,119000000,None,,None,,,,,446000000,0,None,None,0.176,,566000000,726000000,,,,,None,,,,,0.981,0.686,1.135,,,,,,,,-0.173,,,2025-10-29,quarterly,0.61,USD,pre-market,0,,0.0371,-0.0969,-0.023,21.11,566000000,,,,26.87,24.8,4.4699,,,,,,,4400000000,,,31.87,23.33
2025-12-28,KHC,-3.71,25163999000.0,,0.073,35.01,,,,,,,,,,,,,,,None,3226000000,3226000000,,,,,,None,95000000,,1.6,0.0666,,,,-0.106,0.0261,874000000,969000000,0.5839,2014-06-30,9.42,,8489000000.0,1521000000,741000000,259000000,,,None,133000000,None,,None,,,,,482000000,0,None,None,0.176,,647000000,874000000,,,,,None,,,,,0.981,0.686,1.135,,,,,,,,-0.173,,,2025-10-29,quarterly,0.61,USD,pre-market,0,,0.0371,-0.0969,-0.023,21.11,647000000,,,,26.87,24.8,4.4699,,,,,,,4747000000,,,31.87,23.33
2025-12-28,KHC,-3.71,25163999000.0,,0.073,35.01,,,,,,,,,,,,,,,None,2802000000,2802000000,,,,,,None,96000000,,1.6,0.0666,,,,-0.106,0.0261,904000000,1000000000,0.5839,2014-03-31,9.42,,8489000000.0,1560000000,788000000,275000000,,,None,116000000,None,,None,,,,,513000000,0,None,None,0.176,,656000000,904000000,,,,,None,,,,,0.981,0.686,1.135,,,,,,,,-0.173,,,2025-10-29,quarterly,0.61,USD,pre-market,0,,0.0371,-0.0969,-0.023,21.11,658000000,,,,26.87,24.8,4.4699,,,,,,,4362000000,,,31.87,23.33
2025-12-28,KHC,-3.71,25163999000.0,,0.073,35.01,,,,,,,,,,,,,,,None,2663000000,2663000000,,,,,,None,97000000,,1.6,0.0666,,,,-0.106,0.0261,1492000000,1589000000,0.5839,2013-12-31,9.42,,8489000000.0,1932000000,1390000000,459000000,,,None,102000000,None,,None,,,,,931000000,0,None,None,0.176,,418000000,1514000000,,,,,None,,,,,0.981,0.686,1.135,,,,,,,,-0.173,,,2025-10-29,quarterly,0.61,USD,pre-market,0,,0.0371,-0.0969,-0.023,21.11,409000000,,,,26.87,24.8,4.4699,,,,,,,4595000000,,,31.87,23.33
2025-12-28,KHC,-3.71,25163999000.0,,0.073,35.01,,,,,,,,,,,,,,,None,2908000000,2908000000,,,,,,None,92000000,,1.6,0.0666,,,,-0.106,0.0261,870000000,962000000,0.5839,2013-09-30,9.42,,8489000000.0,1486000000,746000000,246000000,,,None,124000000,None,,None,,,,,500000000,0,None,None,0.176,,616000000,870000000,,,,,None,,,,,0.981,0.686,1.135,,,,,,,,-0.173,,,2025-10-29,quarterly,0.61,USD,pre-market,0,,0.0371,-0.0969,-0.023,21.11,601000000,,,,26.87,24.8,4.4699,,,,,,,4394000000,,,31.87,23.33
2025-12-28,KHC,-3.71,25163999000.0,,0.073,35.01,,,,,,,,,,,,,,,None,2780000000,2780000000,,,,,,None,102000000,,1.6,0.0666,,,,-0.106,0.0261,1398000000,1500000000,0.5839,2013-06-30,9.42,,8489000000.0,1936000000,1268000000,439000000,,,None,130000000,None,,None,,,,,829000000,0,None,None,0.176,,538000000,1398000000,,,,,None,,,,,0.981,0.686,1.135,,,,,,,,-0.173,,,2025-10-29,quarterly,0.61,USD,pre-market,0,,0.0371,-0.0969,-0.023,21.11,516000000,,,,26.87,24.8,4.4699,,,,,,,4716000000,,,31.87,23.33
2025-12-28,KHC,-3.71,25163999000.0,,0.073,35.01,,,,,,,,,,,,,,,None,3043000000,3043000000,,,,,,None,102000000,,1.6,0.0666,,,,-0.106,0.0261,809000000,911000000,0.5839,2013-03-31,9.42,,8489000000.0,1470000000,686000000,230000000,,,None,123000000,None,,None,,,,,456000000,0,None,None,0.176,,661000000,809000000,,,,,None,,,,,0.981,0.686,1.135,,,,,,,,-0.173,,,2025-10-29,quarterly,0.61,USD,pre-market,0,,0.0371,-0.0969,-0.023,21.11,599000000,,,,26.87,24.8,4.4699,,,,,,,4513000000,,,31.87,23.33
2025-12-28,KHC,-3.71,25163999000.0,,0.073,35.01,,,,,,,,,,,,,,,None,3360000000,3360000000,,,,,,None,167000000,,1.6,0.0666,,,,-0.106,0.0261,258000000,425000000,0.5839,2012-12-31,9.42,,8489000000.0,1134000000,149000000,48000000,,,None,109000000,None,,None,,,,,101000000,0,None,None,0.176,,856000000,278000000,,,,,None,,,,,0.981,0.686,1.135,,,,,,,,-0.173,,,2025-10-29,quarterly,0.61,USD,pre-market,0,,0.0371,-0.0969,-0.023,21.11,626573000,,,,26.87,24.8,4.4699,,,,,,,4494000000,,,31.87,23.33
2025-12-28,KHC,-3.71,25163999000.0,,0.073,35.01,,,,,,,,,,,,,,,None,3019000000,3019000000,,,,,,None,92000000,,1.6,0.0666,,,,-0.106,0.0261,770000000,862000000,0.5839,2012-09-30,9.42,,8489000000.0,1569000000,664000000,198000000,,,None,106000000,None,,None,,,,,466000000,0,None,None,0.176,,812000000,757000000,,,,,None,,,,,0.981,0.686,1.135,,,,,,,,-0.173,,,2025-10-29,quarterly,0.61,USD,pre-market,0,,0.0371,-0.0969,-0.023,21.11,786000000,,,,26.87,24.8,4.4699,,,,,,,4588000000,,,31.87,23.33
2025-12-28,KHC,-3.71,25163999000.0,,0.073,35.01,,,,,,,,,,,,,,,None,3150000000,3150000000,,,,,,None,90000000,,1.6,0.0666,,,,-0.106,0.0261,927000000,1017000000,0.5839,2012-06-30,9.42,,8489000000.0,1636000000,906000000,303000000,,,None,21000000,None,,None,,,,,603000000,None,None,None,0.176,,725000000,911000000,,,,,None,,,,,0.981,0.686,1.135,,,,,,,,-0.173,,,2025-10-29,quarterly,0.61,USD,pre-market,None,,0.0371,-0.0969,-0.023,21.11,687000000,,,,26.87,24.8,4.4699,,,,,,,4786000000,,,31.87,23.33
2025-12-28,KHC,-3.71,25163999000.0,,0.073,35.01,,,,,,,,,,,,,,,None,3004000000,3004000000,,,,,,None,79000000,,1.6,0.0666,,,,-0.106,0.0261,753000000,832000000,0.5839,2012-03-31,9.42,,8489000000.0,1449000000,751000000,268000000,,,None,2000000,None,,None,,,,,483000000,0,None,None,0.176,,708000000,741000000,,,,,None,,,,,0.981,0.686,1.135,,,,,,,,-0.173,,,2025-10-29,quarterly,0.61,USD,pre-market,0,,0.0371,-0.0969,-0.023,21.11,670000000,,,,26.87,24.8,4.4699,,,,,,,4453000000,,,31.87,23.33
2025-12-28,KHC,-3.71,25163999000.0,,0.073,35.01,,,,,,,,,,,,,,,None,3568000000,3568000000,,,,,,None,95000000,,1.6,0.0666,,,,-0.106,0.0261,638000000,733000000,0.5839,2011-12-31,9.42,,8489000000.0,1467000000,640000000,239000000,,,None,2000000,None,,None,,,,,401000000,0,None,None,0.176,,842000000,625000000,,,,,None,,,,,0.981,0.686,1.135,,,,,,,,-0.173,,,2025-10-29,quarterly,0.61,USD,pre-market,0,,0.0371,-0.0969,-0.023,21.11,595631000,,,,26.87,24.8,4.4699,,,,,,,5035000000,,,31.87,23.33
2025-12-28,KHC,-3.71,25163999000.0,,0.073,35.01,,,,,,,,,,,,,,,None,3110000000,3110000000,,,,,,None,91000000,,1.6,0.0666,,,,-0.106,0.0261,722000000,813000000,0.5839,2011-09-30,9.42,,8489000000.0,1364000000,719000000,302000000,,,None,3000000,None,,None,,,,,417000000,0,None,None,0.176,,656000000,708000000,,,,,None,,,,,0.981,0.686,1.135,,,,,,,,-0.173,,,2025-10-29,quarterly,0.61,USD,pre-market,0,,0.0371,-0.0969,-0.023,21.11,584481000,,,,26.87,24.8,4.4699,,,,,,,4474000000,,,31.87,23.33
2025-12-28,KHC,-3.71,25163999000.0,,0.073,35.01,,,,,,,,,,,,,,,None,3195000000,3195000000,,,,,,None,89000000,,1.6,0.0666,,,,-0.106,0.0261,843000000,932000000,0.5839,2011-06-30,9.42,,8489000000.0,1546000000,842000000,308000000,,,None,1000000,None,,None,,,,,534000000,0,None,None,0.176,,716000000,830000000,,,,,None,,,,,0.981,0.686,1.135,,,,,,,,-0.173,,,2025-10-29,quarterly,0.61,USD,pre-market,0,,0.0371,-0.0969,-0.023,21.11,603973000,,,,26.87,24.8,4.4699,,,,,,,4741000000,,,31.87,23.33
2025-12-28,KHC,-3.71,25163999000.0,,0.073,35.01,,,,,,,,,,,,,,,None,2888000000,2888000000,,,,,,None,89000000,,1.6,0.0666,,,,-0.106,0.0261,770000000,859000000,0.5839,2011-03-31,9.42,,8489000000.0,1517000000,768000000,281000000,,,None,2000000,None,,None,,,,,487000000,0,None,None,0.176,,757000000,760000000,,,,,None,,,,,0.981,0.686,1.135,,,,,,,,-0.173,,,2025-10-29,quarterly,0.61,USD,pre-market,0,,0.0371,-0.0969,-0.023,21.11,651065000,,,,26.87,24.8,4.4699,,,,,,,4405000000,,,31.87,23.33
2025-12-28,KHC,-3.71,25163999000.0,,0.073,35.01,,,,,,,,,,,,,,,None,1626231000,1626231000,,,,,,None,None,,1.6,0.0666,,,,-0.106,0.0261,0,None,0.5839,2010-12-31,9.42,,8489000000.0,0,374015000,97488000,,,None,69321000,None,,None,,,,,273785000,0,None,None,0.176,,0,438398000,,,,,None,,,,,0.981,0.686,1.135,,,,,,,,-0.173,,,2025-10-29,quarterly,0.61,USD,pre-market,0,,0.0371,-0.0969,-0.023,21.11,589895000,,,,26.87,24.8,4.4699,,,,,,,2722350000,,,31.87,23.33
2025-12-28,KHC,-3.71,25163999000.0,,0.073,35.01,,,,,,,,,,,,,,,None,1579835000,1579835000,,,,,,None,None,,1.6,0.0666,,,,-0.106,0.0261,0,None,0.5839,2010-09-30,9.42,,8489000000.0,0,346530000,92588000,,,None,67328000,None,,None,,,,,251435000,0,None,None,0.176,,0,416799000,,,,,None,,,,,0.981,0.686,1.135,,,,,,,,-0.173,,,2025-10-29,quarterly,0.61,USD,pre-market,0,,0.0371,-0.0969,-0.023,21.11,549828000,,,,26.87,24.8,4.4699,,,,,,,2614623000,,,31.87,23.33
2025-12-28,KHC,-3.71,25163999000.0,,0.073,35.01,,,,,,,,,,,,,,,None,1507033000,1507033000,,,,,,None,None,,1.6,0.0666,,,,-0.106,0.0261,0,None,0.5839,2010-06-30,9.42,,8489000000.0,0,332791000,84196000,,,None,66752000,None,,None,,,,,240427000,0,None,None,0.176,,0,405715000,,,,,None,,,,,0.981,0.686,1.135,,,,,,,,-0.173,,,2025-10-29,quarterly,0.61,USD,pre-market,0,,0.0371,-0.0969,-0.023,21.11,502262000,,,,26.87,24.8,4.4699,,,,,,,2480825000,,,31.87,23.33
2025-12-28,KHC,-3.71,25163999000.0,,0.073,35.01,,,,,,,,,,,,,,,None,1681173000,1681173000,,,,,,None,None,,1.6,0.0666,,,,-0.106,0.0261,0,None,0.5839,2010-03-31,9.42,,8489000000.0,4085722000,280196000,85213000,,,None,69119000,None,,None,,,,,192366000,0,None,None,0.176,,0,352180000,,,,,None,,,,,0.981,0.686,1.135,,,,,,,,-0.173,,,2025-10-29,quarterly,0.61,USD,pre-market,0,,0.0371,-0.0969,-0.023,21.11,613241000,,,,26.87,24.8,4.4699,,,,,,,2724810000,,,31.87,23.33
2025-12-28,KHC,-3.71,25163999000.0,,0.073,35.01,,,,,,,,,,,,,,,None,1609931000,1609931000,,,,,,None,None,,1.6,0.0666,,,,-0.106,0.0261,0,None,0.5839,2009-12-31,9.42,,8489000000.0,0,366260000,99523000,,,None,71978000,None,,None,,,,,228527000,0,None,None,0.176,,0,436510000,,,,,None,,,,,0.981,0.686,1.135,,,,,,,,-0.173,,,2025-10-29,quarterly,0.61,USD,pre-market,0,,0.0371,-0.0969,-0.023,21.11,568756000,,,,26.87,24.8,4.4699,,,,,,,2681702000,,,31.87,23.33
2025-12-28,KHC,-3.71,25163999000.0,,0.073,35.01,,,,,,,,,,,,,,,None,1623406000,1623406000,,,,,,None,None,,1.6,0.0666,,,,-0.106,0.0261,0,None,0.5839,2009-09-30,9.42,,8489000000.0,0,334666000,85700000,,,None,71625000,None,,None,,,,,231435000,0,None,None,0.176,,0,408400000,,,,,None,,,,,0.981,0.686,1.135,,,,,,,,-0.173,,,2025-10-29,quarterly,0.61,USD,pre-market,0,,0.0371,-0.0969,-0.023,21.11,544855000,,,,26.87,24.8,4.4699,,,,,,,2646786000,,,31.87,23.33
2025-12-28,KHC,-3.71,25163999000.0,,0.073,35.01,,,,,,,,,,,,,,,None,1494751000,1494751000,,,,,,None,None,,1.6,0.0666,,,,-0.106,0.0261,0,None,0.5839,2009-06-30,9.42,,8489000000.0,0,309332000,88078000,,,None,82989000,None,,None,,,,,212564000,0,None,None,0.176,,0,384826000,,,,,None,,,,,0.981,0.686,1.135,,,,,,,,-0.173,,,2025-10-29,quarterly,0.61,USD,pre-market,0,,0.0371,-0.0969,-0.023,21.11,494226000,,,,26.87,24.8,4.4699,,,,,,,2441685000,,,31.87,23.33
2025-12-28,KHC,-3.71,25163999000.0,,0.073,35.01,,,,,,,,,,,,,,,None,1640048000,1640048000,,,,,,None,None,,1.6,0.0666,,,,-0.106,0.0261,0,None,0.5839,2009-03-31,9.42,,8489000000.0,3855229000,265810000,84600000,,,None,85121000,None,,None,,,,,175135000,0,None,None,0.176,,0,338968000,,,,,None,,,,,0.981,0.686,1.135,,,,,,,,-0.173,,,2025-10-29,quarterly,0.61,USD,pre-market,0,,0.0371,-0.0969,-0.023,21.11,536752000,,,,26.87,24.8,4.4699,,,,,,,2515768000,,,31.87,23.33
2025-12-28,KHC,-3.71,25163999000.0,,0.073,35.01,,,,,,,,,,,,,,,None,1528997000,1528997000,,,,,,None,None,,1.6,0.0666,,,,-0.106,0.0261,0,None,0.5839,2008-12-31,9.42,,8489000000.0,0,330722000,85659000,,,None,95931000,None,,None,,,,,242263000,0,None,None,0.176,,0,383442000,,,,,None,,,,,0.981,0.686,1.135,,,,,,,,-0.173,,,2025-10-29,quarterly,0.61,USD,pre-market,0,,0.0371,-0.0969,-0.023,21.11,467272000,,,,26.87,24.8,4.4699,,,,,,,2379711000,,,31.87,23.33
2025-12-28,KHC,-3.71,25163999000.0,,0.073,35.01,,,,,,,,,,,,,,,None,1628645000,1628645000,,,,,,None,None,,1.6,0.0666,,,,-0.106,0.0261,0,None,0.5839,2008-09-30,9.42,,8489000000.0,0,395726000,112643000,,,None,83978000,None,,None,,,,,276710000,0,None,None,0.176,,0,386530000,,,,,None,,,,,0.981,0.686,1.135,,,,,,,,-0.173,,,2025-10-29,quarterly,0.61,USD,pre-market,0,,0.0371,-0.0969,-0.023,21.11,521873000,,,,26.87,24.8,4.4699,,,,,,,2537048000,,,31.87,23.33
2025-12-28,KHC,-3.71,25163999000.0,,0.073,35.01,,,,,,,,,,,,,,,None,1644385000,1644385000,,,,,,None,None,,1.6,0.0666,,,,-0.106,0.0261,0,None,0.5839,2008-06-30,9.42,,8489000000.0,0,327625000,92581000,,,None,74605000,None,,None,,,,,228964000,0,None,None,0.176,,0,393506000,,,,,None,,,,,0.981,0.686,1.135,,,,,,,,-0.173,,,2025-10-29,quarterly,0.61,USD,pre-market,0,,0.0371,-0.0969,-0.023,21.11,540913000,,,,26.87,24.8,4.4699,,,,,,,2578804000,,,31.87,23.33
2025-12-28,KHC,-3.71,25163999000.0,,0.073,35.01,,,,,,,,,,,,,,,None,1640934000,1640934000,,,,,,None,None,,1.6,0.0666,,,,-0.106,0.0261,0,None,0.5839,2008-03-31,9.42,,8489000000.0,3959218000,295503000,101441000,,,None,82682000,None,,None,,,,,194062000,0,None,None,0.176,,0,375261000,,,,,None,,,,,0.981,0.686,1.135,,,,,,,,-0.173,,,2025-10-29,quarterly,0.61,USD,pre-market,0,,0.0371,-0.0969,-0.023,21.11,599813000,,,,26.87,24.8,4.4699,,,,,,,2688251000,,,31.87,23.33
2025-12-28,KHC,-3.71,25163999000.0,,0.073,35.01,,,,,,,,,,,,,,,None,1605000000,1605000000,,,,,,None,None,,1.6,0.0666,,,,-0.106,0.0261,0,None,0.5839,2007-12-31,9.42,,8489000000.0,0,319358000,100826000,,,None,93462000,None,,None,,,,,218532000,0,None,None,0.176,,0,406056000,,,,,None,,,,,0.981,0.686,1.135,,,,,,,,-0.173,,,2025-10-29,quarterly,0.61,USD,pre-market,0,,0.0371,-0.0969,-0.023,21.11,529360000,,,,26.87,24.8,4.4699,,,,,,,2610863000,,,31.87,23.33
2025-12-28,KHC,-3.71,25163999000.0,,0.073,35.01,,,,,,,,,,,,,,,None,1523617000,1523617000,,,,,,None,None,,1.6,0.0666,,,,-0.106,0.0261,0,None,0.5839,2007-09-30,9.42,,8489000000.0,0,323218000,96181000,,,None,97482000,None,,None,,,,,227037000,0,None,None,0.176,,0,420996000,,,,,None,,,,,0.981,0.686,1.135,,,,,,,,-0.173,,,2025-10-29,quarterly,0.61,USD,pre-market,0,,0.0371,-0.0969,-0.023,21.11,510806000,,,,26.87,24.8,4.4699,,,,,,,2523379000,,,31.87,23.33
2025-12-28,KHC,-3.71,25163999000.0,,0.073,35.01,,,,,,,,,,,,,,,None,1342009000,1342009000,,,,,,None,None,,1.6,0.0666,,,,-0.106,0.0261,0,None,0.5839,2007-06-30,9.42,,8489000000.0,0,279715000,74421000,,,None,91230000,None,,None,,,,,205294000,0,None,None,0.176,,0,366654000,,,,,None,,,,,0.981,0.686,1.135,,,,,,,,-0.173,,,2025-10-29,quarterly,0.61,USD,pre-market,0,,0.0371,-0.0969,-0.023,21.11,471746000,,,,26.87,24.8,4.4699,,,,,,,2248285000,,,31.87,23.33
2025-12-28,KHC,-3.71,25163999000.0,,0.073,35.01,,,,,,,,,,,,,,,None,1423136000,1423136000,,,,,,None,None,,1.6,0.0666,,,,-0.106,0.0261,0,None,0.5839,2007-03-31,9.42,,8489000000.0,3651974000,282169000,101137000,,,None,91418000,None,,None,,,,,181032000,0,None,None,0.176,,0,367760000,,,,,None,,,,,0.981,0.686,1.135,,,,,,,,-0.173,,,2025-10-29,quarterly,0.61,USD,pre-market,0,,0.0371,-0.0969,-0.023,21.11,554009000,,,,26.87,24.8,4.4699,,,,,,,2414293000,,,31.87,23.33
2025-12-28,KHC,-3.71,25163999000.0,,0.073,35.01,,,,,,,,,,,,,,,None,1375681000,1375681000,,,,,,None,None,,1.6,0.0666,,,,-0.106,0.0261,0,None,0.5839,2006-12-31,9.42,,8489000000.0,0,295823000,76785000,,,None,86054000,None,,None,,,,,219038000,0,None,None,0.176,,0,376328000,,,,,None,,,,,0.981,0.686,1.135,,,,,,,,-0.173,,,2025-10-29,quarterly,0.61,USD,pre-market,0,,0.0371,-0.0969,-0.023,21.11,475788000,,,,26.87,24.8,4.4699,,,,,,,2295192000,,,31.87,23.33
2025-12-28,KHC,-3.71,25163999000.0,,0.073,35.01,,,,,,,,,,,,,,,None,1327268000,1327268000,,,,,,None,None,,1.6,0.0666,,,,-0.106,0.0261,0,None,0.5839,2006-09-30,9.42,,8489000000.0,0,302810000,105379000,,,None,80172000,None,,None,,,,,191575000,0,None,None,0.176,,0,382985000,,,,,None,,,,,0.981,0.686,1.135,,,,,,,,-0.173,,,2025-10-29,quarterly,0.61,USD,pre-market,0,,0.0371,-0.0969,-0.023,21.11,463613000,,,,26.87,24.8,4.4699,,,,,,,2232225000,,,31.87,23.33
2025-12-28,KHC,-3.71,25163999000.0,,0.073,35.01,,,,,,,,,,,,,,,None,1223571000,1223571000,,,,,,None,None,,1.6,0.0666,,,,-0.106,0.0261,0,None,0.5839,2006-06-30,9.42,,8489000000.0,0,243597000,49496000,,,None,75626000,None,,None,,,,,194101000,0,None,None,0.176,,0,319642000,,,,,None,,,,,0.981,0.686,1.135,,,,,,,,-0.173,,,2025-10-29,quarterly,0.61,USD,pre-market,0,,0.0371,-0.0969,-0.023,21.11,452775000,,,,26.87,24.8,4.4699,,,,,,,2059920000,,,31.87,23.33
2025-12-28,KHC,-3.71,25163999000.0,,0.073,35.01,,,,,,,,,,,,,,,None,1471982000,1471982000,,,,,,None,None,,1.6,0.0666,,,,-0.106,0.0261,0,None,0.5839,2006-03-31,9.42,,8489000000.0,3439628000,55484000,54405000,,,None,87156000,None,,None,,,,,167908000,0,None,None,0.176,,0,370950000,,,,,None,,,,,0.981,0.686,1.135,,,,,,,,-0.173,,,2025-10-29,quarterly,0.61,USD,pre-market,0,,0.0371,-0.0969,-0.023,21.11,491973000,,,,26.87,24.8,4.4699,,,,,,,2399652000,,,31.87,23.33
2025-12-28,KHC,-3.71,25163999000.0,,0.073,35.01,,,,,,,,,,,,,,,None,1327012000,1327012000,,,,,,None,None,,1.6,0.0666,,,,-0.106,0.0261,0,None,0.5839,2005-12-31,9.42,,8489000000.0,0,219075000,85897000,,,None,86336000,None,,None,,,,,116600000,0,None,None,0.176,,0,342236000,,,,,None,,,,,0.981,0.686,1.135,,,,,,,,-0.173,,,2025-10-29,quarterly,0.61,USD,pre-market,0,,0.0371,-0.0969,-0.023,21.11,452781000,,,,26.87,24.8,4.4699,,,,,,,2186524000,,,31.87,23.33
2025-12-28,KHC,-3.71,25163999000.0,,0.073,35.01,,,,,,,,,,,,,,,None,1269875000,1269875000,,,,,,None,None,,1.6,0.0666,,,,-0.106,0.0261,0,None,0.5839,2005-09-30,9.42,,8489000000.0,0,223124000,54793000,,,None,76500000,None,,None,,,,,203821000,0,None,None,0.176,,0,347461000,,,,,None,,,,,0.981,0.686,1.135,,,,,,,,-0.173,,,2025-10-29,quarterly,0.61,USD,pre-market,0,,0.0371,-0.0969,-0.023,21.11,474511000,,,,26.87,24.8,4.4699,,,,,,,2156984000,,,31.87,23.33
2025-12-28,KHC,-3.71,25163999000.0,,0.073,35.01,,,,,,,,,,,,,,,None,16878000000,16878000000,,,,,,None,948000000,,1.6,0.0666,,,,-0.106,0.0261,1768000000,2716000000,0.5839,2024-12-31,9.42,,8489000000.0,8968000000,856000000,-1890000000,,,None,912000000,69000000,,None,,,,,2744000000,2746000000,-843000000,None,0.176,,7285000000,1683000000,,,,,None,,,,,0.981,0.686,1.135,,,,,,,,-0.173,,,2025-10-29,annual,0.61,USD,pre-market,None,,0.0371,-0.0969,-0.023,21.11,3486000000,,,,26.87,24.8,4.4699,,,,,,,25846000000,,,31.87,23.33
2025-12-28,KHC,-3.71,25163999000.0,,0.073,35.01,,,,,,,,,,,,,,,None,17714000000,17714000000,,,,,,None,961000000,,1.6,0.0666,,,,-0.106,0.0261,4545000000,5506000000,0.5839,2023-12-31,9.42,,8489000000.0,8926000000,3633000000,787000000,,,None,912000000,40000000,,None,,,,,2855000000,2846000000,-872000000,None,0.176,,4354000000,4572000000,,,,,None,,,,,0.981,0.686,1.135,,,,,,,,-0.173,,,2025-10-29,annual,0.61,USD,pre-market,147000000,,0.0371,-0.0969,-0.023,21.11,2522000000,,,,26.87,24.8,4.4699,,,,,,,26640000000,,,31.87,23.33
2025-12-28,KHC,-3.71,25163999000.0,,0.073,35.01,,,,,,,,,,,,,,,None,18363000000,18363000000,,,,,,None,933000000,,1.6,0.0666,,,,-0.106,0.0261,3887000000,4820000000,0.5839,2022-12-31,9.42,,8489000000.0,8122000000,2966000000,598000000,,,None,921000000,27000000,,None,,,,,2363000000,2368000000,-921000000,None,0.176,,4488000000,3634000000,,,,,253000000,,,,,0.981,0.686,1.135,,,,,,,,-0.173,,,2025-10-29,annual,0.61,USD,pre-market,127000000,,0.0371,-0.0969,-0.023,21.11,3426000000,,,,26.87,24.8,4.4699,,,,,,,26485000000,,,31.87,23.33
2025-12-28,KHC,-3.71,25163999000.0,,0.073,35.01,,,,,,,,,,,,,,,None,17360000000,17360000000,,,,,,None,910000000,,1.6,0.0666,,,,-0.106,0.0261,3755000000,4665000000,0.5839,2021-12-31,9.42,,8489000000.0,8682000000,1708000000,684000000,,,None,2047000000,15000000,,None,,,,,1012000000,1024000000,-2032000000,None,0.176,,5222000000,3460000000,,,,,295000000,,,,,0.981,0.686,1.135,,,,,,,,-0.173,,,2025-10-29,annual,0.61,USD,pre-market,140000000,,0.0371,-0.0969,-0.023,21.11,3374000000,,,,26.87,24.8,4.4699,,,,,,,26042000000,,,31.87,23.33
2025-12-28,KHC,-3.71,25163999000.0,,0.073,35.01,,,,,,,,,,,,,,,None,17008000000,17008000000,,,,,,None,969000000,,1.6,0.0666,,,,-0.106,0.0261,2424000000,3393000000,0.5839,2020-12-31,9.42,,8489000000.0,9177000000,1030000000,669000000,,,None,1394000000,27000000,,None,,,,,356000000,361000000,-1394000000,None,0.176,,7049000000,2128000000,,,,,296000000,,,,,0.981,0.686,1.135,,,,,,,,-0.173,,,2025-10-29,annual,0.61,USD,pre-market,119000000,,0.0371,-0.0969,-0.023,21.11,2095000000,,,,26.87,24.8,4.4699,,,,,,,26185000000,,,31.87,23.33
2025-12-28,KHC,-3.71,25163999000.0,,0.073,35.01,,,,,,,,,,,,,,,None,16830000000,16830000000,,,,,,None,994000000,,1.6,0.0666,,,,-0.106,0.0261,4022000000,5016000000,0.5839,2019-12-31,9.42,,8489000000.0,8147000000,2661000000,728000000,,,None,1361000000,None,,None,,,,,1935000000,3389000000,-1361000000,None,0.176,,5077000000,3070000000,,,,,952000000,,,,,0.981,0.686,1.135,,,,,,,,-0.173,,,2025-10-29,annual,0.61,USD,pre-market,112000000,,0.0371,-0.0969,-0.023,21.11,2700000000,,,,26.87,24.8,4.4699,,,,,,,24977000000,,,31.87,23.33
2025-12-28,KHC,-3.71,25163999000.0,,0.073,35.01,,,,,,,,,,,,,,,None,17347000000,17347000000,,,,,,None,983000000,,1.6,0.0666,,,,-0.106,0.0261,-10037000000,-9054000000,0.5839,2018-12-31,9.42,,8489000000.0,8921000000,-11321000000,-1067000000,,,None,1284000000,None,,None,,,,,-10192000000,-12388000000,-1284000000,None,0.176,,19126000000,-10205000000,,,,,183000000,,,,,0.981,0.686,1.135,,,,,,,,-0.173,,,2025-10-29,annual,0.61,USD,pre-market,109000000,,0.0371,-0.0969,-0.023,21.11,2839000000,,,,26.87,24.8,4.4699,,,,,,,26268000000,,,31.87,23.33
2025-12-28,KHC,-3.71,25163999000.0,,0.073,35.01,,,,,,,,,,,,,,,None,17043000000,17043000000,,,,,,None,1031000000,,1.6,0.0666,,,,-0.106,0.0261,6684000000,7715000000,0.5839,2017-12-31,9.42,,8489000000.0,9033000000,5450000000,-5482000000,,,None,1234000000,None,,None,,,,,10941000000,70000000,-1234000000,None,0.176,,2976000000,6057000000,,,,,-9000000,,,,,0.981,0.686,1.135,,,,,,,,-0.173,,,2025-10-29,annual,0.61,USD,pre-market,93000000,,0.0371,-0.0969,-0.023,21.11,2927000000,,,,26.87,24.8,4.4699,,,,,,,26076000000,,,31.87,23.33
2025-12-28,KHC,-3.71,25163999000.0,,0.073,35.01,,,,,,,,,,,,,,,None,17154000000,17154000000,,,,,,None,1337000000,,1.6,0.0666,,,,-0.106,0.0261,6073000000,7410000000,0.5839,2016-12-31,9.42,,8489000000.0,9146000000,4939000000,1333000000,,,None,1134000000,1162000000,,None,,,,,3596000000,6404000000,-1134000000,None,0.176,,3545000000,5601000000,,,,,15000000,,,,,0.981,0.686,1.135,,,,,,,,-0.173,,,2025-10-29,annual,0.61,USD,pre-market,120000000,,0.0371,-0.0969,-0.023,21.11,3527000000,,,,26.87,24.8,4.4699,,,,,,,26300000000,,,31.87,23.33
2025-12-28,KHC,-3.71,25163999000.0,,0.073,35.01,,,,,,,,,,,,,,,None,12577000000,12577000000,,,,,,None,740000000,,1.6,0.0666,,,,-0.106,0.0261,2334000000,3074000000,0.5839,2015-12-31,9.42,,8489000000.0,5761000000,1013000000,366000000,,,None,1321000000,1169000000,,None,,,,,634000000,647000000,None,None,0.176,,3122000000,2639000000,,,,,-305000000,,,,,0.981,0.686,1.135,,,,,,,,-0.173,,,2025-10-29,annual,0.61,USD,pre-market,105000000,,0.0371,-0.0969,-0.023,21.11,3122000000,,,,26.87,24.8,4.4699,,,,,,,18338000000,,,31.87,23.33
2025-12-28,KHC,-3.71,25163999000.0,,0.073,35.01,,,,,,,,,,,,,,,None,13360000000,13360000000,,,,,,None,385000000,,1.6,0.0666,,,,-0.106,0.0261,1890000000,2275000000,0.5839,2014-12-31,9.42,,8489000000.0,4845000000,1406000000,363000000,,,None,484000000,None,,None,,,,,1043000000,672000000,None,None,0.176,,2955000000,1890000000,,,,,None,,,,,0.981,0.686,1.135,,,,,,,,-0.173,,,2025-10-29,annual,0.61,USD,pre-market,58000000,,0.0371,-0.0969,-0.023,21.11,2956000000,,,,26.87,24.8,4.4699,,,,,,,18205000000,,,31.87,23.33
2025-12-28,KHC,-3.71,25163999000.0,,0.073,35.01,,,,,,,,,,,,,,,None,11395000000,11395000000,,,,,,None,393000000,,1.6,0.0666,,,,-0.106,0.0261,4591000000,4984000000,0.5839,2013-12-31,9.42,,8489000000.0,6823000000,4090000000,1375000000,,,None,501000000,None,,None,,,,,2715000000,None,None,None,0.176,,2232000000,4591000000,,,,,None,,,,,0.981,0.686,1.135,,,,,,,,-0.173,,,2025-10-29,annual,0.61,USD,pre-market,94500000,,0.0371,-0.0969,-0.023,21.11,2124000000,,,,26.87,24.8,4.4699,,,,,,,18218000000,,,31.87,23.33
2025-12-28,KHC,-3.71,25163999000.0,,0.073,35.01,,,,,,,,,,,,,,,None,12499000000,12499000000,,,,,,None,428000000,,1.6,0.0666,,,,-0.106,0.0261,2711000000,3139000000,0.5839,2012-12-31,9.42,,8489000000.0,5772000000,2453000000,811000000,,,None,258000000,None,,None,,,,,1642000000,None,None,None,0.176,,3102000000,2670000000,,,,,None,,,,,0.981,0.686,1.135,,,,,,,,-0.173,,,2025-10-29,annual,0.61,USD,pre-market,None,,0.0371,-0.0969,-0.023,21.11,2961000000,,,,26.87,24.8,4.4699,,,,,,,18271000000,,,31.87,23.33
2025-12-28,KHC,-3.71,25163999000.0,,0.073,35.01,,,,,,,,,,,,,,,None,12813000000,12813000000,,,,,,None,364000000,,1.6,0.0666,,,,-0.106,0.0261,2880000000,3244000000,0.5839,2011-12-31,9.42,,8489000000.0,5763000000,2876000000,1101000000,,,None,4000000,None,,None,,,,,1775000000,None,None,None,0.176,,2935000000,2828000000,,,,,None,,,,,0.981,0.686,1.135,,,,,,,,-0.173,,,2025-10-29,annual,0.61,USD,pre-market,None,,0.0371,-0.0969,-0.023,21.11,2937000000,,,,26.87,24.8,4.4699,,,,,,,18576000000,,,31.87,23.33
2025-12-28,KHC,-3.71,25163999000.0,,0.073,35.01,,,,,,,,,,,,,,,None,11777000000,11777000000,,,,,,None,354000000,,1.6,0.0666,,,,-0.106,0.0261,3005000000,3359000000,0.5839,2010-12-31,9.42,,8489000000.0,6020000000,3002000000,1112000000,,,None,3000000,None,,None,,,,,3534000000,None,None,None,0.176,,3055000000,2965000000,,,,,None,,,,,0.981,0.686,1.135,,,,,,,,-0.173,,,2025-10-29,annual,0.61,USD,pre-market,None,,0.0371,-0.0969,-0.023,21.11,3063000000,,,,26.87,24.8,4.4699,,,,,,,17797000000,,,31.87,23.33
2025-12-28,KHC,-3.71,25163999000.0,,0.073,35.01,,,,,,,,,,,,,,,None,6409261000,6409261000,,,,,,None,None,,1.6,0.0666,,,,-0.106,0.0261,None,None,0.5839,2009-12-31,9.42,,8489000000.0,4085722000,1290454000,358514000,,,None,0,None,,None,,,,,864892000,None,None,None,0.176,,None,1581916000,,,,,None,,,,,0.981,0.686,1.135,,,,,,,,-0.173,,,2025-10-29,annual,0.61,USD,pre-market,None,,0.0371,-0.0969,-0.023,21.11,2221078000,,,,26.87,24.8,4.4699,,,,,,,10494983000,,,31.87,23.33
2025-12-28,KHC,-3.71,25163999000.0,,0.073,35.01,,,,,,,,,,,,,,,None,6292853000,6292853000,,,,,,None,None,,1.6,0.0666,,,,-0.106,0.0261,None,None,0.5839,2008-12-31,9.42,,8489000000.0,3855229000,1296200000,373128000,,,None,0,None,,None,,,,,923072000,None,None,None,0.176,,None,1493652000,,,,,None,,,,,0.981,0.686,1.135,,,,,,,,-0.173,,,2025-10-29,annual,0.61,USD,pre-market,None,,0.0371,-0.0969,-0.023,21.11,2089983000,,,,26.87,24.8,4.4699,,,,,,,10148082000,,,31.87,23.33
2025-12-28,KHC,-3.71,25163999000.0,,0.073,35.01,,,,,,,,,,,,,,,None,6111560000,6111560000,,,,,,None,None,,1.6,0.0666,,,,-0.106,0.0261,None,None,0.5839,2007-12-31,9.42,,8489000000.0,3959218000,1217794000,372869000,,,None,0,None,,None,,,,,844925000,None,None,None,0.176,,None,1568967000,,,,,None,,,,,0.981,0.686,1.135,,,,,,,,-0.173,,,2025-10-29,annual,0.61,USD,pre-market,None,,0.0371,-0.0969,-0.023,21.11,2111725000,,,,26.87,24.8,4.4699,,,,,,,10070778000,,,31.87,23.33
2025-12-28,KHC,-3.71,25163999000.0,,0.073,35.01,,,,,,,,,,,,,,,None,5349656000,5349656000,,,,,,None,None,,1.6,0.0666,,,,-0.106,0.0261,None,None,0.5839,2006-12-31,9.42,,8489000000.0,3651974000,1124399000,332797000,,,None,0,None,,None,,,,,785746000,None,None,None,0.176,,None,1446715000,,,,,None,,,,,0.981,0.686,1.135,,,,,,,,-0.173,,,2025-10-29,annual,0.61,USD,pre-market,None,,0.0371,-0.0969,-0.023,21.11,1946185000,,,,26.87,24.8,4.4699,,,,,,,9001630000,,,31.87,23.33
2025-12-28,KHC,-3.71,25163999000.0,,0.073,35.01,,,,,,,,,,,,,,,None,5203810000,5203810000,,,,,,None,None,,1.6,0.0666,,,,-0.106,0.0261,None,None,0.5839,2005-12-31,9.42,,8489000000.0,3439628000,693461000,250700000,,,None,0,None,,None,,,,,645603000,None,None,None,0.176,,None,1349912000,,,,,None,,,,,0.981,0.686,1.135,,,,,,,,-0.173,,,2025-10-29,annual,0.61,USD,pre-market,None,,0.0371,-0.0969,-0.023,21.11,1834662000,,,,26.87,24.8,4.4699,,,,,,,8643438000,,,31.87,23.33
2025-12-28,KHC,-3.71,25163999000.0,None,0.073,35.01,,None,2114000000,2114000000,,,,,,,,,12000000,1186000000,None,5203810000,5203810000,4582000000,None,1905000000,2255000000,None,None,None,,1.6,0.0666,,,,-0.106,0.0261,None,None,0.5839,2025-09-30,9.42,22167000000,8489000000.0,3439628000,693461000,250700000,37545000000,37545000000,None,0,None,3530000000,None,None,19287000000,None,None,645603000,None,None,None,0.176,,None,1349912000,1069000000,1045000000,None,1396000000,None,,,,,0.981,0.686,1.135,,,,,,,,-0.173,,None,2025-10-29,quarterly,0.61,USD,pre-market,None,-5280000000,0.0371,-0.0969,-0.023,21.11,1834662000,21192000000,1905000000,1020000000,26.87,24.8,4.4699,81695000000,9988000000,8863000000,40116000000,71707000000,31253000000,8643438000,41450000000,None,31.87,23.33
2025-12-28,KHC,-3.71,25163999000.0,None,0.073,35.01,,None,1567000000,1567000000,,,,,,,,,12000000,1190000000,None,5203810000,5203810000,4340000000,None,1904000000,2344000000,None,None,None,,1.6,0.0666,,,,-0.106,0.0261,None,None,0.5839,2025-06-30,9.42,22226000000,8489000000.0,3439628000,693461000,250700000,37782000000,37782000000,None,0,None,3567000000,None,None,19307000000,None,None,645603000,None,None,None,0.176,,None,1349912000,766000000,2380000000,None,1568000000,None,,,,,0.981,0.686,1.135,,,,,,,,-0.173,,None,2025-10-29,quarterly,0.61,USD,pre-market,None,-5895000000,0.0371,-0.0969,-0.023,21.11,1834662000,21211000000,1904000000,997000000,26.87,24.8,4.4699,81581000000,9241000000,8624000000,40089000000,72340000000,31465000000,8643438000,41358000000,None,31.87,23.33
2025-12-28,KHC,-3.71,25163999000.0,None,0.073,35.01,,None,2113000000,2113000000,,,,,,,,,12000000,1194000000,None,5203810000,5203810000,4122000000,None,678000000,2257000000,None,None,None,,1.6,0.0666,,,,-0.106,0.0261,None,None,0.5839,2025-03-31,9.42,28753000000,8489000000.0,3439628000,693461000,250700000,40147000000,40147000000,None,0,None,3591000000,None,None,20925000000,None,None,645603000,None,None,None,0.176,,None,1349912000,823000000,2435000000,None,1298000000,None,,,,,0.981,0.686,1.135,,,,,,,,-0.173,,None,2025-10-29,quarterly,0.61,USD,pre-market,None,2404000000,0.0371,-0.0969,-0.023,21.11,1834662000,21603000000,678000000,674000000,26.87,24.8,4.4699,90274000000,9458000000,7235000000,40669000000,80816000000,33434000000,8643438000,49460000000,None,31.87,23.33
2025-12-28,KHC,-3.71,25163999000.0,None,0.073,35.01,,None,1334000000,1334000000,,,,,,,,,12000000,1207000000,None,5203810000,5203810000,4188000000,None,654000000,2147000000,None,None,None,,1.6,0.0666,,,,-0.106,0.0261,None,None,0.5839,2024-12-31,9.42,28673000000,8489000000.0,3439628000,693461000,250700000,40099000000,40099000000,None,0,None,3376000000,None,None,19215000000,None,None,645603000,None,None,None,0.176,,None,1349912000,798000000,2411000000,None,1306000000,None,,,,,0.981,0.686,1.135,,,,,,,,-0.173,,None,2025-10-29,quarterly,0.61,USD,pre-market,None,2171000000,0.0371,-0.0969,-0.023,21.11,1834662000,19869000000,654000000,None,26.87,24.8,4.4699,88287000000,7655000000,7253000000,38962000000,80632000000,31709000000,8643438000,49185000000,None,31.87,23.33
2025-12-28,KHC,-3.71,25163999000.0,None,0.073,35.01,,None,1284000000,1284000000,,,,,,,,,12000000,1210000000,None,5203810000,5203810000,4553000000,None,708000000,2178000000,None,None,None,,1.6,0.0666,,,,-0.106,0.0261,None,None,0.5839,2024-09-30,9.42,28946000000,8489000000.0,3439628000,693461000,250700000,41802000000,41802000000,None,0,None,3872000000,None,None,19383000000,None,None,645603000,None,None,None,0.176,,None,1349912000,868000000,2467000000,None,1437000000,None,,,,,0.981,0.686,1.135,,,,,,,,-0.173,,None,2025-10-29,quarterly,0.61,USD,pre-market,None,521000000,0.0371,-0.0969,-0.023,21.11,1834662000,20091000000,708000000,10121000000,26.87,24.8,4.4699,88566000000,8202000000,7728000000,40097000000,80364000000,32369000000,8643438000,48328000000,None,31.87,23.33
2025-12-28,KHC,-3.71,25163999000.0,None,0.073,35.01,,None,900000000,900000000,,,,,,,,,12000000,1216000000,None,5203810000,5203810000,4448000000,None,669000000,2160000000,None,None,None,,1.6,0.0666,,,,-0.106,0.0261,None,None,0.5839,2024-06-30,9.42,29501000000,8489000000.0,3439628000,693461000,250700000,42347000000,42347000000,None,0,None,3573000000,None,None,19265000000,None,None,645603000,None,None,None,0.176,,None,1349912000,897000000,2369000000,None,1305000000,None,,,,,0.981,0.686,1.135,,,,,,,,-0.173,,None,2025-10-29,quarterly,0.61,USD,pre-market,None,1297000000,0.0371,-0.0969,-0.023,21.11,1834662000,19934000000,669000000,None,26.87,24.8,4.4699,88797000000,7530000000,7486000000,39766000000,81267000000,32280000000,8643438000,48895000000,None,31.87,23.33
2025-12-28,KHC,-3.71,25163999000.0,None,0.073,35.01,,None,1626000000,1626000000,,,,,,,,,12000000,1223000000,None,5203810000,5203810000,4421000000,None,622000000,2216000000,None,None,None,,1.6,0.0666,,,,-0.106,0.0261,None,None,0.5839,2024-03-31,9.42,30390000000,8489000000.0,3439628000,693461000,250700000,42296000000,42296000000,None,0,None,3578000000,None,None,19923000000,None,None,645603000,None,None,None,0.176,,None,1349912000,813000000,2528000000,None,1353000000,None,,,,,0.981,0.686,1.135,,,,,,,,-0.173,,None,2025-10-29,quarterly,0.61,USD,pre-market,None,1680000000,0.0371,-0.0969,-0.023,21.11,1834662000,20545000000,622000000,10301000000,26.87,24.8,4.4699,90309000000,8233000000,7571000000,40621000000,82076000000,33050000000,8643438000,49522000000,None,31.87,23.33
2025-12-28,KHC,-3.71,25163999000.0,None,0.073,35.01,,None,1400000000,1400000000,,,,,,,,,12000000,1232000000,None,5203810000,5203810000,4627000000,None,638000000,2112000000,None,None,None,,1.6,0.0666,,,,-0.106,0.0261,None,None,0.5839,2023-12-31,9.42,30459000000,8489000000.0,3439628000,693461000,250700000,42448000000,42448000000,None,0,None,3614000000,None,None,19394000000,None,None,645603000,None,None,None,0.176,,None,1349912000,803000000,2772000000,None,1418000000,None,,,,,0.981,0.686,1.135,,,,,,,,-0.173,,None,2025-10-29,quarterly,0.61,USD,pre-market,None,1367000000,0.0371,-0.0969,-0.023,21.11,1834662000,20032000000,638000000,None,26.87,24.8,4.4699,90339000000,7929000000,8037000000,40617000000,82410000000,32580000000,8643438000,49526000000,None,31.87,23.33
2025-12-28,KHC,-3.71,25163999000.0,None,0.073,35.01,,None,1052000000,1052000000,,,,,,,,,12000000,1235000000,None,5203810000,5203810000,4463000000,None,608000000,2103000000,None,None,None,,1.6,0.0666,,,,-0.106,0.0261,None,None,0.5839,2023-09-30,9.42,30310000000,8489000000.0,3439628000,693461000,250700000,42314000000,42314000000,None,0,None,3779000000,None,None,19270000000,None,None,645603000,None,None,None,0.176,,None,1349912000,904000000,2733000000,None,1413000000,None,,,,,0.981,0.686,1.135,,,,,,,,-0.173,,None,2025-10-29,quarterly,0.61,USD,pre-market,None,1104000000,0.0371,-0.0969,-0.023,21.11,1834662000,19878000000,608000000,None,26.87,24.8,4.4699,89656000000,7838000000,7804000000,40198000000,81818000000,32394000000,8643438000,49276000000,None,31.87,23.33
2025-12-28,KHC,-3.71,25163999000.0,None,0.073,35.01,,None,947000000,947000000,,,,,,,,,12000000,1235000000,None,5203810000,5203810000,4545000000,None,630000000,2237000000,None,None,None,,1.6,0.0666,,,,-0.106,0.0261,None,None,0.5839,2023-06-30,9.42,30953000000,8489000000.0,3439628000,693461000,250700000,42714000000,42714000000,None,0,None,3820000000,None,None,19367000000,None,None,645603000,None,None,None,0.176,,None,1349912000,990000000,3210000000,None,1442000000,None,,,,,0.981,0.686,1.135,,,,,,,,-0.173,,None,2025-10-29,quarterly,0.61,USD,pre-market,None,1336000000,0.0371,-0.0969,-0.023,21.11,1834662000,19997000000,630000000,None,26.87,24.8,4.4699,90956000000,7994000000,8385000000,40942000000,82962000000,32557000000,8643438000,49814000000,-870000000,31.87,23.33
2025-12-28,KHC,-3.71,25163999000.0,None,0.073,35.01,,None,826000000,826000000,,,,,,,,,12000000,1234000000,None,5203810000,5203810000,4804000000,None,842000000,2286000000,None,None,None,,1.6,0.0666,,,,-0.106,0.0261,None,None,0.5839,2023-03-31,9.42,30888000000,8489000000.0,3439628000,693461000,250700000,42665000000,42665000000,None,0,None,4016000000,None,None,19263000000,None,None,645603000,None,None,None,0.176,,None,1349912000,1088000000,3308000000,None,1601000000,None,,,,,0.981,0.686,1.135,,,,,,,,-0.173,,6776000000,2025-10-29,quarterly,0.61,USD,pre-market,None,831000000,0.0371,-0.0969,-0.023,21.11,1834662000,20105000000,842000000,None,26.87,24.8,4.4699,90943000000,8216000000,8954000000,41590000000,82727000000,32636000000,8643438000,49153000000,-852000000,31.87,23.33
2025-12-28,KHC,-3.71,25163999000.0,None,0.073,35.01,,None,1040000000,1040000000,,,,,,,,,12000000,1233000000,None,5203810000,5203810000,4848000000,None,837000000,2120000000,None,None,None,,1.6,0.0666,,,,-0.106,0.0261,None,None,0.5839,2022-12-31,9.42,30833000000,8489000000.0,3439628000,693461000,250700000,42649000000,42649000000,None,0,None,3651000000,None,None,19233000000,None,None,645603000,None,None,None,0.176,,None,1349912000,1086000000,3207000000,None,1609000000,None,,,,,0.981,0.686,1.135,,,,,,,,-0.173,,7408000000,2025-10-29,quarterly,0.61,USD,pre-market,None,489000000,0.0371,-0.0969,-0.023,21.11,1834662000,20070000000,837000000,None,26.87,24.8,4.4699,90513000000,7897000000,9028000000,41643000000,82616000000,32615000000,8643438000,48678000000,-847000000,31.87,23.33
2025-12-28,KHC,-3.71,25163999000.0,None,0.073,35.01,,None,997000000,997000000,,,,,,,,,12000000,1235000000,None,5203810000,5203810000,4733000000,None,774000000,2055000000,None,None,None,,1.6,0.0666,,,,-0.106,0.0261,None,None,0.5839,2022-09-30,9.42,30574000000,8489000000.0,3439628000,693461000,250700000,42354000000,42354000000,None,0,None,3535000000,None,None,19296000000,None,None,645603000,None,None,None,0.176,,None,1349912000,1273000000,3179000000,None,1698000000,None,,,,,0.981,0.686,1.135,,,,,,,,-0.173,,6417000000,2025-10-29,quarterly,0.61,USD,pre-market,None,-208000000,0.0371,-0.0969,-0.023,21.11,1834662000,20070000000,774000000,None,26.87,24.8,4.4699,89992000000,7860000000,8686000000,41649000000,82132000000,32963000000,8643438000,48148000000,-729000000,31.87,23.33
2025-12-28,KHC,-3.71,25163999000.0,None,0.073,35.01,,None,1518000000,1518000000,,,,,,,,,12000000,1235000000,None,5203810000,5203810000,4778000000,None,1194000000,2145000000,None,None,None,,1.6,0.0666,,,,-0.106,0.0261,None,None,0.5839,2022-06-30,9.42,31176000000,8489000000.0,3439628000,693461000,250700000,42960000000,42960000000,None,0,None,3433000000,None,None,19724000000,None,None,645603000,None,None,None,0.176,,None,1349912000,1042000000,3147000000,None,1658000000,None,,,,,0.981,0.686,1.135,,,,,,,,-0.173,,6568000000,2025-10-29,quarterly,0.61,USD,pre-market,None,-640000000,0.0371,-0.0969,-0.023,21.11,1834662000,20918000000,1194000000,None,26.87,24.8,4.4699,91676000000,8138000000,9119000000,42674000000,83538000000,33555000000,8643438000,48796000000,-686000000,31.87,23.33
2025-12-28,KHC,-3.71,25163999000.0,None,0.073,35.01,,None,2978000000,2978000000,,,,,,,,,12000000,1234000000,None,5203810000,5203810000,4610000000,None,780000000,2067000000,None,None,None,,1.6,0.0666,,,,-0.106,0.0261,None,None,0.5839,2022-03-31,9.42,31440000000,8489000000.0,3439628000,693461000,250700000,43640000000,43640000000,None,0,None,3093000000,None,None,20970000000,None,None,645603000,None,None,None,0.176,,None,1349912000,1137000000,3674000000,None,1643000000,None,,,,,0.981,0.686,1.135,,,,,,,,-0.173,,6602000000,2025-10-29,quarterly,0.61,USD,pre-market,None,-905000000,0.0371,-0.0969,-0.023,21.11,1834662000,21750000000,780000000,None,26.87,24.8,4.4699,93864000000,9275000000,9064000000,44020000000,84589000000,34956000000,8643438000,49644000000,-605000000,31.87,23.33
2025-12-28,KHC,-3.71,25163999000.0,None,0.073,35.01,,None,3445000000,3445000000,,,,,,,,,12000000,1225000000,None,5203810000,5203810000,4753000000,None,754000000,1957000000,None,None,None,,1.6,0.0666,,,,-0.106,0.0261,None,None,0.5839,2021-12-31,9.42,31296000000,8489000000.0,3439628000,693461000,250700000,43542000000,43542000000,None,0,None,2729000000,None,None,21061000000,None,None,645603000,None,None,None,0.176,,None,1349912000,863000000,3016000000,None,1542000000,None,,,,,0.981,0.686,1.135,,,,,,,,-0.173,,6806000000,2025-10-29,quarterly,0.61,USD,pre-market,None,-1682000000,0.0371,-0.0969,-0.023,21.11,1834662000,21815000000,754000000,None,26.87,24.8,4.4699,93394000000,8994000000,9064000000,43942000000,84400000000,34878000000,8643438000,49298000000,-587000000,31.87,23.33
2025-12-28,KHC,-3.71,25163999000.0,None,0.073,35.01,,None,2273000000,2273000000,,,,,,,,,12000000,1236000000,None,5203810000,5203810000,4380000000,None,1035000000,1958000000,None,None,None,,1.6,0.0666,,,,-0.106,0.0261,None,None,0.5839,2021-09-30,9.42,31386000000,8489000000.0,3439628000,693461000,250700000,44803000000,44803000000,None,0,None,2839000000,None,None,22937000000,None,None,645603000,None,None,None,0.176,,None,1349912000,2487000000,3040000000,None,1638000000,None,,,,,0.981,0.686,1.135,,,,,,,,-0.173,,6588000000,2025-10-29,quarterly,0.61,USD,pre-market,None,-1425000000,0.0371,-0.0969,-0.023,21.11,1834662000,23972000000,1035000000,None,26.87,24.8,4.4699,94897000000,9557000000,8455000000,44659000000,85340000000,36204000000,8643438000,50089000000,-463000000,31.87,23.33
2025-12-28,KHC,-3.71,25163999000.0,None,0.073,35.01,,None,3941000000,3941000000,,,,,,,,,12000000,1224000000,None,5203810000,5203810000,4391000000,None,1610000000,2008000000,None,None,None,,1.6,0.0666,,,,-0.106,0.0261,None,None,0.5839,2021-06-30,9.42,31477000000,8489000000.0,3439628000,693461000,250700000,44941000000,44941000000,None,0,None,2820000000,None,None,23545000000,None,None,645603000,None,None,None,0.176,,None,1349912000,2616000000,3878000000,None,1847000000,None,,,,,0.981,0.686,1.135,,,,,,,,-0.173,,6611000000,2025-10-29,quarterly,0.61,USD,pre-market,None,-2158000000,0.0371,-0.0969,-0.023,21.11,1834662000,25155000000,1610000000,None,26.87,24.8,4.4699,97038000000,11385000000,9879000000,46896000000,85653000000,37017000000,8643438000,49997000000,-392000000,31.87,23.33
2025-12-28,KHC,-3.71,25163999000.0,None,0.073,35.01,,None,2360000000,2360000000,,,,,,,,,12000000,1232000000,None,5203810000,5203810000,4225000000,None,132000000,2079000000,None,None,None,,1.6,0.0666,,,,-0.106,0.0261,None,None,0.5839,2021-03-31,9.42,31447000000,8489000000.0,3439628000,693461000,250700000,45021000000,45021000000,None,0,None,2676000000,None,None,27074000000,None,None,645603000,None,None,None,0.176,,None,1349912000,6021000000,3213000000,None,1970000000,None,,,,,0.981,0.686,1.135,,,,,,,,-0.173,,6579000000,2025-10-29,quarterly,0.61,USD,pre-market,None,-2131000000,0.0371,-0.0969,-0.023,21.11,1834662000,27206000000,132000000,None,26.87,24.8,4.4699,98664000000,13136000000,7570000000,48233000000,85528000000,40663000000,8643438000,50288000000,-373000000,31.87,23.33
2025-12-28,KHC,-3.71,25163999000.0,None,0.073,35.01,,None,3417000000,3417000000,,,,,,,,,12000000,1230000000,None,5203810000,5203810000,4304000000,None,236000000,2063000000,None,None,None,,1.6,0.0666,,,,-0.106,0.0261,None,None,0.5839,2020-12-31,9.42,33089000000,8489000000.0,3439628000,693461000,250700000,46667000000,46667000000,None,0,None,2773000000,None,None,28070000000,None,None,645603000,None,None,None,0.176,,None,1349912000,2569000000,3407000000,None,1994000000,None,,,,,0.981,0.686,1.135,,,,,,,,-0.173,,6876000000,2025-10-29,quarterly,0.61,USD,pre-market,None,-2694000000,0.0371,-0.0969,-0.023,21.11,1834662000,28306000000,236000000,None,26.87,24.8,4.4699,99830000000,10822000000,8061000000,49587000000,89008000000,41526000000,8643438000,50103000000,-344000000,31.87,23.33
2025-12-28,KHC,-3.71,25163999000.0,None,0.073,35.01,,None,2720000000,2720000000,,,,,,,,,12000000,1229000000,None,5203810000,5203810000,4052000000,None,535000000,1979000000,None,None,None,,1.6,0.0666,,,,-0.106,0.0261,None,None,0.5839,2020-09-30,9.42,32861000000,8489000000.0,3439628000,693461000,250700000,46418000000,46418000000,None,0,None,2661000000,None,None,27882000000,None,None,645603000,None,None,None,0.176,,None,1349912000,2705000000,3107000000,None,1746000000,None,,,,,0.981,0.686,1.135,,,,,,,,-0.173,,6558000000,2025-10-29,quarterly,0.61,USD,pre-market,None,-3739000000,0.0371,-0.0969,-0.023,21.11,1834662000,28417000000,535000000,None,26.87,24.8,4.4699,98122000000,10065000000,7694000000,48783000000,88057000000,41089000000,8643438000,49218000000,-341000000,31.87,23.33
2025-12-28,KHC,-3.71,25163999000.0,None,0.073,35.01,,None,2812000000,2812000000,,,,,,,,,12000000,1223000000,None,5203810000,5203810000,3880000000,None,763000000,2045000000,None,None,None,,1.6,0.0666,,,,-0.106,0.0261,None,None,0.5839,2020-06-30,9.42,33310000000,8489000000.0,3439628000,693461000,250700000,47202000000,47202000000,None,0,None,2815000000,None,None,28097000000,None,None,645603000,None,None,None,0.176,,None,1349912000,1104000000,3407000000,None,1620000000,None,,,,,0.981,0.686,1.135,,,,,,,,-0.173,,6777000000,2025-10-29,quarterly,0.61,USD,pre-market,None,-4336000000,0.0371,-0.0969,-0.023,21.11,1834662000,28860000000,763000000,None,26.87,24.8,4.4699,98306000000,8776000000,8050000000,49141000000,89530000000,41091000000,8643438000,49040000000,-330000000,31.87,23.33
2025-12-28,KHC,-3.71,25163999000.0,None,0.073,35.01,,None,5403000000,5403000000,,,,,,,,,12000000,1224000000,None,5203810000,5203810000,3956000000,None,1248000000,2321000000,None,None,None,,1.6,0.0666,,,,-0.106,0.0261,None,None,0.5839,2020-03-31,9.42,35062000000,8489000000.0,3439628000,693461000,250700000,48259000000,48259000000,None,0,None,2831000000,None,None,31531000000,None,None,645603000,None,None,None,0.176,,None,1349912000,1153000000,2730000000,None,250000000,None,,,,,0.981,0.686,1.135,,,,,,,,-0.173,,6813000000,2025-10-29,quarterly,0.61,USD,pre-market,None,-2686000000,0.0371,-0.0969,-0.023,21.11,1834662000,32779000000,1248000000,None,26.87,24.8,4.4699,104073000000,11708000000,7934000000,52949000000,92365000000,45015000000,8643438000,51009000000,-269000000,31.87,23.33
2025-12-28,KHC,-3.71,25163999000.0,None,0.073,35.01,,None,2279000000,2279000000,,,,,,,,,12000000,1225000000,None,5203810000,5203810000,4003000000,None,1028000000,1973000000,None,None,None,,1.6,0.0666,,,,-0.106,0.0261,None,None,0.5839,2019-12-31,9.42,35546000000,8489000000.0,3439628000,693461000,250700000,48652000000,48652000000,None,0,None,2721000000,None,None,28216000000,None,None,645603000,None,None,None,0.176,,None,1349912000,1124000000,2844000000,None,273000000,None,,,,,0.981,0.686,1.135,,,,,,,,-0.173,,7055000000,2025-10-29,quarterly,0.61,USD,pre-market,None,-3060000000,0.0371,-0.0969,-0.023,21.11,1834662000,29244000000,1028000000,None,26.87,24.8,4.4699,101450000000,8097000000,7875000000,49701000000,93353000000,41826000000,8643438000,51623000000,-271000000,31.87,23.33
2025-12-28,KHC,-3.71,25163999000.0,None,0.073,35.01,,None,2315000000,2315000000,,,,,,,,,12000000,1223000000,None,5203810000,5203810000,4156000000,None,2560000000,2078000000,None,None,None,,1.6,0.0666,,,,-0.106,0.0261,None,None,0.5839,2019-09-30,9.42,35826000000,8489000000.0,3439628000,693461000,250700000,48714000000,48714000000,None,0,None,3158000000,None,None,28112000000,None,None,645603000,None,None,None,0.176,,None,1349912000,1574000000,2396000000,None,315000000,None,,,,,0.981,0.686,1.135,,,,,,,,-0.173,,6926000000,2025-10-29,quarterly,0.61,USD,pre-market,None,-3241000000,0.0371,-0.0969,-0.023,21.11,1834662000,30672000000,2560000000,None,26.87,24.8,4.4699,102822000000,9125000000,9112000000,51016000000,93697000000,41904000000,8643438000,51673000000,-265000000,31.87,23.33
2025-12-28,KHC,-3.71,25163999000.0,None,0.073,35.01,,None,1096000000,1096000000,,,,,,,,,12000000,1224000000,None,5203810000,5203810000,4184000000,None,1299000000,2095000000,None,None,None,,1.6,0.0666,,,,-0.106,0.0261,None,None,0.5839,2019-06-30,9.42,36091000000,8489000000.0,3439628000,693461000,250700000,49553000000,49553000000,None,0,None,3118000000,None,None,29832000000,None,None,645603000,None,None,None,0.176,,None,1349912000,1116000000,-9680000000,None,308000000,None,,,,,0.981,0.686,1.135,,,,,,,,-0.173,,7023000000,2025-10-29,quarterly,0.61,USD,pre-market,None,-4586000000,0.0371,-0.0969,-0.023,21.11,1834662000,31139000000,1307000000,None,26.87,24.8,4.4699,103562000000,8835000000,7972000000,51727000000,94727000000,43755000000,8643438000,51703000000,-291000000,31.87,23.33
2025-12-28,KHC,-3.71,25163999000.0,None,0.073,35.01,,None,1130000000,1130000000,,,,,,,,,12000000,1220000000,None,5203810000,5203810000,4153000000,None,1307000000,2281000000,None,None,None,,1.6,0.0666,,,,-0.106,0.0261,None,None,0.5839,2019-03-31,9.42,36503000000,8489000000.0,3439628000,693461000,250700000,49468000000,49468000000,None,0,None,2667000000,None,None,29803000000,None,None,645603000,None,None,None,0.176,,None,1349912000,2997000000,2952000000,None,308000000,None,,,,,0.981,0.686,1.135,,,,,,,,-0.173,,7031000000,2025-10-29,quarterly,0.61,USD,pre-market,None,-4853000000,0.0371,-0.0969,-0.023,21.11,1834662000,31168000000,398000000,None,26.87,24.8,4.4699,103461000000,9075000000,7503000000,51683000000,94386000000,44180000000,8643438000,51657000000,-291000000,31.87,23.33
2025-12-28,KHC,-3.71,25163999000.0,None,0.073,35.01,,None,1130000000,1130000000,,,,,,,,,12000000,1219000000,None,5203810000,5203810000,4153000000,None,377000000,2281000000,None,None,None,,1.6,0.0666,,,,-0.106,0.0261,None,None,0.5839,2018-12-31,9.42,36503000000,8489000000.0,3439628000,693461000,250700000,49468000000,49468000000,None,0,None,2667000000,None,None,30571000000,None,None,645603000,None,None,None,0.176,,None,1349912000,400000000,1767000000,None,306000000,None,,,,,0.981,0.686,1.135,,,,,,,,-0.173,,7078000000,2025-10-29,quarterly,0.61,USD,pre-market,None,-4853000000,0.0371,-0.0969,-0.023,21.11,1834662000,30791000000,21000000,None,26.87,24.8,4.4699,103461000000,9075000000,7503000000,51804000000,94386000000,43278000000,8643438000,51657000000,-282000000,31.87,23.33
2025-12-28,KHC,-3.71,25163999000.0,None,0.073,35.01,,None,1366000000,1366000000,,,,,,,,,12000000,1226000000,None,5203810000,5203810000,4312000000,None,405000000,2227000000,None,None,None,,1.6,0.0666,,,,-0.106,0.0261,None,None,0.5839,2018-09-30,9.42,44308000000,8489000000.0,3439628000,693461000,250700000,58727000000,58727000000,None,0,None,3287000000,None,None,30998000000,None,None,645603000,None,None,None,0.176,,None,1349912000,710000000,1787000000,None,394000000,None,,,,,0.981,0.686,1.135,,,,,,,,-0.173,,7216000000,2025-10-29,quarterly,0.61,USD,pre-market,None,8576000000,0.0371,-0.0969,-0.023,21.11,1834662000,32376000000,1378000000,1000000,26.87,24.8,4.4699,119730000000,7590000000,7581000000,54152000000,112140000000,46571000000,8643438000,65385000000,-264000000,31.87,23.33
2025-12-28,KHC,-3.71,25163999000.0,None,0.073,35.01,,None,3369000000,3369000000,,,,,,,,,12000000,1226000000,None,5203810000,5203810000,4326000000,None,2754000000,2164000000,None,None,None,,1.6,0.0666,,,,-0.106,0.0261,None,None,0.5839,2018-06-30,9.42,44270000000,8489000000.0,3439628000,693461000,250700000,59101000000,59101000000,None,0,None,3161000000,None,None,31380000000,None,None,645603000,None,None,None,0.176,,None,1349912000,807000000,1889000000,None,394000000,None,,,,,0.981,0.686,1.135,,,,,,,,-0.173,,7258000000,2025-10-29,quarterly,0.61,USD,pre-market,None,8710000000,0.0371,-0.0969,-0.023,21.11,1834662000,34168000000,2788000000,6000000,26.87,24.8,4.4699,121896000000,9501000000,9091000000,56024000000,112395000000,46933000000,8643438000,65677000000,-254000000,31.87,23.33
2025-12-28,KHC,-3.71,25163999000.0,None,0.073,35.01,,None,1794000000,1794000000,,,,,,,,,12000000,1228000000,None,5203810000,5203810000,4241000000,None,2742000000,1724000000,None,None,None,,1.6,0.0666,,,,-0.106,0.0261,None,None,0.5839,2018-03-31,9.42,44843000000,8489000000.0,3439628000,693461000,250700000,59600000000,59600000000,None,0,None,3144000000,None,None,28561000000,None,None,645603000,None,None,None,0.176,,None,1349912000,775000000,2054000000,None,400000000,None,,,,,0.981,0.686,1.135,,,,,,,,-0.173,,7267000000,2025-10-29,quarterly,0.61,USD,pre-market,None,8718000000,0.0371,-0.0969,-0.023,21.11,1834662000,32304000000,3743000000,6000000,26.87,24.8,4.4699,120787000000,7437000000,10329000000,54324000000,113350000000,43995000000,8643438000,66248000000,-240000000,31.87,23.33
2025-12-28,KHC,-3.71,25163999000.0,None,0.073,35.01,,None,1629000000,1629000000,,,,,,,,,12000000,1227453988,None,5203810000,5203810000,4362000000,None,2743000000,1812000000,None,None,None,,1.6,0.0666,,,,-0.106,0.0261,None,None,0.5839,2017-12-31,9.42,44825000000,8489000000.0,3439628000,693461000,250700000,59432000000,59432000000,None,0,None,2760000000,None,None,28333000000,None,None,645603000,None,None,None,0.176,,None,1349912000,1000000000,2445000000,None,427000000,None,,,,,0.981,0.686,1.135,,,,,,,,-0.173,,7120000000,2025-10-29,quarterly,0.61,USD,pre-market,None,8495000000,0.0371,-0.0969,-0.023,21.11,1834662000,31503000000,3195000000,140000000,26.87,24.8,4.4699,120092000000,7201000000,10154000000,54016000000,112891000000,43862000000,8643438000,65863000000,-224000000,31.87,23.33
2025-12-28,KHC,-3.71,25163999000.0,None,0.073,35.01,,None,1441000000,1441000000,,,,,,,,,12000000,1228000000,None,5203810000,5203810000,3947000000,None,2755000000,1365000000,None,None,None,,1.6,0.0666,,,,-0.106,0.0261,None,None,0.5839,2017-09-30,9.42,44858000000,8489000000.0,3439628000,693461000,250700000,59500000000,59500000000,None,0,None,3188000000,None,None,28299000000,None,None,645603000,None,None,None,0.176,,None,1349912000,1234000000,2061000000,None,1808000000,None,,,,,0.981,0.686,1.135,,,,,,,,-0.173,,6934000000,2025-10-29,quarterly,0.61,USD,pre-market,None,1360000000,0.0371,-0.0969,-0.023,21.11,1834662000,31509000000,3210000000,108000000,26.87,24.8,4.4699,120051000000,7228000000,9387000000,61080000000,112823000000,51693000000,8643438000,58759000000,-223000000,31.87,23.33
2025-12-28,KHC,-3.71,25163999000.0,None,0.073,35.01,,None,1445000000,1445000000,,,,,,,,,12000000,1229000000,None,5203810000,5203810000,3888000000,None,31088000000,1434000000,None,None,None,,1.6,0.0666,,,,-0.106,0.0261,None,None,0.5839,2017-06-30,9.42,44565000000,8489000000.0,3439628000,693461000,250700000,59400000000,59400000000,None,0,None,3065000000,None,None,29979000000,None,None,645603000,None,None,None,0.176,,None,1349912000,1164000000,2206000000,None,1975000000,None,,,,,0.981,0.686,1.135,,,,,,,,-0.173,,6808000000,2025-10-29,quarterly,0.61,USD,pre-market,None,1178000000,0.0371,-0.0969,-0.023,21.11,1834662000,31088000000,1109000000,73000000,26.87,24.8,4.4699,119416000000,7108000000,7356000000,60870000000,112308000000,53514000000,8643438000,58333000000,-223000000,31.87,23.33
2025-12-28,KHC,-3.71,25163999000.0,None,0.073,35.01,,None,3242000000,3242000000,,,,,,,,,12000000,1229000000,None,5203810000,5203810000,3936000000,None,2932000000,1474000000,None,None,None,,1.6,0.0666,,,,-0.106,0.0261,None,None,0.5839,2017-03-31,9.42,44300000000,8489000000.0,3439628000,693461000,250700000,59330000000,59330000000,None,0,None,3151000000,None,None,29748000000,None,None,645603000,None,None,None,0.176,,None,1349912000,1008000000,2091000000,None,2016000000,None,,,,,0.981,0.686,1.135,,,,,,,,-0.173,,6693000000,2025-10-29,quarterly,0.61,USD,pre-market,None,750000000,0.0371,-0.0969,-0.023,21.11,1834662000,32680000000,2932000000,36000000,26.87,24.8,4.4699,120802000000,8875000000,9383000000,62858000000,111927000000,53475000000,8643438000,57732000000,-223000000,31.87,23.33
2025-12-28,KHC,-3.71,25163999000.0,None,0.073,35.01,,None,4204000000,4204000000,,,,,,,,,12000000,1226000000,None,5203810000,5203810000,3996000000,None,2046000000,1158000000,None,None,None,,1.6,0.0666,,,,-0.106,0.0261,None,None,0.5839,2016-12-31,9.42,44125000000,8489000000.0,3439628000,693461000,250700000,59297000000,59297000000,None,0,None,2684000000,None,None,29713000000,None,None,645603000,None,None,None,0.176,,None,1349912000,707000000,2559000000,None,2038000000,None,,,,,0.981,0.686,1.135,,,,,,,,-0.173,,6688000000,2025-10-29,quarterly,0.61,USD,pre-market,None,588000000,0.0371,-0.0969,-0.023,21.11,1834662000,32404000000,2691000000,0,26.87,24.8,4.4699,120480000000,8753000000,9501000000,62906000000,111727000000,53405000000,8643438000,57358000000,-207000000,31.87,23.33
2025-12-28,KHC,-3.71,25163999000.0,None,0.073,35.01,,None,3920000000,3920000000,,,,,,,,,12000000,1228000000,None,5203810000,5203810000,3456000000,None,2700000000,1063000000,None,None,None,,1.6,0.0666,,,,-0.106,0.0261,None,None,0.5839,2016-09-30,9.42,44518000000,8489000000.0,3439628000,693461000,250700000,59620000000,59620000000,None,0,None,3108000000,None,None,29980000000,None,None,645603000,None,None,None,0.176,,None,1349912000,852000000,3116000000,None,2367000000,None,,,,,0.981,0.686,1.135,,,,,,,,-0.173,,6490000000,2025-10-29,quarterly,0.61,USD,pre-market,None,374000000,0.0371,-0.0969,-0.023,21.11,1834662000,32680000000,2700000000,0,26.87,24.8,4.4699,121080000000,8943000000,9414000000,63212000000,112137000000,53798000000,8643438000,57642000000,-82000000,31.87,23.33
2025-12-28,KHC,-3.71,25163999000.0,None,0.073,35.01,,None,4237000000,4237000000,,,,,,,,,12000000,1227000000,None,5203810000,5203810000,2960000000,None,2751000000,1260000000,None,None,None,,1.6,0.0666,,,,-0.106,0.0261,None,None,0.5839,2016-06-30,9.42,44641000000,8489000000.0,3439628000,693461000,250700000,59762000000,59762000000,None,0,None,2881000000,None,None,30002000000,None,None,645603000,None,None,None,0.176,,None,1349912000,969000000,3514000000,None,2341000000,None,,,,,0.981,0.686,1.135,,,,,,,,-0.173,,6423000000,2025-10-29,quarterly,0.61,USD,pre-market,None,263000000,0.0371,-0.0969,-0.023,21.11,1834662000,32753000000,2751000000,0,26.87,24.8,4.4699,121684000000,9347000000,9593000000,63637000000,112337000000,54044000000,8643438000,57826000000,-41000000,31.87,23.33
2025-12-28,KHC,-3.71,25163999000.0,None,0.073,35.01,,None,4199000000,4199000000,,,,,,,,,12000000,1225000000,None,5203810000,5203810000,2773000000,None,2751000000,1744000000,None,None,None,,1.6,0.0666,,,,-0.106,0.0261,None,None,0.5839,2016-03-31,9.42,43542000000,8489000000.0,3439628000,693461000,250700000,62049000000,62049000000,None,0,None,2892000000,None,None,25167000000,None,None,645603000,None,None,None,0.176,,None,1349912000,977000000,-17702000000,None,2380000000,None,,,,,0.981,0.686,1.135,,,,,,,,-0.173,,6434000000,2025-10-29,quarterly,0.61,USD,pre-market,None,193000000,0.0371,-0.0969,-0.023,21.11,1834662000,25171000000,4000000,0,26.87,24.8,4.4699,123273000000,9812000000,6730000000,56673000000,113461000000,49943000000,8643438000,66363000000,-40000000,31.87,23.33
2025-12-28,KHC,-3.71,25163999000.0,None,0.073,35.01,,None,4837000000,4837000000,,,,,,,,,12000000,1225000000,None,5203810000,5203810000,2844000000,None,79000000,1454000000,None,None,None,,1.6,0.0666,,,,-0.106,0.0261,None,None,0.5839,2015-12-31,9.42,43051000000,8489000000.0,3439628000,693461000,250700000,62120000000,62120000000,None,0,None,2618000000,None,None,25151000000,None,None,645603000,None,None,None,0.176,,None,1349912000,871000000,-17409000000,None,2405000000,None,,,,,0.981,0.686,1.135,,,,,,,,-0.173,,6524000000,2025-10-29,quarterly,0.61,USD,pre-market,None,588000000,0.0371,-0.0969,-0.023,21.11,1834662000,25155000000,4000000,0,26.87,24.8,4.4699,122973000000,9780000000,6932000000,56737000000,113193000000,49805000000,8643438000,66005000000,-31000000,31.87,23.33
2025-12-28,KHC,-3.71,25163999000.0,None,0.073,35.01,,None,4437000000,4437000000,,,,,,,,,12000000,1142000000,None,5203810000,5203810000,2719000000,None,None,1613000000,None,None,None,,1.6,0.0666,,,,-0.106,0.0261,None,None,0.5839,2015-09-30,9.42,46750000000,8489000000.0,3439628000,693461000,250700000,56693000000,56693000000,None,0,None,2981000000,None,None,25250000000,None,None,645603000,None,None,None,0.176,,None,1349912000,1380000000,2617000000,None,3019000000,None,,,,,0.981,0.686,1.135,,,,,,,,-0.173,,6432000000,2025-10-29,quarterly,0.61,USD,pre-market,None,-196000000,0.0371,-0.0969,-0.023,21.11,1834662000,25250000000,74000000,0,26.87,24.8,4.4699,121792000000,10411000000,5746000000,54433000000,111381000000,48687000000,8643438000,67131000000,-14000000,31.87,23.33
2025-12-28,KHC,-3.71,25163999000.0,-533000000,0.073,35.01,,None,408000000,408000000,,,,,,,,,4000000,597000000,None,5203810000,5203810000,1441000000,None,None,1223000000,None,None,None,,1.6,0.0666,,,,-0.106,0.0261,None,None,0.5839,2015-06-30,9.42,11338000000,8489000000.0,3439628000,693461000,250700000,2238000000,2238000000,None,0,None,1703000000,None,None,13626000000,None,None,645603000,None,None,None,0.176,,None,1349912000,195000000,1918000000,None,639000000,None,,,,,0.981,0.686,1.135,,,,,,,,-0.173,,2253000000,2025-10-29,quarterly,0.61,USD,pre-market,None,1370000000,0.0371,-0.0969,-0.023,21.11,1834662000,13782000000,156000000,0,26.87,24.8,4.4699,22074000000,3901000000,3515000000,17196000000,18173000000,13681000000,8643438000,4878000000,0,31.87,23.33
2025-12-28,KHC,-3.71,25163999000.0,None,0.073,35.01,,None,1178000000,1178000000,,,,,,,,,9000000,593000000,None,5203810000,5203810000,1629000000,None,None,1219000000,None,None,None,,1.6,0.0666,,,,-0.106,0.0261,None,None,0.5839,2015-03-31,9.42,11313000000,8489000000.0,3439628000,693461000,250700000,2238000000,2238000000,None,0,None,1886000000,None,None,13616269000,None,None,645603000,None,None,None,0.176,,None,1349912000,721000000,1849000000,None,None,None,,,,,0.981,0.686,1.135,,,,,,,,-0.173,,2265880000,2025-10-29,quarterly,0.61,USD,pre-market,None,1148000000,0.0371,-0.0969,-0.023,21.11,1834662000,10032000000,1406000000,None,26.87,24.8,4.4699,23134000000,5004000000,4884000000,18617000000,18130000000,13733000000,8643438000,4517000000,None,31.87,23.33
2025-12-28,KHC,-3.71,25163999000.0,None,0.073,35.01,,None,1293000000,1293000000,,,,,,,,,4000000,588000000,None,5203810000,5203810000,1537000000,None,11000000,1080000000,None,None,None,,1.6,0.0666,,,,-0.106,0.0261,None,None,0.5839,2014-12-31,9.42,11404000000,8489000000.0,3439628000,693461000,250700000,2234000000,2234000000,None,0,None,1775000000,None,None,13584987000,None,None,645603000,None,None,None,0.176,,None,1349912000,643000000,1831000000,None,None,None,,,,,0.981,0.686,1.135,,,,,,,,-0.173,,2365367000,2025-10-29,quarterly,0.61,USD,pre-market,None,1045000000,0.0371,-0.0969,-0.023,21.11,1834662000,10032000000,1405000000,None,26.87,24.8,4.4699,22947000000,4791000000,4773000000,18582000000,18156000000,13809000000,8643438000,4365000000,None,31.87,23.33
2025-12-28,KHC,-3.71,25163999000.0,None,0.073,35.01,,None,935000000,935000000,,,,,,,,,16016516000,598000000,None,5203810000,5203810000,1561000000,None,None,1086000000,None,None,None,,1.6,0.0666,,,,-0.106,0.0261,None,None,0.5839,2014-09-30,9.42,11454000000,8489000000.0,3439628000,693461000,250700000,2234000000,2234000000,None,0,None,2044000000,None,None,14530430000,None,None,645603000,None,None,None,0.176,,None,1349912000,557000000,1326000000,None,None,None,,,,,0.981,0.686,1.135,,,,,,,,-0.173,,2401702000,2025-10-29,quarterly,0.61,USD,pre-market,None,2094000000,0.0371,-0.0969,-0.023,21.11,1834662000,10019000000,1404000000,None,26.87,24.8,4.4699,22803000000,4622000000,4291000000,17218000000,18181000000,12927000000,8643438000,5585000000,None,31.87,23.33
2025-12-28,KHC,-3.71,25163999000.0,None,0.073,35.01,,None,1370000000,1370000000,,,,,,,,,16024898000,600000000,None,5203810000,5203810000,1606000000,None,None,1186000000,None,None,None,,1.6,0.0666,,,,-0.106,0.0261,None,None,0.5839,2014-06-30,9.42,11510000000,8489000000.0,3439628000,693461000,250700000,2235000000,2235000000,None,0,None,2024000000,None,None,14571638000,None,None,645603000,None,None,None,0.176,,None,1349912000,531000000,1786000000,None,None,None,,,,,0.981,0.686,1.135,,,,,,,,-0.173,,2512187000,2025-10-29,quarterly,0.61,USD,pre-market,None,1648000000,0.0371,-0.0969,-0.023,21.11,1834662000,10008000000,1404000000,None,26.87,24.8,4.4699,23345000000,5111000000,4796000000,17882000000,18234000000,13086000000,8643438000,5463000000,None,31.87,23.33
2025-12-28,KHC,-3.71,25163999000.0,None,0.073,35.01,,None,1482000000,1482000000,,,,,,,,,16078181000,601000000,None,5203810000,5203810000,1598000000,None,None,1204000000,None,None,None,,1.6,0.0666,,,,-0.106,0.0261,None,None,0.5839,2014-03-31,9.42,11464000000,8489000000.0,3439628000,693461000,250700000,2235000000,2235000000,None,0,None,1909000000,None,None,14593434000,None,None,645603000,None,None,None,0.176,,None,1349912000,562000000,1936000000,None,None,None,,,,,0.981,0.686,1.135,,,,,,,,-0.173,,2572704000,2025-10-29,quarterly,0.61,USD,pre-market,None,1481000000,0.0371,-0.0969,-0.023,21.11,1834662000,9998000000,237940000,None,26.87,24.8,4.4699,23361000000,5157000000,3534000000,18054000000,18204000000,14520000000,8643438000,5307000000,None,31.87,23.33
2025-12-28,KHC,-3.71,25163999000.0,None,0.073,35.01,,None,1686000000,1686000000,,,,,,,,,9000000,600000000,None,5203810000,5203810000,1548000000,None,None,1048000000,None,None,None,,1.6,0.0666,,,,-0.106,0.0261,None,None,0.5839,2013-12-31,9.42,11505000000,8489000000.0,3439628000,693461000,250700000,2229000000,2229000000,None,0,None,1616000000,None,None,14617646000,None,None,645603000,None,None,None,0.176,,None,1349912000,558000000,1858000000,None,None,None,,,,,0.981,0.686,1.135,,,,,,,,-0.173,,2663492000,2025-10-29,quarterly,0.61,USD,pre-market,None,1281000000,0.0371,-0.0969,-0.023,21.11,1834662000,9980000000,4000000,None,26.87,24.8,4.4699,23148000000,4908000000,3410000000,17961000000,18240000000,14551000000,8643438000,5187000000,None,31.87,23.33
2025-12-28,KHC,-3.71,25163999000.0,None,0.073,35.01,,None,1231000000,1231000000,,,,,,,,,107834000,600000000,None,5203810000,5203810000,1460000000,None,None,1106000000,None,None,None,,1.6,0.0666,,,,-0.106,0.0261,None,None,0.5839,2013-09-30,9.42,11301000000,8489000000.0,3439628000,693461000,250700000,2632000000,2632000000,None,0,None,1881000000,None,None,None,None,None,645603000,None,None,None,0.176,,None,1349912000,617000000,1435000000,None,None,None,,,,,0.981,0.686,1.135,,,,,,,,-0.173,,None,2025-10-29,quarterly,0.61,USD,pre-market,None,980000000,0.0371,-0.0969,-0.023,21.11,1834662000,9979000000,4000000,5146000,26.87,24.8,4.4699,23126000000,4835000000,2899000000,18273000000,18291000000,15374000000,8643438000,4853000000,None,31.87,23.33
2025-12-28,KHC,-3.71,25163999000.0,None,0.073,35.01,,None,1164000000,1164000000,,,,,,,,,107834000,599000000,None,5203810000,5203810000,1444000000,None,None,1223000000,None,None,None,,1.6,0.0666,,,,-0.106,0.0261,None,None,0.5839,2013-06-30,9.42,11275000000,8489000000.0,3439628000,693461000,250700000,2631000000,2631000000,None,0,None,1898000000,None,None,None,None,None,645603000,None,None,None,0.176,,None,1349912000,534000000,1835000000,None,None,None,,,,,0.981,0.686,1.135,,,,,,,,-0.173,,None,2025-10-29,quarterly,0.61,USD,pre-market,None,481000000,0.0371,-0.0969,-0.023,21.11,1834662000,9970000000,3000000,6057000,26.87,24.8,4.4699,23064000000,4819000000,3282000000,18764000000,18245000000,15482000000,8643438000,4300000000,None,31.87,23.33
2025-12-28,KHC,-3.71,25163999000.0,None,0.073,35.01,,None,1181000000,1181000000,,,,,,,,,107835000,597000000,None,5203810000,5203810000,1463000000,None,None,1278000000,None,None,None,,1.6,0.0666,,,,-0.106,0.0261,None,None,0.5839,2013-03-31,9.42,11319000000,8489000000.0,3439628000,693461000,250700000,2631000000,2631000000,None,0,None,1948000000,None,None,3848339000,None,None,645603000,None,None,None,0.176,,None,1349912000,547000000,1901000000,None,None,None,,,,,0.981,0.686,1.135,,,,,,,,-0.173,,2458801000,2025-10-29,quarterly,0.61,USD,pre-market,None,-48000000,0.0371,-0.0969,-0.023,21.11,1834662000,9969000000,3000000,6856000,26.87,24.8,4.4699,23267000000,4954000000,3367000000,19525000000,18313000000,16158000000,8643438000,3742000000,-4647242000,31.87,23.33
2025-12-28,KHC,-3.71,25163999000.0,None,0.073,35.01,,None,1255000000,1255000000,,,,,,,,,107774000,599000000,None,5203810000,5203810000,1556000000,None,None,1089000000,None,None,None,,1.6,0.0666,,,,-0.106,0.0261,None,None,0.5839,2012-12-31,9.42,11599000000,8489000000.0,3439628000,693461000,250700000,2228000000,2228000000,None,0,None,1928000000,None,None,3930592000,None,None,645603000,None,None,None,0.176,,None,1349912000,551000000,2045000000,None,None,None,,,,,0.981,0.686,1.135,,,,,,,,-0.173,,2428174000,2025-10-29,quarterly,0.61,USD,pre-market,None,-206000000,0.0371,-0.0969,-0.023,21.11,1834662000,9971000000,5000000,None,26.87,24.8,4.4699,23179000000,4823000000,3606000000,19607000000,18356000000,16001000000,8643438000,3572000000,-4675844000,31.87,23.33
2025-12-28,KHC,-3.71,25163999000.0,None,0.073,35.01,,None,244000000,244000000,,,,,,,,,107774000,592000000,None,5203810000,5203810000,1510000000,None,None,1157000000,None,None,None,,1.6,0.0666,,,,-0.106,0.0261,None,None,0.5839,2012-09-30,9.42,11364000000,8489000000.0,3439628000,693461000,250700000,2632000000,2632000000,None,0,None,2090000000,None,None,4120661000,None,None,645603000,None,None,None,0.176,,None,1349912000,414000000,1053000000,None,None,None,,,,,0.981,0.686,1.135,,,,,,,,-0.173,,2442316000,2025-10-29,quarterly,0.61,USD,pre-market,None,6810610000,0.0371,-0.0969,-0.023,21.11,1834662000,9574000000,6000000,None,26.87,24.8,4.4699,22284000000,3905000000,2569000000,14826000000,18379000000,12257000000,8643438000,7458000000,-4662023000,31.87,23.33
2025-12-28,KHC,-3.71,25163999000.0,None,0.073,35.01,,None,3000000,3000000,,,,,,,,,107774000,591000000,None,5203810000,5203810000,1336000000,None,None,1102000000,None,None,None,,1.6,0.0666,,,,-0.106,0.0261,None,None,0.5839,2012-06-30,9.42,11322000000,8489000000.0,3439628000,693461000,250700000,2632000000,2632000000,None,0,None,2048000000,None,None,4111048000,None,None,645603000,None,None,None,0.176,,None,1349912000,481000000,1254000000,None,None,None,,,,,0.981,0.686,1.135,,,,,,,,-0.173,,2405527000,2025-10-29,quarterly,0.61,USD,pre-market,None,6522152000,0.0371,-0.0969,-0.023,21.11,1834662000,5995000000,7000000,None,26.87,24.8,4.4699,21889000000,3634000000,2597000000,10931000000,18255000000,8334000000,8643438000,10958000000,-4668605000,31.87,23.33
2025-12-28,KHC,-3.71,25163999000.0,None,0.073,35.01,,None,3000000,3000000,,,,,,,,,107774000,591000000,None,5203810000,5203810000,1350000000,None,None,1175000000,None,None,None,,1.6,0.0666,,,,-0.106,0.0261,None,None,0.5839,2012-03-31,9.42,11345000000,8489000000.0,3439628000,693461000,250700000,2630000000,2630000000,None,0,None,2174000000,None,None,4779981000,None,None,645603000,None,None,None,0.176,,None,1349912000,464000000,1122000000,None,None,None,,,,,0.981,0.686,1.135,,,,,,,,-0.173,,2484138000,2025-10-29,quarterly,0.61,USD,pre-market,None,7567278000,0.0371,-0.0969,-0.023,21.11,1834662000,34000000,8000000,25073000,26.87,24.8,4.4699,22095000000,3816000000,2480000000,4820000000,18279000000,2340000000,8643438000,17275000000,-4666404000,31.87,23.33
2025-12-28,KHC,-3.71,25163999000.0,None,0.073,35.01,,None,848911000,848911000,,,,,,,,,107835000,592000000,None,5203810000,5203810000,1447000000,None,None,903000000,None,None,None,,1.6,0.0666,,,,-0.106,0.0261,None,None,0.5839,2011-12-31,9.42,11316000000,8489000000.0,3439628000,693461000,250700000,2630000000,2630000000,None,0,None,1943000000,None,None,4177902000,None,None,645603000,None,None,None,0.176,,None,1349912000,426000000,1117000000,None,None,None,,,,,0.981,0.686,1.135,,,,,,,,-0.173,,2408708000,2025-10-29,quarterly,0.61,USD,pre-market,None,7547021000,0.0371,-0.0969,-0.023,21.11,1834662000,35000000,8000000,33977000,26.87,24.8,4.4699,21539000000,3272000000,2572000000,4951000000,18267000000,2379000000,8643438000,16588000000,-4681943000,31.87,23.33
2025-12-28,KHC,-3.71,25163999000.0,None,0.073,35.01,,None,858007000,858007000,,,,,,,,,107774000,592000000,None,5203810000,5203810000,1219353000,None,None,None,None,None,None,,1.6,0.0666,,,,-0.106,0.0261,None,None,0.5839,2011-09-30,9.42,3182853000,8489000000.0,3439628000,693461000,250700000,4698432000,4698432000,None,0,None,1622071000,None,None,4184741000,None,None,645603000,None,None,None,0.176,,None,1349912000,284967000,1041660000,None,None,None,,,,,0.981,0.686,1.135,,,,,,,,-0.173,,2404031000,2025-10-29,quarterly,0.61,USD,pre-market,None,6804846000,0.0371,-0.0969,-0.023,21.11,1834662000,None,None,None,26.87,24.8,4.4699,12106197000,None,3264280000,9110597000,None,None,8643438000,2834267000,-4661383000,31.87,23.33
2025-12-28,KHC,-3.71,25163999000.0,None,0.073,35.01,,None,677728000,677728000,,,,,,,,,107774000,591000000,None,5203810000,5203810000,1176652000,None,None,None,None,None,None,,1.6,0.0666,,,,-0.106,0.0261,None,None,0.5839,2011-06-30,9.42,3289920000,8489000000.0,3439628000,693461000,250700000,4873157000,4873157000,None,0,None,1496265000,None,None,3940821000,None,None,645603000,None,None,None,0.176,,None,1349912000,341757000,1086277000,None,None,None,,,,,0.981,0.686,1.135,,,,,,,,-0.173,,2480651000,2025-10-29,quarterly,0.61,USD,pre-market,None,7025783000,0.0371,-0.0969,-0.023,21.11,1834662000,None,None,None,26.87,24.8,4.4699,12083502000,None,3095669000,8733934000,None,None,8643438000,3140542000,-4615825000,31.87,23.33
2025-12-28,KHC,-3.71,25163999000.0,None,0.073,35.01,,None,724311000,724311000,,,,,,,,,107774000,611000000,None,5203810000,5203810000,1337620000,None,None,None,None,None,None,,1.6,0.0666,,,,-0.106,0.0261,None,None,0.5839,2011-03-31,9.42,3298441000,8489000000.0,3439628000,693461000,250700000,4897225000,4897225000,None,0,None,1451546000,None,None,3078128000,None,None,645603000,None,None,None,0.176,,None,1349912000,312653000,1190583000,None,None,None,,,,,0.981,0.686,1.135,,,,,,,,-0.173,,2505083000,2025-10-29,quarterly,0.61,USD,pre-market,None,6965114000,0.0371,-0.0969,-0.023,21.11,1834662000,None,None,None,26.87,24.8,4.4699,12230645000,None,4161460000,8923510000,None,None,8643438000,3108962000,-4593362000,31.87,23.33
2025-12-28,KHC,-3.71,25163999000.0,None,0.073,35.01,,None,1052035000,1052035000,,,,,,,,,107774000,None,None,5203810000,5203810000,1076367000,None,None,None,None,None,None,,1.6,0.0666,,,,-0.106,0.0261,None,None,0.5839,2010-12-31,9.42,2921258000,8489000000.0,3439628000,693461000,250700000,4309607000,4309607000,None,0,None,1399610000,None,None,3749963000,None,None,645603000,None,None,None,0.176,,None,1349912000,259591000,1073707000,None,None,None,,,,,0.981,0.686,1.135,,,,,,,,-0.173,,2209359000,2025-10-29,quarterly,0.61,USD,pre-market,None,6468402000,0.0371,-0.0969,-0.023,21.11,1834662000,None,None,None,26.87,24.8,4.4699,11093077000,None,3136571000,8381115000,None,None,8643438000,2642922000,-4561330000,31.87,23.33
2025-12-28,KHC,-3.71,25163999000.0,None,0.073,35.01,,None,665871000,665871000,,,,,,,,,107774000,None,None,5203810000,5203810000,1038891000,None,None,None,None,None,None,,1.6,0.0666,,,,-0.106,0.0261,None,None,0.5839,2010-09-30,9.42,2819283000,8489000000.0,3439628000,693461000,250700000,4132648000,4132648000,None,0,None,1359252000,None,None,3553438000,None,None,645603000,None,None,None,0.176,,None,1349912000,258011000,1009920000,None,None,None,,,,,0.981,0.686,1.135,,,,,,,,-0.173,,2131996000,2025-10-29,quarterly,0.61,USD,pre-market,None,6267536000,0.0371,-0.0969,-0.023,21.11,1834662000,None,None,None,26.87,24.8,4.4699,10441505000,None,3012086000,7981263000,None,None,8643438000,2391270000,-4610640000,31.87,23.33
2025-12-28,KHC,-3.71,25163999000.0,None,0.073,35.01,,None,494509000,494509000,,,,,,,,,107774000,None,None,5203810000,5203810000,953848000,None,None,None,None,None,None,,1.6,0.0666,,,,-0.106,0.0261,None,None,0.5839,2010-06-30,9.42,2771548000,8489000000.0,3439628000,693461000,250700000,4058209000,4058209000,None,0,None,1237442000,None,None,3655489000,None,None,645603000,None,None,None,0.176,,None,1349912000,286026000,928117000,None,None,None,,,,,0.981,0.686,1.135,,,,,,,,-0.173,,2087610000,2025-10-29,quarterly,0.61,USD,pre-market,None,5960934000,0.0371,-0.0969,-0.023,21.11,1834662000,None,None,None,26.87,24.8,4.4699,9928012000,None,2837392000,7868251000,None,None,8643438000,1994758000,-4720685000,31.87,23.33
2025-12-28,KHC,-3.71,25163999000.0,None,0.073,35.01,,None,483253000,483253000,,,,,,,,,107774000,None,None,5203810000,5203810000,1007517000,None,None,None,None,None,None,,1.6,0.0666,,,,-0.106,0.0261,None,None,0.5839,2010-03-31,9.42,2770918000,8489000000.0,3439628000,693461000,250700000,4068632000,4068632000,None,0,None,1249127000,None,None,4559152000,None,None,645603000,None,None,None,0.176,,None,1349912000,273407000,1078229000,None,None,None,,,,,0.981,0.686,1.135,,,,,,,,-0.173,,2091796000,2025-10-29,quarterly,0.61,USD,pre-market,None,5876452000,0.0371,-0.0969,-0.023,21.11,1834662000,None,None,None,26.87,24.8,4.4699,10075711000,None,2175359000,8127215000,None,None,8643438000,1891345000,-4750547000,31.87,23.33
2025-12-28,KHC,-3.71,25163999000.0,None,0.073,35.01,,None,562307000,562307000,,,,,,,,,107774000,None,None,5203810000,5203810000,917804000,None,None,None,None,None,None,,1.6,0.0666,,,,-0.106,0.0261,None,None,0.5839,2009-12-31,9.42,2826752000,8489000000.0,3439628000,693461000,250700000,4160380000,4160380000,None,0,None,1376170000,None,None,4764221000,None,None,645603000,None,None,None,0.176,,None,1349912000,239464000,1033472000,None,None,None,,,,,0.981,0.686,1.135,,,,,,,,-0.173,,2058586000,2025-10-29,quarterly,0.61,USD,pre-market,None,5868360000,0.0371,-0.0969,-0.023,21.11,1834662000,None,None,None,26.87,24.8,4.4699,10071185000,None,2088515000,8181040000,None,None,8643438000,1823653000,-4818295000,31.87,23.33
2025-12-28,KHC,-3.71,25163999000.0,None,0.073,35.01,,None,460584000,460584000,,,,,,,,,107774000,None,None,5203810000,5203810000,1050589000,None,None,None,None,None,None,,1.6,0.0666,,,,-0.106,0.0261,None,None,0.5839,2009-09-30,9.42,2865702000,8489000000.0,3439628000,693461000,250700000,4236010000,4236010000,None,0,None,1502923000,None,None,4848910000,None,None,645603000,None,None,None,0.176,,None,1349912000,185125000,943466000,None,None,None,,,,,0.981,0.686,1.135,,,,,,,,-0.173,,2117287000,2025-10-29,quarterly,0.61,USD,pre-market,None,5947592000,0.0371,-0.0969,-0.023,21.11,1834662000,None,None,None,26.87,24.8,4.4699,10273001000,None,2131326000,8267494000,None,None,8643438000,1929856000,-4845364000,31.87,23.33
2025-12-28,KHC,-3.71,25163999000.0,None,0.073,35.01,,None,550700000,550700000,,,,,,,,,107774000,None,None,5203810000,5203810000,947899000,None,None,None,None,None,None,,1.6,0.0666,,,,-0.106,0.0261,None,None,0.5839,2009-06-30,9.42,2817273000,8489000000.0,3439628000,693461000,250700000,4176505000,4176505000,None,0,None,1333508000,None,None,5234468000,None,None,645603000,None,None,None,0.176,,None,1349912000,218099000,866828000,None,None,None,,,,,0.981,0.686,1.135,,,,,,,,-0.173,,2068647000,2025-10-29,quarterly,0.61,USD,pre-market,None,5666452000,0.0371,-0.0969,-0.023,21.11,1834662000,None,None,192736000,26.87,24.8,4.4699,10149041000,None,2034678000,8447433000,None,None,8643438000,1632909000,-4866570000,31.87,23.33
2025-12-28,KHC,-3.71,25163999000.0,None,0.073,35.01,,None,373145000,373145000,,,,,,,,,107774000,None,None,5203810000,5203810000,1113307000,None,None,None,None,None,None,,1.6,0.0666,,,,-0.106,0.0261,None,None,0.5839,2009-03-31,9.42,2687788000,8489000000.0,3439628000,693461000,250700000,3982954000,3982954000,None,0,None,1237613000,None,None,5076186000,None,None,645603000,None,None,None,0.176,,None,1349912000,162466000,810005000,None,None,None,,,,,0.981,0.686,1.135,,,,,,,,-0.173,,1978302000,2025-10-29,quarterly,0.61,USD,pre-market,None,5256019000,0.0371,-0.0969,-0.023,21.11,1834662000,None,None,None,26.87,24.8,4.4699,9664184000,None,2062846000,8385079000,None,None,8643438000,1219938000,-4881842000,31.87,23.33
2025-12-28,KHC,-3.71,25163999000.0,None,0.073,35.01,,None,690941000,690941000,,,,,,,,,107774000,None,None,5203810000,5203810000,1028865000,None,None,None,None,None,None,,1.6,0.0666,,,,-0.106,0.0261,None,None,0.5839,2008-12-31,9.42,2642078000,8489000000.0,3439628000,693461000,250700000,3930155000,3930155000,None,0,None,1400246000,None,None,4302167000,None,None,645603000,None,None,None,0.176,,None,1349912000,167812000,713576000,None,None,None,,,,,0.981,0.686,1.135,,,,,,,,-0.173,,1893754000,2025-10-29,quarterly,0.61,USD,pre-market,None,5404730000,0.0371,-0.0969,-0.023,21.11,1834662000,None,None,None,26.87,24.8,4.4699,10265550000,None,3412826000,8910689000,None,None,8643438000,1354861000,-4889824000,31.87,23.33
2025-12-28,KHC,-3.71,25163999000.0,None,0.073,35.01,,None,927656000,927656000,,,,,,,,,107774000,None,None,5203810000,5203810000,1231055000,None,None,None,None,None,None,,1.6,0.0666,,,,-0.106,0.0261,None,None,0.5839,2008-09-30,9.42,2714866000,8489000000.0,3439628000,693461000,250700000,3995826000,3995826000,None,0,None,1524737000,None,None,4283115000,None,None,645603000,None,None,None,0.176,,None,1349912000,170266000,680976000,None,None,None,,,,,0.981,0.686,1.135,,,,,,,,-0.173,,1875629000,2025-10-29,quarterly,0.61,USD,pre-market,None,5516694000,0.0371,-0.0969,-0.023,21.11,1834662000,None,None,None,26.87,24.8,4.4699,10397049000,None,3445837000,8943048000,None,None,8643438000,1454001000,-4895492000,31.87,23.33
2025-12-28,KHC,-3.71,25163999000.0,None,0.073,35.01,,None,554348000,554348000,,,,,,,,,107774000,None,None,5203810000,5203810000,1228004000,None,None,None,None,None,None,,1.6,0.0666,,,,-0.106,0.0261,None,None,0.5839,2008-06-30,9.42,2984944000,8489000000.0,3439628000,693461000,250700000,4387868000,4387868000,None,0,None,1483724000,None,None,5106636000,None,None,645603000,None,None,None,0.176,,None,1349912000,205969000,750327000,None,None,None,,,,,0.981,0.686,1.135,,,,,,,,-0.173,,2091968000,2025-10-29,quarterly,0.61,USD,pre-market,None,6160337000,0.0371,-0.0969,-0.023,21.11,1834662000,None,None,None,26.87,24.8,4.4699,10633651000,None,2243454000,8623180000,None,None,8643438000,2010471000,-4957169000,31.87,23.33
2025-12-28,KHC,-3.71,25163999000.0,None,0.073,35.01,,None,617687000,617687000,,,,,,,,,107774000,None,None,5203810000,5203810000,1247479000,None,None,None,None,None,None,,1.6,0.0666,,,,-0.106,0.0261,None,None,0.5839,2008-03-31,9.42,2997462000,8489000000.0,3439628000,693461000,250700000,4411521000,4411521000,None,0,None,1378216000,None,None,4730946000,None,None,645603000,None,None,None,0.176,,None,1349912000,168182000,878551000,None,None,None,,,,,0.981,0.686,1.135,,,,,,,,-0.173,,2104713000,2025-10-29,quarterly,0.61,USD,pre-market,None,6067918000,0.0371,-0.0969,-0.023,21.11,1834662000,None,None,None,26.87,24.8,4.4699,10565043000,None,2670060000,8611496000,None,None,8643438000,1887820000,-4905755000,31.87,23.33
2025-12-28,KHC,-3.71,25163999000.0,None,0.073,35.01,,None,644765000,644765000,,,,,,,,,107774000,None,None,5203810000,5203810000,1190877000,None,None,None,None,None,None,,1.6,0.0666,,,,-0.106,0.0261,None,None,0.5839,2007-12-31,9.42,2948004000,8489000000.0,3439628000,693461000,250700000,4301956000,4301956000,None,0,None,1444562000,None,None,4765452000,None,None,645603000,None,None,None,0.176,,None,1349912000,199628000,795277000,None,None,None,,,,,0.981,0.686,1.135,,,,,,,,-0.173,,2060344000,2025-10-29,quarterly,0.61,USD,pre-market,None,6014638000,0.0371,-0.0969,-0.023,21.11,1834662000,None,None,None,26.87,24.8,4.4699,10828660000,None,2769365000,8828678000,None,None,8643438000,1999982000,-4724857000,31.87,23.33
2025-12-28,KHC,-3.71,25163999000.0,None,0.073,35.01,,None,576233000,576233000,,,,,,,,,107774000,None,None,5203810000,5203810000,1303527000,None,None,None,None,None,None,,1.6,0.0666,,,,-0.106,0.0261,None,None,0.5839,2007-09-30,9.42,2981586000,8489000000.0,3439628000,693461000,250700000,4355448000,4355448000,None,0,None,1516995000,None,None,4585131000,None,None,645603000,None,None,None,0.176,,None,1349912000,200517000,737754000,None,None,None,,,,,0.981,0.686,1.135,,,,,,,,-0.173,,2075422000,2025-10-29,quarterly,0.61,USD,pre-market,None,5949795000,0.0371,-0.0969,-0.023,21.11,1834662000,None,None,None,26.87,24.8,4.4699,10763929000,None,2845229000,8758348000,None,None,8643438000,2005581000,-4641406000,31.87,23.33
2025-12-28,KHC,-3.71,25163999000.0,None,0.073,35.01,,None,352013000,352013000,,,,,,,,,107774000,None,None,5203810000,5203810000,1196492000,None,None,None,None,None,None,,1.6,0.0666,,,,-0.106,0.0261,None,None,0.5839,2007-06-30,9.42,2890895000,8489000000.0,3439628000,693461000,250700000,4231430000,4231430000,None,0,None,1273729000,None,None,4136065000,None,None,645603000,None,None,None,0.176,,None,1349912000,204342000,644851000,None,None,None,,,,,0.981,0.686,1.135,,,,,,,,-0.173,,2010869000,2025-10-29,quarterly,0.61,USD,pre-market,None,5702281000,0.0371,-0.0969,-0.023,21.11,1834662000,None,None,None,26.87,24.8,4.4699,9924771000,None,2668259000,8062477000,None,None,8643438000,1862294000,-4534721000,31.87,23.33
2025-12-28,KHC,-3.71,25163999000.0,None,0.073,35.01,,None,652896000,652896000,,,,,,,,,107774000,None,None,5203810000,5203810000,1181078000,None,None,None,None,None,None,,1.6,0.0666,,,,-0.106,0.0261,None,None,0.5839,2007-03-31,9.42,2834639000,8489000000.0,3439628000,693461000,250700000,4139872000,4139872000,None,0,None,1197957000,None,None,4413641000,None,None,645603000,None,None,None,0.176,,None,1349912000,171297000,762165000,None,None,None,,,,,0.981,0.686,1.135,,,,,,,,-0.173,,1998153000,2025-10-29,quarterly,0.61,USD,pre-market,None,5559352000,0.0371,-0.0969,-0.023,21.11,1834662000,None,None,None,26.87,24.8,4.4699,10033026000,None,2505106000,8093034000,None,None,8643438000,1841683000,-4406126000,31.87,23.33
2025-12-28,KHC,-3.71,25163999000.0,None,0.073,35.01,,None,None,None,,,,,,,,,107616000,None,None,5203810000,5203810000,969732000,None,None,None,None,None,None,,1.6,0.0666,,,,-0.106,0.0261,None,None,0.5839,2006-12-31,9.42,2793906000,8489000000.0,3439628000,693461000,250700000,4080620000,4080620000,None,0,None,1266772000,None,None,4805276000,None,None,645603000,None,None,None,0.176,,None,1349912000,163181000,743882000,None,None,None,,,,,0.981,0.686,1.135,,,,,,,,-0.173,,1926290000,2025-10-29,quarterly,0.61,USD,pre-market,None,5746558000,0.0371,-0.0969,-0.023,21.11,1834662000,None,None,None,26.87,24.8,4.4699,10276463000,None,1900435000,8067967000,None,None,8643438000,2208496000,-4199268000,31.87,23.33
2025-12-28,KHC,-3.71,25163999000.0,None,0.073,35.01,,None,None,None,,,,,,,,,107774000,None,None,5203810000,5203810000,1094241000,None,None,None,None,None,None,,1.6,0.0666,,,,-0.106,0.0261,None,None,0.5839,2006-09-30,9.42,2789636000,8489000000.0,3439628000,693461000,250700000,4036720000,4036720000,None,0,None,1277250000,None,None,4507612000,None,None,645603000,None,None,None,0.176,,None,1349912000,168081000,714741000,None,None,None,,,,,0.981,0.686,1.135,,,,,,,,-0.173,,1924318000,2025-10-29,quarterly,0.61,USD,pre-market,None,5577419000,0.0371,-0.0969,-0.023,21.11,1834662000,None,None,None,26.87,24.8,4.4699,10198384000,None,2151079000,7964408000,None,None,8643438000,2233976000,-3973088000,31.87,23.33
2025-12-28,KHC,-3.71,25163999000.0,None,0.073,35.01,,None,None,None,,,,,,,,,107774000,None,None,5203810000,5203810000,985456000,None,None,None,None,None,None,,1.6,0.0666,,,,-0.106,0.0261,None,None,0.5839,2006-06-30,9.42,2820638000,8489000000.0,3439628000,693461000,250700000,3881334000,3881334000,None,0,None,1070858000,None,None,4399717000,None,None,645603000,None,None,None,0.176,,None,1349912000,218790000,640637000,None,None,None,,,,,0.981,0.686,1.135,,,,,,,,-0.173,,1913457000,2025-10-29,quarterly,0.61,USD,pre-market,None,5430687000,0.0371,-0.0969,-0.023,21.11,1834662000,None,None,None,26.87,24.8,4.4699,9717326000,None,1860033000,7553786000,None,None,8643438000,2163540000,-3879472000,31.87,23.33
2025-12-28,KHC,-3.71,25163999000.0,None,0.073,35.01,,None,445427000,445427000,,,,,,,,,107774000,None,None,5203810000,5203810000,1035084000,None,None,None,None,None,None,,1.6,0.0666,,,,-0.106,0.0261,None,None,0.5839,2006-03-31,9.42,2822567000,8489000000.0,3439628000,693461000,250700000,3868988000,3868988000,None,0,None,1073682000,None,None,4357013000,None,None,645603000,None,None,None,0.176,,None,1349912000,182701000,777765000,None,None,None,,,,,0.981,0.686,1.135,,,,,,,,-0.173,,1900557000,2025-10-29,quarterly,0.61,USD,pre-market,None,5323725000,0.0371,-0.0969,-0.023,21.11,1834662000,None,None,None,26.87,24.8,4.4699,9737767000,None,2018231000,7568792000,None,None,8643438000,2048823000,-3852220000,31.87,23.33
2025-12-28,KHC,-3.71,25163999000.0,None,0.073,35.01,,None,None,None,,,,,,,,,None,None,None,5203810000,5203810000,915288000,None,None,None,None,None,None,,1.6,0.0666,,,,-0.106,0.0261,None,None,0.5839,2005-12-31,9.42,2776025000,8489000000.0,3439628000,693461000,250700000,3808939000,3808939000,None,0,None,1213728000,None,None,5312015000,None,None,645603000,None,None,None,0.176,,None,1349912000,536835000,891522000,None,None,None,,,,,0.981,0.686,1.135,,,,,,,,-0.173,,1916815000,2025-10-29,quarterly,0.61,USD,pre-market,None,5250534000,0.0371,-0.0969,-0.023,21.11,1834662000,None,None,None,26.87,24.8,4.4699,11325009000,None,2476898000,9163139000,None,None,8643438000,2161870000,-3627780000,31.87,23.33
2025-12-28,KHC,-3.71,25163999000.0,None,0.073,35.01,,None,None,None,,,,,,,,,None,None,None,5203810000,5203810000,1135524000,None,None,None,None,None,None,,1.6,0.0666,,,,-0.106,0.0261,None,None,0.5839,2005-09-30,9.42,2819787000,8489000000.0,3439628000,693461000,250700000,3901447000,3901447000,None,0,None,1417789000,None,None,5110566000,None,None,645603000,None,None,None,0.176,,None,1349912000,230720000,753627000,None,None,None,,,,,0.981,0.686,1.135,,,,,,,,-0.173,,2172446000,2025-10-29,quarterly,0.61,USD,pre-market,None,5194782000,0.0371,-0.0969,-0.023,21.11,1834662000,None,None,None,26.87,24.8,4.4699,11142712000,None,2533100000,9051113000,None,None,8643438000,2091599000,-3635271000,31.87,23.33
2025-12-28,KHC,-3.71,25163999000.0,None,0.073,35.01,,None,1334000000,1334000000,,,,,,,,,12000000,1215000000,None,5203810000,5203810000,4188000000,None,654000000,2147000000,None,None,None,,1.6,0.0666,,,,-0.106,0.0261,None,None,0.5839,2024-12-31,9.42,28673000000,8489000000.0,3439628000,693461000,250700000,40099000000,40099000000,None,0,None,3376000000,None,None,19215000000,None,None,645603000,None,None,None,0.176,,None,1349912000,798000000,2411000000,None,1306000000,None,,,,,0.981,0.686,1.135,,,,,,,,-0.173,,None,2025-10-29,annual,0.61,USD,pre-market,None,2171000000,0.0371,-0.0969,-0.023,21.11,1834662000,19869000000,654000000,None,26.87,24.8,4.4699,88287000000,7655000000,7253000000,38962000000,80632000000,31709000000,8643438000,49185000000,None,31.87,23.33
2025-12-28,KHC,-3.71,25163999000.0,None,0.073,35.01,,None,1400000000,1400000000,,,,,,,,,12000000,1235000000,None,5203810000,5203810000,4627000000,None,638000000,2112000000,None,None,None,,1.6,0.0666,,,,-0.106,0.0261,None,None,0.5839,2023-12-31,9.42,30459000000,8489000000.0,3439628000,693461000,250700000,42448000000,42448000000,None,0,None,3614000000,None,None,19394000000,None,None,645603000,None,None,None,0.176,,None,1349912000,803000000,2772000000,None,1418000000,None,,,,,0.981,0.686,1.135,,,,,,,,-0.173,,None,2025-10-29,annual,0.61,USD,pre-market,None,1367000000,0.0371,-0.0969,-0.023,21.11,1834662000,20032000000,638000000,-3000000,26.87,24.8,4.4699,90339000000,7929000000,8037000000,40617000000,82410000000,32580000000,8643438000,49526000000,None,31.87,23.33
2025-12-28,KHC,-3.71,25163999000.0,None,0.073,35.01,,None,1040000000,1040000000,,,,,,,,,12000000,1235000000,None,5203810000,5203810000,4848000000,None,837000000,2120000000,None,None,None,,1.6,0.0666,,,,-0.106,0.0261,None,None,0.5839,2022-12-31,9.42,30833000000,8489000000.0,3439628000,693461000,250700000,42649000000,42649000000,None,0,None,3651000000,None,None,19233000000,None,None,645603000,None,None,None,0.176,,None,1349912000,1086000000,3207000000,None,1609000000,None,,,,,0.981,0.686,1.135,,,,,,,,-0.173,,7408000000,2025-10-29,annual,0.61,USD,pre-market,None,489000000,0.0371,-0.0969,-0.023,21.11,1834662000,20070000000,837000000,None,26.87,24.8,4.4699,90513000000,7897000000,9028000000,41643000000,82616000000,32615000000,8643438000,48678000000,-847000000,31.87,23.33
2025-12-28,KHC,-3.71,25163999000.0,None,0.073,35.01,,None,3445000000,3445000000,,,,,,,,,12000000,1236000000,None,5203810000,5203810000,4753000000,None,754000000,1957000000,None,None,None,,1.6,0.0666,,,,-0.106,0.0261,None,None,0.5839,2021-12-31,9.42,31296000000,8489000000.0,3439628000,693461000,250700000,43542000000,43542000000,None,0,None,2729000000,None,None,21061000000,None,None,645603000,None,None,None,0.176,,None,1349912000,863000000,3016000000,None,1542000000,None,,,,,0.981,0.686,1.135,,,,,,,,-0.173,,6806000000,2025-10-29,annual,0.61,USD,pre-market,None,-1682000000,0.0371,-0.0969,-0.023,21.11,1834662000,21815000000,754000000,None,26.87,24.8,4.4699,93394000000,8994000000,9064000000,43942000000,84400000000,34878000000,8643438000,49298000000,-587000000,31.87,23.33
2025-12-28,KHC,-3.71,25163999000.0,None,0.073,35.01,,None,3417000000,3417000000,,,,,,,,,12000000,1228000000,None,5203810000,5203810000,4304000000,None,236000000,2063000000,None,None,None,,1.6,0.0666,,,,-0.106,0.0261,None,None,0.5839,2020-12-31,9.42,33089000000,8489000000.0,3439628000,693461000,250700000,46667000000,46667000000,None,0,None,2773000000,None,None,28070000000,None,None,645603000,None,None,None,0.176,,None,1349912000,2569000000,3407000000,None,1994000000,None,,,,,0.981,0.686,1.135,,,,,,,,-0.173,,6876000000,2025-10-29,annual,0.61,USD,pre-market,None,-2694000000,0.0371,-0.0969,-0.023,21.11,1834662000,28306000000,236000000,None,26.87,24.8,4.4699,99830000000,10822000000,8061000000,49587000000,89008000000,41526000000,8643438000,50103000000,-344000000,31.87,23.33
2025-12-28,KHC,-3.71,25163999000.0,None,0.073,35.01,,None,2279000000,2279000000,,,,,,,,,12000000,1224000000,None,5203810000,5203810000,4003000000,None,1028000000,1973000000,None,None,None,,1.6,0.0666,,,,-0.106,0.0261,None,None,0.5839,2019-12-31,9.42,35546000000,8489000000.0,3439628000,693461000,250700000,48652000000,48652000000,None,0,None,2721000000,None,None,28216000000,None,None,645603000,None,None,None,0.176,,None,1349912000,1124000000,2844000000,None,273000000,None,,,,,0.981,0.686,1.135,,,,,,,,-0.173,,7055000000,2025-10-29,annual,0.61,USD,pre-market,None,-3060000000,0.0371,-0.0969,-0.023,21.11,1834662000,29244000000,1028000000,None,26.87,24.8,4.4699,101450000000,8097000000,7875000000,49701000000,93353000000,41826000000,8643438000,51623000000,-271000000,31.87,23.33
2025-12-28,KHC,-3.71,25163999000.0,None,0.073,35.01,,None,1130000000,1130000000,,,,,,,,,12000000,1219000000,None,5203810000,5203810000,4153000000,None,398000000,2281000000,None,None,None,,1.6,0.0666,,,,-0.106,0.0261,None,None,0.5839,2018-12-31,9.42,36503000000,8489000000.0,3439628000,693461000,250700000,49468000000,49468000000,None,0,None,2667000000,None,None,30770000000,None,None,645603000,None,None,None,0.176,,None,1349912000,2997000000,2952000000,None,306000000,None,,,,,0.981,0.686,1.135,,,,,,,,-0.173,,7078000000,2025-10-29,annual,0.61,USD,pre-market,None,-4853000000,0.0371,-0.0969,-0.023,21.11,1834662000,31168000000,398000000,None,26.87,24.8,4.4699,103461000000,9075000000,7503000000,51683000000,94386000000,44180000000,8643438000,51657000000,-282000000,31.87,23.33
2025-12-28,KHC,-3.71,25163999000.0,None,0.073,35.01,,None,1629000000,1629000000,,,,,,,,,12000000,1228938547,None,5203810000,5203810000,4362000000,None,3203000000,1812000000,None,None,None,,1.6,0.0666,,,,-0.106,0.0261,None,None,0.5839,2017-12-31,9.42,44825000000,8489000000.0,3439628000,693461000,250700000,59432000000,59432000000,None,0,None,2760000000,None,None,28333000000,None,None,645603000,None,None,None,0.176,,None,1349912000,1000000000,2445000000,None,427000000,None,,,,,0.981,0.686,1.135,,,,,,,,-0.173,,7120000000,2025-10-29,annual,0.61,USD,pre-market,None,8495000000,0.0371,-0.0969,-0.023,21.11,1834662000,31503000000,3195000000,140000000,26.87,24.8,4.4699,120092000000,7201000000,10154000000,54016000000,112891000000,43862000000,8643438000,65863000000,-224000000,31.87,23.33
2025-12-28,KHC,-3.71,25163999000.0,None,0.073,35.01,,None,4204000000,4204000000,,,,,,,,,12000000,1226000000,None,5203810000,5203810000,3996000000,None,2691000000,1158000000,None,None,None,,1.6,0.0666,,,,-0.106,0.0261,None,None,0.5839,2016-12-31,9.42,44125000000,8489000000.0,3439628000,693461000,250700000,59297000000,59297000000,None,0,None,2684000000,None,None,29713000000,None,None,645603000,None,None,None,0.176,,None,1349912000,707000000,2559000000,None,2038000000,None,,,,,0.981,0.686,1.135,,,,,,,,-0.173,,6688000000,2025-10-29,annual,0.61,USD,pre-market,None,588000000,0.0371,-0.0969,-0.023,21.11,1834662000,32404000000,2691000000,0,26.87,24.8,4.4699,120480000000,8753000000,9501000000,62906000000,111727000000,53405000000,8643438000,57358000000,-207000000,31.87,23.33
2025-12-28,KHC,-3.71,25163999000.0,None,0.073,35.01,,None,4837000000,4837000000,,,,,,,,,12000000,786000000,None,5203810000,5203810000,2844000000,None,79000000,1454000000,None,None,None,,1.6,0.0666,,,,-0.106,0.0261,None,None,0.5839,2015-12-31,9.42,43051000000,8489000000.0,3439628000,693461000,250700000,62120000000,62120000000,None,0,None,2618000000,None,None,25044000000,None,None,645603000,None,None,None,0.176,,None,1349912000,871000000,-17409000000,None,2405000000,None,,,,,0.981,0.686,1.135,,,,,,,,-0.173,,6524000000,2025-10-29,annual,0.61,USD,pre-market,None,0,0.0371,-0.0969,-0.023,21.11,1834662000,25155000000,4000000,0,26.87,24.8,4.4699,122973000000,9780000000,6932000000,56737000000,113193000000,49805000000,8643438000,66005000000,-31000000,31.87,23.33
2025-12-28,KHC,-3.71,25163999000.0,None,0.073,35.01,,None,1293000000,1293000000,,,,,,,,,4000000,598000000,None,5203810000,5203810000,1537000000,None,11000000,1080000000,None,None,None,,1.6,0.0666,,,,-0.106,0.0261,None,None,0.5839,2014-12-31,9.42,11404000000,8489000000.0,3439628000,693461000,250700000,2234000000,2234000000,None,0,None,1775000000,None,None,13584987000,None,None,645603000,None,None,None,0.176,,None,1349912000,643000000,1831000000,None,None,None,,,,,0.981,0.686,1.135,,,,,,,,-0.173,,2365367000,2025-10-29,annual,0.61,USD,pre-market,None,1045000000,0.0371,-0.0969,-0.023,21.11,1834662000,10032000000,1405000000,None,26.87,24.8,4.4699,22947000000,4791000000,4773000000,18582000000,18156000000,13809000000,8643438000,4365000000,None,31.87,23.33
2025-12-28,KHC,-3.71,25163999000.0,None,0.073,35.01,,None,1686000000,1686000000,,,,,,,,,9000000,599000000,None,5203810000,5203810000,1548000000,None,None,1048000000,None,None,None,,1.6,0.0666,,,,-0.106,0.0261,None,None,0.5839,2013-12-31,9.42,11505000000,8489000000.0,3439628000,693461000,250700000,2229000000,2229000000,None,0,None,1616000000,None,None,14617646000,None,None,645603000,None,None,None,0.176,,None,1349912000,558000000,1858000000,None,None,None,,,,,0.981,0.686,1.135,,,,,,,,-0.173,,2663492000,2025-10-29,annual,0.61,USD,pre-market,None,1281000000,0.0371,-0.0969,-0.023,21.11,1834662000,9980000000,4000000,None,26.87,24.8,4.4699,23148000000,4908000000,3410000000,17961000000,18240000000,14551000000,8643438000,5187000000,None,31.87,23.33
2025-12-28,KHC,-3.71,25163999000.0,None,0.073,35.01,,None,1255000000,1255000000,,,,,,,,,107774000,598000000,None,5203810000,5203810000,1556000000,None,None,1089000000,None,None,None,,1.6,0.0666,,,,-0.106,0.0261,None,None,0.5839,2012-12-31,9.42,11599000000,8489000000.0,3439628000,693461000,250700000,2228000000,2228000000,None,0,None,1928000000,None,None,3848339000,None,None,645603000,None,None,None,0.176,,None,1349912000,551000000,2045000000,None,None,None,,,,,0.981,0.686,1.135,,,,,,,,-0.173,,2458801000,2025-10-29,annual,0.61,USD,pre-market,None,-206000000,0.0371,-0.0969,-0.023,21.11,1834662000,9971000000,5000000,None,26.87,24.8,4.4699,23179000000,4823000000,3606000000,19607000000,18356000000,16001000000,8643438000,3572000000,-4647242000,31.87,23.33
2025-12-28,KHC,-3.71,25163999000.0,None,0.073,35.01,,None,1330441000,1330441000,,,,,,,,,107774000,591000000,None,5203810000,5203810000,1447000000,None,None,903000000,None,None,None,,1.6,0.0666,,,,-0.106,0.0261,None,None,0.5839,2011-12-31,9.42,11316000000,8489000000.0,3439628000,693461000,250700000,2630000000,2630000000,None,0,None,1943000000,None,None,4779981000,None,None,645603000,None,None,None,0.176,,None,1349912000,426000000,1117000000,None,None,None,,,,,0.981,0.686,1.135,,,,,,,,-0.173,,2484138000,2025-10-29,annual,0.61,USD,pre-market,None,7567278000,0.0371,-0.0969,-0.023,21.11,1834662000,35000000,8000000,25073000,26.87,24.8,4.4699,21539000000,3272000000,2572000000,4951000000,18267000000,2379000000,8643438000,16588000000,-4666404000,31.87,23.33
2025-12-28,KHC,-3.71,25163999000.0,None,0.073,35.01,,None,724311000,724311000,,,,,,,,,107774000,591000000,None,5203810000,5203810000,1337620000,None,None,None,None,None,None,,1.6,0.0666,,,,-0.106,0.0261,None,None,0.5839,2010-12-31,9.42,3298441000,8489000000.0,3439628000,693461000,250700000,4897225000,4897225000,None,0,None,1451546000,None,None,3078128000,None,None,645603000,None,None,None,0.176,,None,1349912000,312653000,1190583000,None,None,None,,,,,0.981,0.686,1.135,,,,,,,,-0.173,,2505083000,2025-10-29,annual,0.61,USD,pre-market,None,6965114000,0.0371,-0.0969,-0.023,21.11,1834662000,None,None,None,26.87,24.8,4.4699,12230645000,None,4161460000,8923510000,None,None,8643438000,3108962000,-4593362000,31.87,23.33
2025-12-28,KHC,-3.71,25163999000.0,None,0.073,35.01,,None,483253000,483253000,,,,,,,,,107774000,None,None,5203810000,5203810000,1007517000,None,None,None,None,None,None,,1.6,0.0666,,,,-0.106,0.0261,None,None,0.5839,2009-12-31,9.42,2770918000,8489000000.0,3439628000,693461000,250700000,4068632000,4068632000,None,0,None,1249127000,None,None,4559152000,None,None,645603000,None,None,None,0.176,,None,1349912000,273407000,1078229000,None,None,None,,,,,0.981,0.686,1.135,,,,,,,,-0.173,,2091796000,2025-10-29,annual,0.61,USD,pre-market,None,5876452000,0.0371,-0.0969,-0.023,21.11,1834662000,None,None,None,26.87,24.8,4.4699,10075711000,None,2175359000,8127215000,None,None,8643438000,1891345000,-4750547000,31.87,23.33
2025-12-28,KHC,-3.71,25163999000.0,None,0.073,35.01,,None,373145000,373145000,,,,,,,,,107774000,None,None,5203810000,5203810000,1113307000,None,None,None,None,None,None,,1.6,0.0666,,,,-0.106,0.0261,None,None,0.5839,2008-12-31,9.42,2687788000,8489000000.0,3439628000,693461000,250700000,3982954000,3982954000,None,0,None,1237613000,None,None,5076186000,None,None,645603000,None,None,None,0.176,,None,1349912000,162466000,810005000,None,None,None,,,,,0.981,0.686,1.135,,,,,,,,-0.173,,1978302000,2025-10-29,annual,0.61,USD,pre-market,None,5256019000,0.0371,-0.0969,-0.023,21.11,1834662000,None,None,None,26.87,24.8,4.4699,9664184000,None,2062846000,8385079000,None,None,8643438000,1219938000,-4881842000,31.87,23.33
2025-12-28,KHC,-3.71,25163999000.0,None,0.073,35.01,,None,617687000,617687000,,,,,,,,,107774000,None,None,5203810000,5203810000,1247479000,None,None,None,None,None,None,,1.6,0.0666,,,,-0.106,0.0261,None,None,0.5839,2007-12-31,9.42,2997462000,8489000000.0,3439628000,693461000,250700000,4411521000,4411521000,None,0,None,1378216000,None,None,4730946000,None,None,645603000,None,None,None,0.176,,None,1349912000,168182000,878551000,None,None,None,,,,,0.981,0.686,1.135,,,,,,,,-0.173,,2104713000,2025-10-29,annual,0.61,USD,pre-market,None,6067918000,0.0371,-0.0969,-0.023,21.11,1834662000,None,None,None,26.87,24.8,4.4699,10565043000,None,2670060000,8611496000,None,None,8643438000,1887820000,-4905755000,31.87,23.33
2025-12-28,KHC,-3.71,25163999000.0,None,0.073,35.01,,None,652896000,652896000,,,,,,,,,107774000,None,None,5203810000,5203810000,1181078000,None,None,None,None,None,None,,1.6,0.0666,,,,-0.106,0.0261,None,None,0.5839,2006-12-31,9.42,2834639000,8489000000.0,3439628000,693461000,250700000,4139872000,4139872000,None,0,None,1197957000,None,None,4413641000,None,None,645603000,None,None,None,0.176,,None,1349912000,171297000,762165000,None,None,None,,,,,0.981,0.686,1.135,,,,,,,,-0.173,,1998153000,2025-10-29,annual,0.61,USD,pre-market,None,5559352000,0.0371,-0.0969,-0.023,21.11,1834662000,None,None,None,26.87,24.8,4.4699,10033026000,None,2505106000,8093034000,None,None,8643438000,1841683000,-4406126000,31.87,23.33
2025-12-28,KHC,-3.71,25163999000.0,None,0.073,35.01,,None,445427000,445427000,,,,,,,,,107774000,None,None,5203810000,5203810000,1035084000,None,None,None,None,None,None,,1.6,0.0666,,,,-0.106,0.0261,None,None,0.5839,2005-12-31,9.42,2822567000,8489000000.0,3439628000,693461000,250700000,3868988000,3868988000,None,0,None,1073682000,None,None,4357013000,None,None,645603000,None,None,None,0.176,,None,1349912000,182701000,777765000,None,None,None,,,,,0.981,0.686,1.135,,,,,,,,-0.173,,1900557000,2025-10-29,annual,0.61,USD,pre-market,None,5323725000,0.0371,-0.0969,-0.023,21.11,1834662000,None,None,None,26.87,24.8,4.4699,9737767000,None,2018231000,7568792000,None,None,8643438000,2048823000,-3852220000,31.87,23.33
2025-12-28,KHC,-3.71,25163999000.0,None,0.073,35.01,171000000,None,445427000,445427000,-340000000,-262000000,None,None,-41000000,None,None,None,107774000,None,None,5203810000,5203810000,1035084000,None,None,None,None,None,None,245000000,1.6,0.0666,473000000,473000000,None,-0.106,0.0261,None,None,0.5839,2025-09-30,9.42,2822567000,8489000000.0,3439628000,693461000,250700000,3868988000,3868988000,None,0,None,1073682000,None,None,4357013000,None,None,614000000,None,None,None,0.176,1157000000,None,1349912000,182701000,777765000,None,None,None,None,None,None,None,0.981,0.686,1.135,None,None,None,None,None,435000000,None,-0.173,None,1900557000,2025-10-29,quarterly,0.61,USD,pre-market,None,5323725000,0.0371,-0.0969,-0.023,21.11,1834662000,None,None,None,26.87,24.8,4.4699,9737767000,None,2018231000,7568792000,None,None,8643438000,2048823000,-3852220000,31.87,23.33
2025-12-28,KHC,-3.71,25163999000.0,None,0.073,35.01,187000000,None,445427000,445427000,-1323000000,-470000000,None,None,53000000,None,None,None,107774000,None,None,5203810000,5203810000,1035084000,None,None,None,None,None,None,241000000,1.6,0.0666,474000000,474000000,None,-0.106,0.0261,None,None,0.5839,2025-06-30,9.42,2822567000,8489000000.0,3439628000,693461000,250700000,3868988000,3868988000,None,0,None,1073682000,None,None,4357013000,None,None,-7824000000,None,None,None,0.176,1209000000,None,1349912000,182701000,777765000,None,None,None,None,None,None,None,0.981,0.686,1.135,None,None,None,None,None,-210000000,None,-0.173,None,1900557000,2025-10-29,quarterly,0.61,USD,pre-market,None,5323725000,0.0371,-0.0969,-0.023,21.11,1834662000,None,None,None,26.87,24.8,4.4699,9737767000,None,2018231000,7568792000,None,None,8643438000,2048823000,-3852220000,31.87,23.33
2025-12-28,KHC,-3.71,25163999000.0,None,0.073,35.01,238000000,None,445427000,445427000,900000000,-878000000,None,None,-217000000,None,None,None,107774000,None,None,5203810000,5203810000,1035084000,None,None,None,None,None,None,231000000,1.6,0.0666,477000000,477000000,None,-0.106,0.0261,None,None,0.5839,2025-03-31,9.42,2822567000,8489000000.0,3439628000,693461000,250700000,3868988000,3868988000,None,0,None,1073682000,None,None,4357013000,None,None,714000000,None,None,None,0.176,720000000,None,1349912000,182701000,777765000,None,None,None,None,None,None,None,0.981,0.686,1.135,None,None,None,None,None,-225000000,None,-0.173,None,1900557000,2025-10-29,quarterly,0.61,USD,pre-market,None,5323725000,0.0371,-0.0969,-0.023,21.11,1834662000,None,None,None,26.87,24.8,4.4699,9737767000,None,2018231000,7568792000,None,None,8643438000,2048823000,-3852220000,31.87,23.33
2025-12-28,KHC,-3.71,25163999000.0,None,0.073,35.01,247000000,None,445427000,445427000,-962000000,-174000000,None,None,386000000,None,None,None,107774000,None,None,5203810000,5203810000,1035084000,None,None,None,None,None,None,234000000,1.6,0.0666,479000000,479000000,None,-0.106,0.0261,None,None,0.5839,2024-12-31,9.42,2822567000,8489000000.0,3439628000,693461000,250700000,3868988000,3868988000,None,0,None,1073682000,None,None,4357013000,None,None,2130000000,None,None,None,0.176,1388000000,None,1349912000,182701000,777765000,None,None,None,None,None,None,None,0.981,0.686,1.135,None,None,None,None,None,-450000000,None,-0.173,None,1900557000,2025-10-29,quarterly,0.61,USD,pre-market,None,5323725000,0.0371,-0.0969,-0.023,21.11,1834662000,None,None,None,26.87,24.8,4.4699,9737767000,None,2018231000,7568792000,None,None,8643438000,2048823000,-3852220000,31.87,23.33
2025-12-28,KHC,-3.71,25163999000.0,None,0.073,35.01,234000000,None,445427000,445427000,-481000000,-217000000,None,None,-291000000,None,None,None,107774000,None,None,5203810000,5203810000,1035084000,None,None,None,None,None,None,245000000,1.6,0.0666,483000000,483000000,None,-0.106,0.0261,None,None,0.5839,2024-09-30,9.42,2822567000,8489000000.0,3439628000,693461000,250700000,3868988000,3868988000,None,0,None,1073682000,None,None,4357013000,None,None,-290000000,None,None,None,0.176,1083000000,None,1349912000,182701000,777765000,None,None,None,None,None,None,None,0.981,0.686,1.135,None,None,None,None,None,-1000000,None,-0.173,None,1900557000,2025-10-29,quarterly,0.61,USD,pre-market,None,5323725000,0.0371,-0.0969,-0.023,21.11,1834662000,None,None,None,26.87,24.8,4.4699,9737767000,None,2018231000,7568792000,None,None,8643438000,2048823000,-3852220000,31.87,23.33
2025-12-28,KHC,-3.71,25163999000.0,None,0.073,35.01,389000000,None,445427000,445427000,-1326000000,-345000000,None,None,-45000000,None,None,None,107774000,None,None,5203810000,5203810000,1035084000,None,None,None,None,None,None,239000000,1.6,0.0666,483000000,483000000,None,-0.106,0.0261,None,None,0.5839,2024-06-30,9.42,2822567000,8489000000.0,3439628000,693461000,250700000,3868988000,3868988000,None,0,None,1073682000,None,None,4357013000,None,None,102000000,None,None,None,0.176,942000000,None,1349912000,182701000,777765000,None,None,None,None,None,None,None,0.981,0.686,1.135,None,None,None,None,None,-208000000,None,-0.173,None,1900557000,2025-10-29,quarterly,0.61,USD,pre-market,None,5323725000,0.0371,-0.0969,-0.023,21.11,1834662000,None,None,None,26.87,24.8,4.4699,9737767000,None,2018231000,7568792000,None,None,8643438000,2048823000,-3852220000,31.87,23.33
2025-12-28,KHC,-3.71,25163999000.0,None,0.073,35.01,294000000,None,445427000,445427000,-239000000,-287000000,None,None,-56000000,None,None,None,107774000,None,None,5203810000,5203810000,1035084000,None,None,None,None,None,None,230000000,1.6,0.0666,486000000,486000000,None,-0.106,0.0261,None,None,0.5839,2024-03-31,9.42,2822567000,8489000000.0,3439628000,693461000,250700000,3868988000,3868988000,None,0,None,1073682000,None,None,4357013000,None,None,804000000,None,None,None,0.176,771000000,None,1349912000,182701000,777765000,None,None,None,None,None,None,None,0.981,0.686,1.135,None,None,None,None,None,-329000000,None,-0.173,None,1900557000,2025-10-29,quarterly,0.61,USD,pre-market,None,5323725000,0.0371,-0.0969,-0.023,21.11,1834662000,None,None,None,26.87,24.8,4.4699,9737767000,None,2018231000,7568792000,None,None,8643438000,2048823000,-3852220000,31.87,23.33
2025-12-28,KHC,-3.71,25163999000.0,None,0.073,35.01,234000000,None,445427000,445427000,-862000000,-178000000,None,None,171000000,None,None,None,107774000,None,None,5203810000,5203810000,1035084000,None,None,None,None,None,None,251000000,1.6,0.0666,491000000,491000000,None,-0.106,0.0261,None,None,0.5839,2023-12-31,9.42,2822567000,8489000000.0,3439628000,693461000,250700000,3868988000,3868988000,None,0,None,1073682000,None,None,4357013000,None,None,757000000,None,None,None,0.176,1356000000,None,1349912000,182701000,777765000,None,None,None,None,None,None,None,0.981,0.686,1.135,None,None,None,None,None,-455000000,None,-0.173,None,1900557000,2025-10-29,quarterly,0.61,USD,pre-market,None,5323725000,0.0371,-0.0969,-0.023,21.11,1834662000,None,None,None,26.87,24.8,4.4699,9737767000,None,2018231000,7568792000,None,None,8643438000,2048823000,-3852220000,31.87,23.33
2025-12-28,KHC,-3.71,25163999000.0,None,0.073,35.01,271000000,None,445427000,445427000,-629000000,-263000000,None,None,-45000000,None,None,None,107774000,None,None,5203810000,5203810000,1035084000,None,None,None,None,None,None,274000000,1.6,0.0666,492000000,492000000,None,-0.106,0.0261,None,None,0.5839,2023-09-30,9.42,2822567000,8489000000.0,3439628000,693461000,250700000,3868988000,3868988000,None,0,None,1073682000,None,None,4357013000,None,None,254000000,None,None,None,0.176,1036000000,None,1349912000,182701000,777765000,None,None,None,None,None,None,None,0.981,0.686,1.135,None,None,None,None,None,None,None,-0.173,None,1900557000,2025-10-29,quarterly,0.61,USD,pre-market,None,5323725000,0.0371,-0.0969,-0.023,21.11,1834662000,None,None,None,26.87,24.8,4.4699,9737767000,None,2018231000,7568792000,None,None,8643438000,2048823000,-3852220000,31.87,23.33
2025-12-28,KHC,-3.71,25163999000.0,None,0.073,35.01,242000000,None,445427000,445427000,-748000000,-211000000,139000000,None,174000000,None,None,37000000,107774000,None,None,5203810000,5203810000,1035084000,None,None,None,None,None,None,216000000,1.6,0.0666,491000000,491000000,None,-0.106,0.0261,None,None,0.5839,2023-06-30,9.42,2822567000,8489000000.0,3439628000,693461000,250700000,3868988000,3868988000,None,0,None,1073682000,None,None,4357013000,None,None,998000000,None,None,None,0.176,1098000000,None,1349912000,182701000,777765000,None,None,None,None,None,None,None,0.981,0.686,1.135,None,None,None,None,None,-16000000,None,-0.173,None,1900557000,2025-10-29,quarterly,0.61,USD,pre-market,None,5323725000,0.0371,-0.0969,-0.023,21.11,1834662000,None,None,None,26.87,24.8,4.4699,9737767000,None,2018231000,7568792000,None,None,8643438000,2048823000,-3852220000,31.87,23.33
2025-12-28,KHC,-3.71,25163999000.0,None,0.073,35.01,266000000,None,445427000,445427000,-439000000,-264000000,-217000000,None,-406000000,None,None,-151000000,107774000,None,None,5203810000,5203810000,1035084000,None,None,None,None,None,None,220000000,1.6,0.0666,491000000,491000000,None,-0.106,0.0261,None,None,0.5839,2023-03-31,9.42,2822567000,8489000000.0,3439628000,693461000,250700000,3868988000,3868988000,None,0,None,1073682000,None,None,4357013000,None,None,837000000,None,None,None,0.176,486000000,None,1349912000,182701000,777765000,None,None,None,None,None,None,None,0.981,0.686,1.135,None,None,None,None,None,-22000000,None,-0.173,None,1900557000,2025-10-29,quarterly,0.61,USD,pre-market,None,5323725000,0.0371,-0.0969,-0.023,21.11,1834662000,None,None,None,26.87,24.8,4.4699,9737767000,None,2018231000,7568792000,None,None,8643438000,2048823000,-3852220000,31.87,23.33
2025-12-28,KHC,-3.71,25163999000.0,None,0.073,35.01,284000000,None,445427000,445427000,-903000000,-53000000,-4000000,None,-94000000,None,None,-20000000,107774000,None,None,5203810000,5203810000,1035084000,None,None,None,None,None,None,248000000,1.6,0.0666,490000000,490000000,None,-0.106,0.0261,None,None,0.5839,2022-12-31,9.42,2822567000,8489000000.0,3439628000,693461000,250700000,3868988000,3868988000,None,0,None,1073682000,None,None,4357013000,None,None,887000000,None,None,None,0.176,952000000,None,1349912000,182701000,777765000,None,None,None,None,None,None,None,0.981,0.686,1.135,None,None,None,None,None,-280000000,None,-0.173,None,1900557000,2025-10-29,quarterly,0.61,USD,pre-market,None,5323725000,0.0371,-0.0969,-0.023,21.11,1834662000,None,None,None,26.87,24.8,4.4699,9737767000,None,2018231000,7568792000,None,None,8643438000,2048823000,-3852220000,31.87,23.33
2025-12-28,KHC,-3.71,25163999000.0,None,0.073,35.01,197000000,None,445427000,445427000,-1089000000,-117000000,-477000000,None,-259000000,None,None,14000000,107774000,None,None,5203810000,5203810000,1035084000,None,None,None,None,None,None,229000000,1.6,0.0666,490000000,490000000,None,-0.106,0.0261,None,None,0.5839,2022-09-30,9.42,2822567000,8489000000.0,3439628000,693461000,250700000,3868988000,3868988000,None,0,None,1073682000,None,None,4357013000,None,None,432000000,None,None,None,0.176,729000000,None,1349912000,182701000,777765000,None,None,None,None,None,None,None,0.981,0.686,1.135,None,None,None,None,None,None,None,-0.173,None,1900557000,2025-10-29,quarterly,0.61,USD,pre-market,None,5323725000,0.0371,-0.0969,-0.023,21.11,1834662000,None,None,None,26.87,24.8,4.4699,9737767000,None,2018231000,7568792000,None,None,8643438000,2048823000,-3852220000,31.87,23.33
2025-12-28,KHC,-3.71,25163999000.0,None,0.073,35.01,221000000,None,445427000,445427000,-1237000000,-452000000,-1387000000,None,-386000000,None,None,-99000000,107774000,None,None,5203810000,5203810000,1035084000,None,None,None,None,None,None,236000000,1.6,0.0666,490000000,490000000,None,-0.106,0.0261,None,None,0.5839,2022-06-30,9.42,2822567000,8489000000.0,3439628000,693461000,250700000,3868988000,3868988000,None,0,None,1073682000,None,None,4357013000,None,None,265000000,None,None,None,0.176,302000000,None,1349912000,182701000,777765000,None,None,None,None,None,None,None,0.981,0.686,1.135,None,None,None,None,None,None,None,-0.173,None,1900557000,2025-10-29,quarterly,0.61,USD,pre-market,None,5323725000,0.0371,-0.0969,-0.023,21.11,1834662000,None,None,None,26.87,24.8,4.4699,9737767000,None,2018231000,7568792000,None,None,8643438000,2048823000,-3852220000,31.87,23.33
2025-12-28,KHC,-3.71,25163999000.0,None,0.073,35.01,214000000,None,445427000,445427000,-485000000,-469000000,-468000000,None,-382000000,None,None,-123000000,107774000,None,None,5203810000,5203810000,1035084000,None,None,None,None,None,None,220000000,1.6,0.0666,490000000,490000000,None,-0.106,0.0261,None,None,0.5839,2022-03-31,9.42,2822567000,8489000000.0,3439628000,693461000,250700000,3868988000,3868988000,None,0,None,1073682000,None,None,4357013000,None,None,781000000,None,None,None,0.176,486000000,None,1349912000,182701000,777765000,None,None,None,None,None,None,None,0.981,0.686,1.135,None,None,None,None,None,None,None,-0.173,None,1900557000,2025-10-29,quarterly,0.61,USD,pre-market,None,5323725000,0.0371,-0.0969,-0.023,21.11,1834662000,None,None,None,26.87,24.8,4.4699,9737767000,None,2018231000,7568792000,None,None,8643438000,2048823000,-3852220000,31.87,23.33
2025-12-28,KHC,-3.71,25163999000.0,None,0.073,35.01,250000000,None,445427000,445427000,-3011000000,1294000000,1199000000,None,120000000,None,None,-5000000,107774000,None,None,5203810000,5203810000,1035084000,None,None,None,None,None,None,233000000,1.6,0.0666,490000000,490000000,None,-0.106,0.0261,None,None,0.5839,2021-12-31,9.42,2822567000,8489000000.0,3439628000,693461000,250700000,3868988000,3868988000,None,0,None,1073682000,None,None,4357013000,None,None,-255000000,None,None,None,0.176,2916000000,None,1349912000,182701000,777765000,None,None,None,None,None,None,None,0.981,0.686,1.135,None,None,None,None,None,None,None,-0.173,None,1900557000,2025-10-29,quarterly,0.61,USD,pre-market,None,5323725000,0.0371,-0.0969,-0.023,21.11,1834662000,None,None,None,26.87,24.8,4.4699,9737767000,None,2018231000,7568792000,None,None,8643438000,2048823000,-3852220000,31.87,23.33
2025-12-28,KHC,-3.71,25163999000.0,None,0.073,35.01,224000000,None,445427000,445427000,-1778000000,-283000000,-1642000000,None,-37000000,None,None,30000000,107774000,None,None,5203810000,5203810000,1035084000,None,None,None,None,None,None,228000000,1.6,0.0666,490000000,490000000,None,-0.106,0.0261,None,None,0.5839,2021-09-30,9.42,2822567000,8489000000.0,3439628000,693461000,250700000,3868988000,3868988000,None,0,None,1073682000,None,None,4357013000,None,None,736000000,None,None,None,0.176,419000000,None,1349912000,182701000,777765000,None,None,None,None,None,None,None,0.981,0.686,1.135,None,None,None,None,None,None,None,-0.173,None,1900557000,2025-10-29,quarterly,0.61,USD,pre-market,None,5323725000,0.0371,-0.0969,-0.023,21.11,1834662000,None,None,None,26.87,24.8,4.4699,9737767000,None,2018231000,7568792000,None,None,8643438000,2048823000,-3852220000,31.87,23.33
2025-12-28,KHC,-3.71,25163999000.0,None,0.073,35.01,204000000,None,445427000,445427000,-2912000000,3243000000,1550000000,None,-126000000,None,None,96000000,107774000,None,None,5203810000,5203810000,1035084000,None,None,None,None,None,None,227000000,1.6,0.0666,490000000,490000000,None,-0.106,0.0261,None,None,0.5839,2021-06-30,9.42,2822567000,8489000000.0,3439628000,693461000,250700000,3868988000,3868988000,None,0,None,1073682000,None,None,4357013000,None,None,-25000000,None,None,None,0.176,1219000000,None,1349912000,182701000,777765000,None,None,None,None,None,None,None,0.981,0.686,1.135,None,None,None,None,None,None,None,-0.173,None,1900557000,2025-10-29,quarterly,0.61,USD,pre-market,None,5323725000,0.0371,-0.0969,-0.023,21.11,1834662000,None,None,None,26.87,24.8,4.4699,9737767000,None,2018231000,7568792000,None,None,8643438000,2048823000,-3852220000,31.87,23.33
2025-12-28,KHC,-3.71,25163999000.0,None,0.073,35.01,227000000,None,445427000,445427000,-1643000000,-216000000,-1049000000,None,-101000000,None,None,-34000000,107774000,None,None,5203810000,5203810000,1035084000,None,None,None,None,None,None,222000000,1.6,0.0666,489000000,489000000,None,-0.106,0.0261,None,None,0.5839,2021-03-31,9.42,2822567000,8489000000.0,3439628000,693461000,250700000,3868988000,3868988000,None,0,None,1073682000,None,None,4357013000,None,None,568000000,None,None,None,0.176,810000000,None,1349912000,182701000,777765000,None,None,None,None,None,None,None,0.981,0.686,1.135,None,None,None,None,None,None,None,-0.173,None,1900557000,2025-10-29,quarterly,0.61,USD,pre-market,None,5323725000,0.0371,-0.0969,-0.023,21.11,1834662000,None,None,None,26.87,24.8,4.4699,9737767000,None,2018231000,7568792000,None,None,8643438000,2048823000,-3852220000,31.87,23.33
2025-12-28,KHC,-3.71,25163999000.0,None,0.073,35.01,199000000,None,445427000,445427000,-822000000,-160000000,621000000,None,189000000,None,None,-20000000,107774000,None,None,5203810000,5203810000,1035084000,None,None,None,None,None,None,247000000,1.6,0.0666,491000000,491000000,None,-0.106,0.0261,None,None,0.5839,2020-12-31,9.42,2822567000,8489000000.0,3439628000,693461000,250700000,3868988000,3868988000,None,0,None,1073682000,None,None,4357013000,None,None,1034000000,None,None,None,0.176,1603000000,None,1349912000,182701000,777765000,None,None,None,None,None,None,None,0.981,0.686,1.135,None,None,None,None,None,None,None,-0.173,None,1900557000,2025-10-29,quarterly,0.61,USD,pre-market,None,5323725000,0.0371,-0.0969,-0.023,21.11,1834662000,None,None,None,26.87,24.8,4.4699,9737767000,None,2018231000,7568792000,None,None,8643438000,2048823000,-3852220000,31.87,23.33
2025-12-28,KHC,-3.71,25163999000.0,None,0.073,35.01,139000000,None,445427000,445427000,-1072000000,-125000000,-87000000,None,-258000000,None,None,54000000,107774000,None,None,5203810000,5203810000,1035084000,None,None,None,None,None,None,232000000,1.6,0.0666,490000000,490000000,None,-0.106,0.0261,None,None,0.5839,2020-09-30,9.42,2822567000,8489000000.0,3439628000,693461000,250700000,3868988000,3868988000,None,0,None,1073682000,None,None,4357013000,None,None,598000000,None,None,None,0.176,1110000000,None,1349912000,182701000,777765000,None,None,None,None,None,None,None,0.981,0.686,1.135,None,None,None,None,None,None,None,-0.173,None,1900557000,2025-10-29,quarterly,0.61,USD,pre-market,None,5323725000,0.0371,-0.0969,-0.023,21.11,1834662000,None,None,None,26.87,24.8,4.4699,9737767000,None,2018231000,7568792000,None,None,8643438000,2048823000,-3852220000,31.87,23.33
2025-12-28,KHC,-3.71,25163999000.0,None,0.073,35.01,127000000,None,445427000,445427000,-4542000000,-115000000,-2653000000,None,29000000,None,None,363000000,107774000,None,None,5203810000,5203810000,1035084000,None,None,None,None,None,None,247000000,1.6,0.0666,489000000,489000000,None,-0.106,0.0261,None,None,0.5839,2020-06-30,9.42,2822567000,8489000000.0,3439628000,693461000,250700000,3868988000,3868988000,None,0,None,1073682000,None,None,4357013000,None,None,-1652000000,None,None,None,0.176,2004000000,None,1349912000,182701000,777765000,None,None,None,None,None,None,None,0.981,0.686,1.135,None,None,None,None,None,None,None,-0.173,None,1900557000,2025-10-29,quarterly,0.61,USD,pre-market,None,5323725000,0.0371,-0.0969,-0.023,21.11,1834662000,None,None,None,26.87,24.8,4.4699,9737767000,None,2018231000,7568792000,None,None,8643438000,2048823000,-3852220000,31.87,23.33
2025-12-28,KHC,-3.71,25163999000.0,None,0.073,35.01,131000000,None,445427000,445427000,3105000000,-122000000,3195000000,None,-226000000,None,None,-423000000,107774000,None,None,5203810000,5203810000,1035084000,None,None,None,None,None,None,243000000,1.6,0.0666,488000000,488000000,None,-0.106,0.0261,None,None,0.5839,2020-03-31,9.42,2822567000,8489000000.0,3439628000,693461000,250700000,3868988000,3868988000,None,0,None,1073682000,None,None,4357013000,None,None,381000000,None,None,None,0.176,212000000,None,1349912000,182701000,777765000,None,None,None,None,None,None,None,0.981,0.686,1.135,None,None,None,None,None,None,None,-0.173,None,1900557000,2025-10-29,quarterly,0.61,USD,pre-market,None,5323725000,0.0371,-0.0969,-0.023,21.11,1834662000,None,None,None,26.87,24.8,4.4699,9737767000,None,2018231000,7568792000,None,None,8643438000,2048823000,-3852220000,31.87,23.33
2025-12-28,KHC,-3.71,25163999000.0,None,0.073,35.01,187000000,None,445427000,445427000,-2032000000,400000000,-70000000,None,360000000,None,None,2000000,107774000,None,None,5203810000,5203810000,1035084000,None,None,None,None,None,None,257000000,1.6,0.0666,489000000,489000000,None,-0.106,0.0261,None,None,0.5839,2019-12-31,9.42,2822567000,8489000000.0,3439628000,693461000,250700000,3868988000,3868988000,None,0,None,1073682000,None,None,4357013000,None,None,183000000,None,None,None,0.176,1562000000,None,1349912000,182701000,777765000,None,None,None,None,None,None,None,0.981,0.686,1.135,None,None,None,None,None,None,None,-0.173,None,1900557000,2025-10-29,quarterly,0.61,USD,pre-market,None,5323725000,0.0371,-0.0969,-0.023,21.11,1834662000,None,None,None,26.87,24.8,4.4699,9737767000,None,2018231000,7568792000,None,None,8643438000,2048823000,-3852220000,31.87,23.33
2025-12-28,KHC,-3.71,25163999000.0,None,0.073,35.01,133000000,None,445427000,445427000,-904000000,1129000000,890000000,None,-153000000,None,None,63000000,107774000,None,None,5203810000,5203810000,1035084000,None,None,None,None,None,None,243000000,1.6,0.0666,488000000,488000000,None,-0.106,0.0261,None,None,0.5839,2019-09-30,9.42,2822567000,8489000000.0,3439628000,693461000,250700000,3868988000,3868988000,None,0,None,1073682000,None,None,4357013000,None,None,898000000,None,None,None,0.176,665000000,None,1349912000,182701000,777765000,None,None,None,None,None,None,None,0.981,0.686,1.135,None,None,None,None,None,None,None,-0.173,None,1900557000,2025-10-29,quarterly,0.61,USD,pre-market,None,5323725000,0.0371,-0.0969,-0.023,21.11,1834662000,None,None,None,26.87,24.8,4.4699,9737767000,None,2018231000,7568792000,None,None,8643438000,2048823000,-3852220000,31.87,23.33
2025-12-28,KHC,-3.71,25163999000.0,None,0.073,35.01,199000000,None,445427000,445427000,-473000000,-195000000,353000000,None,4000000,None,None,-41000000,107774000,None,None,5203810000,5203810000,1035084000,None,None,None,None,None,None,255000000,1.6,0.0666,488000000,488000000,None,-0.106,0.0261,None,None,0.5839,2019-06-30,9.42,2822567000,8489000000.0,3439628000,693461000,250700000,3868988000,3868988000,None,0,None,1073682000,None,None,4357013000,None,None,448000000,None,None,None,0.176,1021000000,None,1349912000,182701000,777765000,None,None,None,None,None,None,None,0.981,0.686,1.135,None,None,None,None,None,None,None,-0.173,None,1900557000,2025-10-29,quarterly,0.61,USD,pre-market,None,5323725000,0.0371,-0.0969,-0.023,21.11,1834662000,None,None,None,26.87,24.8,4.4699,9737767000,None,2018231000,7568792000,None,None,8643438000,2048823000,-3852220000,31.87,23.33
2025-12-28,KHC,-3.71,25163999000.0,None,0.073,35.01,232000000,None,445427000,445427000,-1705000000,-197000000,-23000000,None,412000000,None,None,116000000,107774000,None,None,5203810000,5203810000,1035084000,None,None,None,None,None,None,247000000,1.6,0.0666,762000000,762000000,None,-0.106,0.0261,None,None,0.5839,2019-03-31,9.42,2822567000,8489000000.0,3439628000,693461000,250700000,3868988000,3868988000,None,0,None,1073682000,None,None,4357013000,None,None,-12630000000,None,None,None,0.176,1675000000,None,1349912000,182701000,777765000,None,None,None,None,None,None,None,0.981,0.686,1.135,None,None,None,None,None,None,None,-0.173,None,1900557000,2025-10-29,quarterly,0.61,USD,pre-market,None,5323725000,0.0371,-0.0969,-0.023,21.11,1834662000,None,None,None,26.87,24.8,4.4699,9737767000,None,2018231000,7568792000,None,None,8643438000,2048823000,-3852220000,31.87,23.33
2025-12-28,KHC,-3.71,25163999000.0,None,0.073,35.01,232000000,None,445427000,445427000,-1726000000,-197000000,-227000000,None,412000000,None,None,-126000000,107774000,None,None,5203810000,5203810000,1035084000,None,None,None,None,None,None,271000000,1.6,0.0666,762000000,762000000,None,-0.106,0.0261,None,None,0.5839,2018-12-31,9.42,2822567000,8489000000.0,3439628000,693461000,250700000,3868988000,3868988000,None,0,None,1073682000,None,None,4357013000,None,None,-12568000000,None,None,None,0.176,1696000000,None,1349912000,182701000,777765000,None,None,None,None,None,None,None,0.981,0.686,1.135,None,None,None,None,None,None,None,-0.173,None,1900557000,2025-10-29,quarterly,0.61,USD,pre-market,None,5323725000,0.0371,-0.0969,-0.023,21.11,1834662000,None,None,None,26.87,24.8,4.4699,9737767000,None,2018231000,7568792000,None,None,8643438000,2048823000,-3852220000,31.87,23.33
2025-12-28,KHC,-3.71,25163999000.0,None,0.073,35.01,156000000,None,445427000,445427000,-2536000000,-94000000,-1960000000,None,-223000000,None,None,-153000000,107774000,None,None,5203810000,5203810000,1035084000,None,None,None,None,None,None,260000000,1.6,0.0666,762000000,762000000,None,-0.106,0.0261,None,None,0.5839,2018-09-30,9.42,2822567000,8489000000.0,3439628000,693461000,250700000,3868988000,3868988000,None,0,None,1073682000,None,None,4357013000,None,None,628000000,None,None,None,0.176,670000000,None,1349912000,182701000,777765000,None,None,None,None,None,None,None,0.981,0.686,1.135,None,None,None,None,None,0,None,-0.173,None,1900557000,2025-10-29,quarterly,0.61,USD,pre-market,None,5323725000,0.0371,-0.0969,-0.023,21.11,1834662000,None,None,None,26.87,24.8,4.4699,9737767000,None,2018231000,7568792000,None,None,8643438000,2048823000,-3852220000,31.87,23.33
2025-12-28,KHC,-3.71,25163999000.0,None,0.073,35.01,215000000,None,445427000,445427000,1254000000,575000000,1645000000,None,-128000000,None,None,-1289000000,107774000,None,None,5203810000,5203810000,1035084000,None,None,None,None,None,None,242000000,1.6,0.0666,762000000,762000000,None,-0.106,0.0261,None,None,0.5839,2018-06-30,9.42,2822567000,8489000000.0,3439628000,693461000,250700000,3868988000,3868988000,None,0,None,1073682000,None,None,4357013000,None,None,755000000,None,None,None,0.176,-184000000,None,1349912000,182701000,777765000,None,None,None,None,None,None,None,0.981,0.686,1.135,None,None,None,None,None,0,None,-0.173,None,1900557000,2025-10-29,quarterly,0.61,USD,pre-market,None,5323725000,0.0371,-0.0969,-0.023,21.11,1834662000,None,None,None,26.87,24.8,4.4699,9737767000,None,2018231000,7568792000,None,None,8643438000,2048823000,-3852220000,31.87,23.33
2025-12-28,KHC,-3.71,25163999000.0,None,0.073,35.01,223000000,None,445427000,445427000,-376000000,4000000,41000000,None,-312000000,None,None,-712000000,107774000,None,None,5203810000,5203810000,1035084000,None,None,None,None,None,None,234000000,1.6,0.0666,897000000,897000000,None,-0.106,0.0261,None,None,0.5839,2018-03-31,9.42,2822567000,8489000000.0,3439628000,693461000,250700000,3868988000,3868988000,None,0,None,1073682000,None,None,4357013000,None,None,993000000,None,None,None,0.176,413000000,None,1349912000,182701000,777765000,None,None,None,None,None,None,None,0.981,0.686,1.135,None,None,None,None,None,0,None,-0.173,None,1900557000,2025-10-29,quarterly,0.61,USD,pre-market,None,5323725000,0.0371,-0.0969,-0.023,21.11,1834662000,None,None,None,26.87,24.8,4.4699,9737767000,None,2018231000,7568792000,None,None,8643438000,2048823000,-3852220000,31.87,23.33
2025-12-28,KHC,-3.71,25163999000.0,None,0.073,35.01,261000000,None,445427000,445427000,-737000000,432000000,206000000,None,329000000,None,None,1813000000,107774000,None,None,5203810000,5203810000,1035084000,None,None,None,None,None,None,246000000,1.6,0.0666,727000000,727000000,None,-0.106,0.0261,None,None,0.5839,2017-12-31,9.42,2822567000,8489000000.0,3439628000,693461000,250700000,3868988000,3868988000,None,0,None,1073682000,None,None,4357013000,None,None,7996000000,None,None,None,0.176,511000000,None,1349912000,182701000,777765000,None,None,None,None,None,None,None,0.981,0.686,1.135,None,None,None,None,None,0,None,-0.173,None,1900557000,2025-10-29,quarterly,0.61,USD,pre-market,None,5323725000,0.0371,-0.0969,-0.023,21.11,1834662000,None,None,None,26.87,24.8,4.4699,9737767000,None,2018231000,7568792000,None,None,8643438000,2048823000,-3852220000,31.87,23.33
2025-12-28,KHC,-3.71,25163999000.0,None,0.073,35.01,266000000,None,445427000,445427000,-478000000,1370000000,-777000000,None,-149000000,None,None,-903000000,107774000,None,None,5203810000,5203810000,1035084000,None,None,None,None,None,None,273000000,1.6,0.0666,727000000,727000000,None,-0.106,0.0261,None,None,0.5839,2017-09-30,9.42,2822567000,8489000000.0,3439628000,693461000,250700000,3868988000,3868988000,None,0,None,1073682000,None,None,4357013000,None,None,943000000,None,None,None,0.176,-875000000,None,1349912000,182701000,777765000,None,None,None,None,None,None,None,0.981,0.686,1.135,None,None,None,None,None,0,None,-0.173,None,1900557000,2025-10-29,quarterly,0.61,USD,pre-market,None,5323725000,0.0371,-0.0969,-0.023,21.11,1834662000,None,None,None,26.87,24.8,4.4699,9737767000,None,2018231000,7568792000,None,None,8643438000,2048823000,-3852220000,31.87,23.33
2025-12-28,KHC,-3.71,25163999000.0,None,0.073,35.01,322000000,None,445427000,445427000,-2506000000,-316000000,-1780000000,None,61000000,None,None,-1480000000,107774000,None,None,5203810000,5203810000,1035084000,None,None,None,None,None,None,255000000,1.6,0.0666,698000000,698000000,None,-0.106,0.0261,None,None,0.5839,2017-06-30,9.42,2822567000,8489000000.0,3439628000,693461000,250700000,3868988000,3868988000,None,0,None,1073682000,None,None,4357013000,None,None,1160000000,None,None,None,0.176,1042000000,None,1349912000,182701000,777765000,None,None,None,None,None,None,None,0.981,0.686,1.135,None,None,None,None,None,0,None,-0.173,None,1900557000,2025-10-29,quarterly,0.61,USD,pre-market,None,5323725000,0.0371,-0.0969,-0.023,21.11,1834662000,None,None,None,26.87,24.8,4.4699,9737767000,None,2018231000,7568792000,None,None,8643438000,2048823000,-3852220000,31.87,23.33
2025-12-28,KHC,-3.71,25163999000.0,None,0.073,35.01,368000000,None,445427000,445427000,-505000000,-330000000,-986000000,None,-492000000,None,None,-1040000000,107774000,None,None,5203810000,5203810000,1035084000,None,None,None,None,None,None,262000000,1.6,0.0666,736000000,736000000,None,-0.106,0.0261,None,None,0.5839,2017-03-31,9.42,2822567000,8489000000.0,3439628000,693461000,250700000,3868988000,3868988000,None,0,None,1073682000,None,None,4357013000,None,None,891000000,None,None,None,0.176,-151000000,None,1349912000,182701000,777765000,None,None,None,None,None,None,None,0.981,0.686,1.135,None,None,None,None,None,0,None,-0.173,None,1900557000,2025-10-29,quarterly,0.61,USD,pre-market,None,5323725000,0.0371,-0.0969,-0.023,21.11,1834662000,None,None,None,26.87,24.8,4.4699,9737767000,None,2018231000,7568792000,None,None,8643438000,2048823000,-3852220000,31.87,23.33
2025-12-28,KHC,-3.71,25163999000.0,None,0.073,35.01,411000000,None,445427000,445427000,-1597000000,-371000000,284000000,-120000000,351000000,None,None,48000000,107774000,None,None,5203810000,5203810000,1035084000,None,None,None,None,None,None,327000000,1.6,0.0666,1461000000,1461000000,None,-0.106,0.0261,None,None,0.5839,2016-12-31,9.42,2822567000,8489000000.0,3439628000,693461000,250700000,3868988000,3868988000,None,0,None,1073682000,None,None,4357013000,None,None,944000000,None,None,None,0.176,2372000000,None,1349912000,182701000,777765000,None,None,None,None,None,None,None,0.981,0.686,1.135,None,None,None,None,None,0,None,-0.173,None,1900557000,2025-10-29,quarterly,0.61,USD,pre-market,None,5323725000,0.0371,-0.0969,-0.023,21.11,1834662000,None,None,None,26.87,24.8,4.4699,9737767000,None,2018231000,7568792000,None,None,8643438000,2048823000,-3852220000,31.87,23.33
2025-12-28,KHC,-3.71,25163999000.0,None,0.073,35.01,322000000,None,445427000,445427000,-835000000,-226000000,-317000000,-18000000,-225000000,None,None,258000000,107774000,None,None,5203810000,5203810000,1035084000,None,None,None,None,None,None,290000000,1.6,0.0666,789000000,789000000,None,-0.106,0.0261,None,None,0.5839,2016-09-30,9.42,2822567000,8489000000.0,3439628000,693461000,250700000,3868988000,3868988000,None,0,None,1073682000,None,None,4357013000,None,None,843000000,None,None,None,0.176,762000000,None,1349912000,182701000,777765000,None,None,None,None,None,None,None,0.981,0.686,1.135,None,None,None,None,None,0,None,-0.173,None,1900557000,2025-10-29,quarterly,0.61,USD,pre-market,None,5323725000,0.0371,-0.0969,-0.023,21.11,1834662000,None,None,None,26.87,24.8,4.4699,9737767000,None,2018231000,7568792000,None,None,8643438000,2048823000,-3852220000,31.87,23.33
2025-12-28,KHC,-3.71,25163999000.0,None,0.073,35.01,211000000,None,445427000,445427000,-1562000000,-191000000,38000000,-43000000,17000000,None,None,-188000000,107774000,None,None,5203810000,5203810000,1035084000,None,None,None,None,None,None,357000000,1.6,0.0666,847000000,847000000,None,-0.106,0.0261,None,None,0.5839,2016-06-30,9.42,2822567000,8489000000.0,3439628000,693461000,250700000,3868988000,3868988000,None,0,None,1073682000,None,None,4357013000,None,None,955000000,None,None,None,0.176,1834000000,None,1349912000,182701000,777765000,None,None,None,None,None,None,None,0.981,0.686,1.135,None,None,None,None,None,-8320000000,None,-0.173,None,1900557000,2025-10-29,quarterly,0.61,USD,pre-market,None,5323725000,0.0371,-0.0969,-0.023,21.11,1834662000,None,None,None,26.87,24.8,4.4699,9737767000,None,2018231000,7568792000,None,None,8643438000,2048823000,-3852220000,31.87,23.33
2025-12-28,KHC,-3.71,25163999000.0,None,0.073,35.01,303000000,None,445427000,445427000,-627000000,-325000000,-638000000,44000000,-273000000,None,None,-38000000,107774000,None,None,5203810000,5203810000,1035084000,None,None,None,None,None,None,363000000,1.6,0.0666,667000000,667000000,None,-0.106,0.0261,None,None,0.5839,2016-03-31,9.42,2822567000,8489000000.0,3439628000,693461000,250700000,3868988000,3868988000,None,0,None,1073682000,None,None,4357013000,None,None,900000000,None,None,None,0.176,270000000,None,1349912000,182701000,777765000,None,None,None,None,None,None,None,0.981,0.686,1.135,None,None,None,None,None,0,None,-0.173,None,1900557000,2025-10-29,quarterly,0.61,USD,pre-market,None,5323725000,0.0371,-0.0969,-0.023,21.11,1834662000,None,None,None,26.87,24.8,4.4699,9737767000,None,2018231000,7568792000,None,None,8643438000,2048823000,-3852220000,31.87,23.33
2025-12-28,KHC,-3.71,25163999000.0,None,0.073,35.01,282000000,None,445427000,445427000,-1008000000,-303000000,284000000,-120000000,2000000,None,None,48000000,107774000,None,None,5203810000,5203810000,1035084000,None,None,None,None,None,None,338000000,1.6,0.0666,1025000000,1025000000,None,-0.106,0.0261,None,None,0.5839,2015-12-31,9.42,2822567000,8489000000.0,3439628000,693461000,250700000,3868988000,3868988000,None,0,None,1073682000,None,None,4357013000,None,None,648000000,None,None,None,0.176,1721000000,None,1349912000,182701000,777765000,None,None,None,None,None,None,None,0.981,0.686,1.135,None,None,None,None,None,0,None,-0.173,None,1900557000,2025-10-29,quarterly,0.61,USD,pre-market,None,5323725000,0.0371,-0.0969,-0.023,21.11,1834662000,None,None,None,26.87,24.8,4.4699,9737767000,None,2018231000,7568792000,None,None,8643438000,2048823000,-3852220000,31.87,23.33
2025-12-28,KHC,-3.71,25163999000.0,None,0.073,35.01,110000000,None,445427000,445427000,12886000000,-9167000000,None,None,31000000,None,None,None,107774000,None,None,5203810000,5203810000,1035084000,None,None,None,None,None,None,214000000,1.6,0.0666,526000000,526000000,None,-0.106,0.0261,None,None,0.5839,2015-09-30,9.42,2822567000,8489000000.0,3439628000,693461000,250700000,3868988000,3868988000,None,0,None,1073682000,None,None,4357013000,None,None,-981000000,None,None,None,0.176,-312000000,None,1349912000,182701000,777765000,None,None,None,None,None,None,None,0.981,0.686,1.135,None,None,None,None,None,7000000,None,-0.173,None,1900557000,2025-10-29,quarterly,0.61,USD,pre-market,None,5323725000,0.0371,-0.0969,-0.023,21.11,1834662000,None,None,None,26.87,24.8,4.4699,9737767000,None,2018231000,7568792000,None,None,8643438000,2048823000,-3852220000,31.87,23.33
2025-12-28,KHC,-3.71,25163999000.0,None,0.073,35.01,117000000,None,445427000,445427000,-1402000000,-92000000,None,None,190000000,None,None,None,107774000,None,None,5203810000,5203810000,1035084000,None,None,None,None,None,None,86000000,1.6,0.0666,327000000,327000000,None,-0.106,0.0261,None,None,0.5839,2015-06-30,9.42,2822567000,8489000000.0,3439628000,693461000,250700000,3868988000,3868988000,None,0,None,1073682000,None,None,4357013000,None,None,551000000,None,None,None,0.176,724000000,None,1349912000,182701000,777765000,None,None,None,None,None,None,None,0.981,0.686,1.135,None,None,None,None,None,0,None,-0.173,None,1900557000,2025-10-29,quarterly,0.61,USD,pre-market,None,5323725000,0.0371,-0.0969,-0.023,21.11,1834662000,None,None,None,26.87,24.8,4.4699,9737767000,None,2018231000,7568792000,None,None,8643438000,2048823000,-3852220000,31.87,23.33
2025-12-28,KHC,-3.71,25163999000.0,None,0.073,35.01,139000000,None,445427000,445427000,-293000000,-142000000,None,None,-198000000,None,None,None,107774000,None,None,5203810000,5203810000,1035084000,None,None,None,None,None,None,102000000,1.6,0.0666,324000000,324000000,None,-0.106,0.0261,None,None,0.5839,2015-03-31,9.42,2822567000,8489000000.0,3439628000,693461000,250700000,3868988000,3868988000,None,0,None,1073682000,None,None,4357013000,None,None,429000000,None,None,None,0.176,334000000,None,1349912000,182701000,777765000,None,None,None,None,None,None,None,0.981,0.686,1.135,None,None,None,None,None,-7000000,None,-0.173,None,1900557000,2025-10-29,quarterly,0.61,USD,pre-market,None,5323725000,0.0371,-0.0969,-0.023,21.11,1834662000,None,None,None,26.87,24.8,4.4699,9737767000,None,2018231000,7568792000,None,None,8643438000,2048823000,-3852220000,31.87,23.33
2025-12-28,KHC,-3.71,25163999000.0,None,0.073,35.01,209000000,None,445427000,445427000,-566000000,-209000000,None,None,327000000,None,None,None,107774000,None,None,5203810000,5203810000,1035084000,None,None,None,None,None,None,102000000,1.6,0.0666,325000000,325000000,None,-0.106,0.0261,None,None,0.5839,2014-12-31,9.42,2822567000,8489000000.0,3439628000,693461000,250700000,3868988000,3868988000,None,0,None,1073682000,None,None,4357013000,None,None,-398000000,None,None,None,0.176,1140000000,None,1349912000,182701000,777765000,None,None,None,None,None,None,None,0.981,0.686,1.135,None,None,None,None,None,-267000000,None,-0.173,None,1900557000,2025-10-29,quarterly,0.61,USD,pre-market,None,5323725000,0.0371,-0.0969,-0.023,21.11,1834662000,None,None,None,26.87,24.8,4.4699,9737767000,None,2018231000,7568792000,None,None,8643438000,2048823000,-3852220000,31.87,23.33
2025-12-28,KHC,-3.71,25163999000.0,None,0.073,35.01,140000000,None,445427000,445427000,-531000000,-140000000,None,None,-31000000,None,None,None,107774000,None,None,5203810000,5203810000,1035084000,None,None,None,None,None,None,92000000,1.6,0.0666,313000000,313000000,None,-0.106,0.0261,None,None,0.5839,2014-09-30,9.42,2822567000,8489000000.0,3439628000,693461000,250700000,3868988000,3868988000,None,0,None,1073682000,None,None,4357013000,None,None,446000000,None,None,None,0.176,240000000,None,1349912000,182701000,777765000,None,None,None,None,None,None,None,0.981,0.686,1.135,None,None,None,None,None,-237000000,None,-0.173,None,1900557000,2025-10-29,quarterly,0.61,USD,pre-market,None,5323725000,0.0371,-0.0969,-0.023,21.11,1834662000,None,None,None,26.87,24.8,4.4699,9737767000,None,2018231000,7568792000,None,None,8643438000,2048823000,-3852220000,31.87,23.33
2025-12-28,KHC,-3.71,25163999000.0,None,0.073,35.01,110000000,None,445427000,445427000,-393000000,-110000000,None,None,-106000000,None,None,None,107774000,None,None,5203810000,5203810000,1035084000,None,None,None,None,None,None,95000000,1.6,0.0666,315000000,315000000,None,-0.106,0.0261,None,None,0.5839,2014-06-30,9.42,2822567000,8489000000.0,3439628000,693461000,250700000,3868988000,3868988000,None,0,None,1073682000,None,None,4357013000,None,None,482000000,None,None,None,0.176,389000000,None,1349912000,182701000,777765000,None,None,None,None,None,None,None,0.981,0.686,1.135,None,None,None,None,None,-123000000,None,-0.173,None,1900557000,2025-10-29,quarterly,0.61,USD,pre-market,None,5323725000,0.0371,-0.0969,-0.023,21.11,1834662000,None,None,None,26.87,24.8,4.4699,9737767000,None,2018231000,7568792000,None,None,8643438000,2048823000,-3852220000,31.87,23.33
2025-12-28,KHC,-3.71,25163999000.0,None,0.073,35.01,76000000,None,445427000,445427000,-376000000,-76000000,None,None,-243000000,None,None,None,107774000,None,None,5203810000,5203810000,1035084000,None,None,None,None,None,None,96000000,1.6,0.0666,313000000,313000000,None,-0.106,0.0261,None,None,0.5839,2014-03-31,9.42,2822567000,8489000000.0,3439628000,693461000,250700000,3868988000,3868988000,None,0,None,1073682000,None,None,4357013000,None,None,513000000,None,None,None,0.176,251000000,None,1349912000,182701000,777765000,None,None,None,None,None,None,None,0.981,0.686,1.135,None,None,None,None,None,-113000000,None,-0.173,None,1900557000,2025-10-29,quarterly,0.61,USD,pre-market,None,5323725000,0.0371,-0.0969,-0.023,21.11,1834662000,None,None,None,26.87,24.8,4.4699,9737767000,None,2018231000,7568792000,None,None,8643438000,2048823000,-3852220000,31.87,23.33
2025-12-28,KHC,-3.71,25163999000.0,None,0.073,35.01,183000000,None,445427000,445427000,-301000000,-160000000,None,None,197000000,None,None,None,107774000,None,None,5203810000,5203810000,1035084000,None,None,None,None,None,None,97000000,1.6,0.0666,313000000,313000000,None,-0.106,0.0261,None,None,0.5839,2013-12-31,9.42,2822567000,8489000000.0,3439628000,693461000,250700000,3868988000,3868988000,None,0,None,1073682000,None,None,4357013000,None,None,931000000,None,None,None,0.176,924000000,None,1349912000,182701000,777765000,None,None,None,None,None,None,None,0.981,0.686,1.135,None,None,None,None,None,-3767887000,None,-0.173,None,1900557000,2025-10-29,quarterly,0.61,USD,pre-market,None,5323725000,0.0371,-0.0969,-0.023,21.11,1834662000,None,None,None,26.87,24.8,4.4699,9737767000,None,2018231000,7568792000,None,None,8643438000,2048823000,-3852220000,31.87,23.33
2025-12-28,KHC,-3.71,25163999000.0,None,0.073,35.01,162000000,None,445427000,445427000,-288000000,-158000000,None,None,22000000,None,None,None,107774000,None,None,5203810000,5203810000,1035084000,None,None,None,None,None,None,92000000,1.6,0.0666,300000000,300000000,None,-0.106,0.0261,None,None,0.5839,2013-09-30,9.42,2822567000,8489000000.0,3439628000,693461000,250700000,3868988000,3868988000,None,0,None,1073682000,None,None,4357013000,None,None,499000000,None,None,None,0.176,508000000,None,1349912000,182701000,777765000,None,None,None,None,None,None,None,0.981,0.686,1.135,None,None,None,None,None,None,None,-0.173,None,1900557000,2025-10-29,quarterly,0.61,USD,pre-market,None,5323725000,0.0371,-0.0969,-0.023,21.11,1834662000,None,None,None,26.87,24.8,4.4699,9737767000,None,2018231000,7568792000,None,None,8643438000,2048823000,-3852220000,31.87,23.33
2025-12-28,KHC,-3.71,25163999000.0,None,0.073,35.01,127000000,None,445427000,445427000,-264000000,-124000000,None,None,42000000,None,None,None,107774000,None,None,5203810000,5203810000,1035084000,None,None,None,None,None,None,102000000,1.6,0.0666,298000000,298000000,None,-0.106,0.0261,None,None,0.5839,2013-06-30,9.42,2822567000,8489000000.0,3439628000,693461000,250700000,3868988000,3868988000,None,0,None,1073682000,None,None,4357013000,None,None,829000000,None,None,None,0.176,379000000,None,1349912000,182701000,777765000,None,None,None,None,None,None,None,0.981,0.686,1.135,None,None,None,None,None,None,None,-0.173,None,1900557000,2025-10-29,quarterly,0.61,USD,pre-market,None,5323725000,0.0371,-0.0969,-0.023,21.11,1834662000,None,None,None,26.87,24.8,4.4699,9737767000,None,2018231000,7568792000,None,None,8643438000,2048823000,-3852220000,31.87,23.33
2025-12-28,KHC,-3.71,25163999000.0,None,0.073,35.01,85000000,None,445427000,445427000,-318000000,16000000,None,None,-26000000,None,None,None,107774000,None,None,5203810000,5203810000,1035084000,None,None,None,None,None,None,102000000,1.6,0.0666,296000000,296000000,None,-0.106,0.0261,None,None,0.5839,2013-03-31,9.42,2822567000,8489000000.0,3439628000,693461000,250700000,3868988000,3868988000,None,0,None,1073682000,None,None,4357013000,None,None,456000000,None,None,None,0.176,232000000,None,1349912000,182701000,777765000,None,None,None,None,None,None,None,0.981,0.686,1.135,None,None,None,None,None,-17762000,None,-0.173,None,1900557000,2025-10-29,quarterly,0.61,USD,pre-market,None,5323725000,0.0371,-0.0969,-0.023,21.11,1834662000,None,None,None,26.87,24.8,4.4699,9737767000,None,2018231000,7568792000,None,None,8643438000,2048823000,-3852220000,31.87,23.33
2025-12-28,KHC,-3.71,25163999000.0,None,0.073,35.01,158000000,None,445427000,445427000,190000000,-143000000,None,None,165000000,None,None,None,107774000,None,None,5203810000,5203810000,1035084000,None,None,None,None,None,None,167000000,1.6,0.0666,499678000,499678000,None,-0.106,0.0261,None,None,0.5839,2012-12-31,9.42,2822567000,8489000000.0,3439628000,693461000,250700000,3868988000,3868988000,None,0,None,1073682000,None,None,4357013000,None,None,101000000,None,None,None,0.176,968000000,None,1349912000,182701000,777765000,None,None,None,None,None,None,None,0.981,0.686,1.135,None,None,None,None,None,None,None,-0.173,None,1900557000,2025-10-29,quarterly,0.61,USD,pre-market,None,5323725000,0.0371,-0.0969,-0.023,21.11,1834662000,None,None,None,26.87,24.8,4.4699,9737767000,None,2018231000,7568792000,None,None,8643438000,2048823000,-3852220000,31.87,23.33
2025-12-28,KHC,-3.71,25163999000.0,None,0.073,35.01,101000000,None,445427000,445427000,-629000000,-100000000,None,None,-32000000,None,None,None,107774000,None,None,5203810000,5203810000,1035084000,None,None,None,None,None,None,92000000,1.6,0.0666,333349000,333349000,None,-0.106,0.0261,None,None,0.5839,2012-09-30,9.42,2822567000,8489000000.0,3439628000,693461000,250700000,3868988000,3868988000,None,0,None,1073682000,None,None,4357013000,None,None,470000000,None,None,None,0.176,966000000,None,1349912000,182701000,777765000,None,None,None,None,None,None,None,0.981,0.686,1.135,None,None,None,None,None,None,None,-0.173,None,1900557000,2025-10-29,quarterly,0.61,USD,pre-market,None,5323725000,0.0371,-0.0969,-0.023,21.11,1834662000,None,None,None,26.87,24.8,4.4699,9737767000,None,2018231000,7568792000,None,None,8643438000,2048823000,-3852220000,31.87,23.33
2025-12-28,KHC,-3.71,25163999000.0,None,0.073,35.01,90000000,None,445427000,445427000,-1105000000,-88000000,None,None,117000000,None,None,None,107774000,None,None,5203810000,5203810000,1035084000,None,None,None,None,None,None,90000000,1.6,0.0666,165569000,165569000,None,-0.106,0.0261,None,None,0.5839,2012-06-30,9.42,2822567000,8489000000.0,3439628000,693461000,250700000,3868988000,3868988000,None,0,None,1073682000,None,None,4357013000,None,None,603000000,None,None,None,0.176,1193000000,None,1349912000,182701000,777765000,None,None,None,None,None,None,None,0.981,0.686,1.135,None,None,None,None,None,None,None,-0.173,None,1900557000,2025-10-29,quarterly,0.61,USD,pre-market,None,5323725000,0.0371,-0.0969,-0.023,21.11,1834662000,None,None,None,26.87,24.8,4.4699,9737767000,None,2018231000,7568792000,None,None,8643438000,2048823000,-3852220000,31.87,23.33
2025-12-28,KHC,-3.71,25163999000.0,None,0.073,35.01,91000000,None,445427000,445427000,186000000,-91000000,None,None,-229000000,None,None,None,107774000,None,None,5203810000,5203810000,1035084000,None,None,None,None,None,None,79000000,1.6,0.0666,154099000,154099000,None,-0.106,0.0261,None,None,0.5839,2012-03-31,9.42,2822567000,8489000000.0,3439628000,693461000,250700000,3868988000,3868988000,None,0,None,1073682000,None,None,4357013000,None,None,478000000,None,None,None,0.176,-92000000,None,1349912000,182701000,777765000,None,None,None,None,None,None,None,0.981,0.686,1.135,None,None,None,None,None,None,None,-0.173,None,1900557000,2025-10-29,quarterly,0.61,USD,pre-market,None,5323725000,0.0371,-0.0969,-0.023,21.11,1834662000,None,None,None,26.87,24.8,4.4699,9737767000,None,2018231000,7568792000,None,None,8643438000,2048823000,-3852220000,31.87,23.33
2025-12-28,KHC,-3.71,25163999000.0,None,0.073,35.01,134000000,None,445427000,445427000,-487000000,-134000000,None,None,284000000,None,None,None,107774000,None,None,5203810000,5203810000,1035084000,None,None,None,None,None,None,95000000,1.6,0.0666,154336000,154336000,None,-0.106,0.0261,None,None,0.5839,2011-12-31,9.42,2822567000,8489000000.0,3439628000,693461000,250700000,3868988000,3868988000,None,0,None,1073682000,None,None,4357013000,None,None,401000000,None,None,None,0.176,619000000,None,1349912000,182701000,777765000,None,None,None,None,None,None,None,0.981,0.686,1.135,None,None,None,None,None,-41758000,None,-0.173,None,1900557000,2025-10-29,quarterly,0.61,USD,pre-market,None,5323725000,0.0371,-0.0969,-0.023,21.11,1834662000,None,None,None,26.87,24.8,4.4699,9737767000,None,2018231000,7568792000,None,None,8643438000,2048823000,-3852220000,31.87,23.33
2025-12-28,KHC,-3.71,25163999000.0,None,0.073,35.01,163000000,None,445427000,445427000,-729000000,-163000000,None,None,18000000,None,None,None,107774000,None,None,5203810000,5203810000,1035084000,None,None,None,None,None,None,91000000,1.6,0.0666,310565000,310565000,None,-0.106,0.0261,None,None,0.5839,2011-09-30,9.42,2822567000,8489000000.0,3439628000,693461000,250700000,3868988000,3868988000,None,0,None,1073682000,None,None,4357013000,None,None,417000000,None,None,None,0.176,887000000,None,1349912000,182701000,777765000,None,None,None,None,None,None,None,0.981,0.686,1.135,None,None,None,None,None,None,None,-0.173,None,1900557000,2025-10-29,quarterly,0.61,USD,pre-market,None,5323725000,0.0371,-0.0969,-0.023,21.11,1834662000,None,None,None,26.87,24.8,4.4699,9737767000,None,2018231000,7568792000,None,None,8643438000,2048823000,-3852220000,31.87,23.33
2025-12-28,KHC,-3.71,25163999000.0,None,0.073,35.01,54000000,None,445427000,445427000,-802000000,-54000000,None,None,-22000000,None,None,None,107774000,None,None,5203810000,5203810000,1035084000,None,None,None,None,None,None,89000000,1.6,0.0666,155081000,155081000,None,-0.106,0.0261,None,None,0.5839,2011-06-30,9.42,2822567000,8489000000.0,3439628000,693461000,250700000,3868988000,3868988000,None,0,None,1073682000,None,None,4357013000,None,None,534000000,None,None,None,0.176,861000000,None,1349912000,182701000,777765000,None,None,None,None,None,None,None,0.981,0.686,1.135,None,None,None,None,None,None,None,-0.173,None,1900557000,2025-10-29,quarterly,0.61,USD,pre-market,None,5323725000,0.0371,-0.0969,-0.023,21.11,1834662000,None,None,None,26.87,24.8,4.4699,9737767000,None,2018231000,7568792000,None,None,8643438000,2048823000,-3852220000,31.87,23.33
2025-12-28,KHC,-3.71,25163999000.0,None,0.073,35.01,50000000,None,445427000,445427000,-247000000,-50000000,None,None,-449000000,None,None,None,107774000,None,None,5203810000,5203810000,1035084000,None,None,None,None,None,None,89000000,1.6,0.0666,579618000,579618000,None,-0.106,0.0261,None,None,0.5839,2011-03-31,9.42,2822567000,8489000000.0,3439628000,693461000,250700000,3868988000,3868988000,None,0,None,1073682000,None,None,4357013000,None,None,487000000,None,None,None,0.176,297000000,None,1349912000,182701000,777765000,None,None,None,None,None,None,None,0.981,0.686,1.135,None,None,None,None,None,None,None,-0.173,None,1900557000,2025-10-29,quarterly,0.61,USD,pre-market,None,5323725000,0.0371,-0.0969,-0.023,21.11,1834662000,None,None,None,26.87,24.8,4.4699,9737767000,None,2018231000,7568792000,None,None,8643438000,2048823000,-3852220000,31.87,23.33
2025-12-28,KHC,-3.71,25163999000.0,None,0.073,35.01,195218000,None,445427000,445427000,None,None,None,None,None,None,None,None,107774000,None,None,5203810000,5203810000,1035084000,None,None,None,None,None,None,None,1.6,0.0666,434085000,434085000,None,-0.106,0.0261,None,None,0.5839,2010-12-31,9.42,2822567000,8489000000.0,3439628000,693461000,250700000,3868988000,3868988000,None,0,None,1073682000,None,None,4357013000,None,None,273785000,None,None,None,0.176,1141555000,None,1349912000,182701000,777765000,None,None,None,None,None,None,None,0.981,0.686,1.135,None,None,None,None,None,None,None,-0.173,None,1900557000,2025-10-29,quarterly,0.61,USD,pre-market,None,5323725000,0.0371,-0.0969,-0.023,21.11,1834662000,None,None,None,26.87,24.8,4.4699,9737767000,None,2018231000,7568792000,None,None,8643438000,2048823000,-3852220000,31.87,23.33
2025-12-28,KHC,-3.71,25163999000.0,None,0.073,35.01,122102000,None,445427000,445427000,None,None,None,None,None,None,None,None,107774000,None,None,5203810000,5203810000,1035084000,None,None,None,None,None,None,None,1.6,0.0666,288592000,288592000,None,-0.106,0.0261,None,None,0.5839,2010-09-30,9.42,2822567000,8489000000.0,3439628000,693461000,250700000,3868988000,3868988000,None,0,None,1073682000,None,None,4357013000,None,None,251435000,None,None,None,0.176,632087000,None,1349912000,182701000,777765000,None,None,None,None,None,None,None,0.981,0.686,1.135,None,None,None,None,None,None,None,-0.173,None,1900557000,2025-10-29,quarterly,0.61,USD,pre-market,None,5323725000,0.0371,-0.0969,-0.023,21.11,1834662000,None,None,None,26.87,24.8,4.4699,9737767000,None,2018231000,7568792000,None,None,8643438000,2048823000,-3852220000,31.87,23.33
2025-12-28,KHC,-3.71,25163999000.0,None,0.073,35.01,55625000,None,445427000,445427000,None,None,None,None,5769000,None,None,None,107774000,None,None,5203810000,5203810000,1035084000,None,None,None,None,None,None,None,1.6,0.0666,143726000,143726000,None,-0.106,0.0261,None,None,0.5839,2010-06-30,9.42,2822567000,8489000000.0,3439628000,693461000,250700000,3868988000,3868988000,None,0,None,1073682000,None,None,4357013000,None,None,240427000,None,None,None,0.176,272406000,None,1349912000,182701000,777765000,None,None,None,None,None,None,None,0.981,0.686,1.135,None,None,None,None,None,None,None,-0.173,None,1900557000,2025-10-29,quarterly,0.61,USD,pre-market,None,5323725000,0.0371,-0.0969,-0.023,21.11,1834662000,None,None,None,26.87,24.8,4.4699,9737767000,None,2018231000,7568792000,None,None,8643438000,2048823000,-3852220000,31.87,23.33
2025-12-28,KHC,-3.71,25163999000.0,None,0.073,35.01,277642000,None,445427000,445427000,None,13443000,None,None,48537000,None,None,None,107774000,None,None,5203810000,5203810000,1035084000,None,None,None,None,None,None,None,1.6,0.0666,533552000,533552000,None,-0.106,0.0261,None,None,0.5839,2010-03-31,9.42,2822567000,8489000000.0,3439628000,693461000,250700000,3868988000,3868988000,None,0,None,1073682000,None,None,4357013000,None,None,192366000,None,None,None,0.176,1262197000,None,1349912000,182701000,777765000,None,None,None,None,None,None,None,0.981,0.686,1.135,None,None,None,None,None,None,None,-0.173,None,1900557000,2025-10-29,quarterly,0.61,USD,pre-market,None,5323725000,0.0371,-0.0969,-0.023,21.11,1834662000,None,None,None,26.87,24.8,4.4699,9737767000,None,2018231000,7568792000,None,None,8643438000,2048823000,-3852220000,31.87,23.33
2025-12-28,KHC,-3.71,25163999000.0,None,0.073,35.01,150419000,None,445427000,445427000,None,None,None,None,None,None,None,None,107774000,None,None,5203810000,5203810000,1035084000,None,None,None,None,None,None,None,1.6,0.0666,399615000,399615000,None,-0.106,0.0261,None,None,0.5839,2009-12-31,9.42,2822567000,8489000000.0,3439628000,693461000,250700000,3868988000,3868988000,None,0,None,1073682000,None,None,4357013000,None,None,228527000,None,None,None,0.176,1002122000,None,1349912000,182701000,777765000,None,None,None,None,None,None,None,0.981,0.686,1.135,None,None,None,None,None,None,None,-0.173,None,1900557000,2025-10-29,quarterly,0.61,USD,pre-market,None,5323725000,0.0371,-0.0969,-0.023,21.11,1834662000,None,None,None,26.87,24.8,4.4699,9737767000,None,2018231000,7568792000,None,None,8643438000,2048823000,-3852220000,31.87,23.33
2025-12-28,KHC,-3.71,25163999000.0,None,0.073,35.01,96170000,None,445427000,445427000,None,103046000,None,None,None,None,None,None,107774000,None,None,5203810000,5203810000,1035084000,None,None,None,None,None,None,None,1.6,0.0666,266240000,266240000,None,-0.106,0.0261,None,None,0.5839,2009-09-30,9.42,2822567000,8489000000.0,3439628000,693461000,250700000,3868988000,3868988000,None,0,None,1073682000,None,None,4357013000,None,None,231435000,None,None,None,0.176,508876000,None,1349912000,182701000,777765000,None,None,None,None,None,None,None,0.981,0.686,1.135,None,None,None,None,None,None,None,-0.173,None,1900557000,2025-10-29,quarterly,0.61,USD,pre-market,None,5323725000,0.0371,-0.0969,-0.023,21.11,1834662000,None,None,None,26.87,24.8,4.4699,9737767000,None,2018231000,7568792000,None,None,8643438000,2048823000,-3852220000,31.87,23.33
2025-12-28,KHC,-3.71,25163999000.0,None,0.073,35.01,48708000,None,445427000,445427000,32912000,None,None,None,None,None,None,None,107774000,None,None,5203810000,5203810000,1035084000,None,None,None,None,None,None,None,1.6,0.0666,132956000,132956000,None,-0.106,0.0261,None,None,0.5839,2009-06-30,9.42,2822567000,8489000000.0,3439628000,693461000,250700000,3868988000,3868988000,None,0,None,1073682000,None,None,4357013000,None,None,212564000,None,None,None,0.176,168868000,None,1349912000,182701000,777765000,None,None,None,None,None,None,None,0.981,0.686,1.135,None,None,None,None,None,None,None,-0.173,None,1900557000,2025-10-29,quarterly,0.61,USD,pre-market,None,5323725000,0.0371,-0.0969,-0.023,21.11,1834662000,None,None,None,26.87,24.8,4.4699,9737767000,None,2018231000,7568792000,None,None,8643438000,2048823000,-3852220000,31.87,23.33
2025-12-28,KHC,-3.71,25163999000.0,None,0.073,35.01,292121000,None,445427000,445427000,None,None,None,None,50731000,None,None,None,107774000,None,None,5203810000,5203810000,1035084000,None,None,None,None,None,None,None,1.6,0.0666,525293000,525293000,None,-0.106,0.0261,None,None,0.5839,2009-03-31,9.42,2822567000,8489000000.0,3439628000,693461000,250700000,3868988000,3868988000,None,0,None,1073682000,None,None,4357013000,None,None,175135000,None,None,None,0.176,1166882000,None,1349912000,182701000,777765000,None,None,None,None,None,None,None,0.981,0.686,1.135,None,None,None,None,None,None,None,-0.173,None,1900557000,2025-10-29,quarterly,0.61,USD,pre-market,None,5323725000,0.0371,-0.0969,-0.023,21.11,1834662000,None,None,None,26.87,24.8,4.4699,9737767000,None,2018231000,7568792000,None,None,8643438000,2048823000,-3852220000,31.87,23.33
2025-12-28,KHC,-3.71,25163999000.0,None,0.073,35.01,183447000,None,445427000,445427000,361487000,None,None,None,None,None,None,None,107774000,None,None,5203810000,5203810000,1035084000,None,None,None,None,None,None,None,1.6,0.0666,394317000,394317000,None,-0.106,0.0261,None,None,0.5839,2008-12-31,9.42,2822567000,8489000000.0,3439628000,693461000,250700000,3868988000,3868988000,None,0,None,1073682000,None,None,4357013000,None,None,242263000,None,None,None,0.176,505917000,None,1349912000,182701000,777765000,None,None,None,None,None,None,None,0.981,0.686,1.135,None,None,None,None,None,None,None,-0.173,None,1900557000,2025-10-29,quarterly,0.61,USD,pre-market,None,5323725000,0.0371,-0.0969,-0.023,21.11,1834662000,None,None,None,26.87,24.8,4.4699,9737767000,None,2018231000,7568792000,None,None,8643438000,2048823000,-3852220000,31.87,23.33
2025-12-28,KHC,-3.71,25163999000.0,None,0.073,35.01,124218000,None,445427000,445427000,449361000,None,None,None,None,None,None,None,107774000,None,None,5203810000,5203810000,1035084000,None,None,None,None,None,None,None,1.6,0.0666,262816000,262816000,None,-0.106,0.0261,None,None,0.5839,2008-09-30,9.42,2822567000,8489000000.0,3439628000,693461000,250700000,3868988000,3868988000,None,0,None,1073682000,None,None,4357013000,None,None,276710000,None,None,None,0.176,213567000,None,1349912000,182701000,777765000,None,None,None,None,None,None,None,0.981,0.686,1.135,None,None,None,None,None,None,None,-0.173,None,1900557000,2025-10-29,quarterly,0.61,USD,pre-market,None,5323725000,0.0371,-0.0969,-0.023,21.11,1834662000,None,None,None,26.87,24.8,4.4699,9737767000,None,2018231000,7568792000,None,None,8643438000,2048823000,-3852220000,31.87,23.33
2025-12-28,KHC,-3.71,25163999000.0,None,0.073,35.01,41634000,None,445427000,445427000,None,None,None,None,None,None,None,None,107774000,None,None,5203810000,5203810000,1035084000,None,None,None,None,None,None,None,1.6,0.0666,131333000,131333000,None,-0.106,0.0261,None,None,0.5839,2008-06-30,9.42,2822567000,8489000000.0,3439628000,693461000,250700000,3868988000,3868988000,None,0,None,1073682000,None,None,4357013000,None,None,228964000,None,None,None,0.176,None,None,1349912000,182701000,777765000,None,None,None,None,None,None,None,0.981,0.686,1.135,None,None,None,None,None,None,None,-0.173,None,1900557000,2025-10-29,quarterly,0.61,USD,pre-market,None,5323725000,0.0371,-0.0969,-0.023,21.11,1834662000,None,None,None,26.87,24.8,4.4699,9737767000,None,2018231000,7568792000,None,None,8643438000,2048823000,-3852220000,31.87,23.33
2025-12-28,KHC,-3.71,25163999000.0,None,0.073,35.01,301588000,None,445427000,445427000,None,None,None,None,None,None,None,None,107774000,None,None,5203810000,5203810000,1035084000,None,None,None,None,None,None,None,1.6,0.0666,485246000,485246000,None,-0.106,0.0261,None,None,0.5839,2008-03-31,9.42,2822567000,8489000000.0,3439628000,693461000,250700000,3868988000,3868988000,None,0,None,1073682000,None,None,4357013000,None,None,194062000,None,None,None,0.176,1188303000,None,1349912000,182701000,777765000,None,None,None,None,None,None,None,0.981,0.686,1.135,None,None,None,None,None,None,None,-0.173,None,1900557000,2025-10-29,quarterly,0.61,USD,pre-market,None,5323725000,0.0371,-0.0969,-0.023,21.11,1834662000,None,None,None,26.87,24.8,4.4699,9737767000,None,2018231000,7568792000,None,None,8643438000,2048823000,-3852220000,31.87,23.33
2025-12-28,KHC,-3.71,25163999000.0,None,0.073,35.01,201479000,None,445427000,445427000,None,None,None,None,None,None,None,None,107774000,None,None,5203810000,5203810000,1035084000,None,None,None,None,None,None,None,1.6,0.0666,365794000,365794000,None,-0.106,0.0261,None,None,0.5839,2007-12-31,9.42,2822567000,8489000000.0,3439628000,693461000,250700000,3868988000,3868988000,None,0,None,1073682000,None,None,4357013000,None,None,218532000,None,None,None,0.176,470668000,None,1349912000,182701000,777765000,None,None,None,None,None,None,None,0.981,0.686,1.135,None,None,None,None,None,None,None,-0.173,None,1900557000,2025-10-29,quarterly,0.61,USD,pre-market,None,5323725000,0.0371,-0.0969,-0.023,21.11,1834662000,None,None,None,26.87,24.8,4.4699,9737767000,None,2018231000,7568792000,None,None,8643438000,2048823000,-3852220000,31.87,23.33
2025-12-28,KHC,-3.71,25163999000.0,None,0.073,35.01,132309000,None,445427000,445427000,None,None,None,None,None,None,None,None,107774000,None,None,5203810000,5203810000,1035084000,None,None,None,None,None,None,None,1.6,0.0666,244390000,244390000,None,-0.106,0.0261,None,None,0.5839,2007-09-30,9.42,2822567000,8489000000.0,3439628000,693461000,250700000,3868988000,3868988000,None,0,None,1073682000,None,None,4357013000,None,None,227037000,None,None,None,0.176,216134000,None,1349912000,182701000,777765000,None,None,None,None,None,None,None,0.981,0.686,1.135,None,None,None,None,None,None,None,-0.173,None,1900557000,2025-10-29,quarterly,0.61,USD,pre-market,None,5323725000,0.0371,-0.0969,-0.023,21.11,1834662000,None,None,None,26.87,24.8,4.4699,9737767000,None,2018231000,7568792000,None,None,8643438000,2048823000,-3852220000,31.87,23.33
2025-12-28,KHC,-3.71,25163999000.0,None,0.073,35.01,58212000,None,445427000,445427000,None,None,None,None,None,None,None,None,107774000,None,None,5203810000,5203810000,1035084000,None,None,None,None,None,None,None,1.6,0.0666,123204000,123204000,None,-0.106,0.0261,None,None,0.5839,2007-06-30,9.42,2822567000,8489000000.0,3439628000,693461000,250700000,3868988000,3868988000,None,0,None,1073682000,None,None,4357013000,None,None,205294000,None,None,None,0.176,9116000,None,1349912000,182701000,777765000,None,None,None,None,None,None,None,0.981,0.686,1.135,None,None,None,None,None,None,None,-0.173,None,1900557000,2025-10-29,quarterly,0.61,USD,pre-market,None,5323725000,0.0371,-0.0969,-0.023,21.11,1834662000,None,None,None,26.87,24.8,4.4699,9737767000,None,2018231000,7568792000,None,None,8643438000,2048823000,-3852220000,31.87,23.33
2025-12-28,KHC,-3.71,25163999000.0,None,0.073,35.01,244562000,None,445427000,445427000,None,None,None,None,None,None,None,None,107774000,None,None,5203810000,5203810000,1035084000,None,None,None,None,None,None,None,1.6,0.0666,461237000,461237000,None,-0.106,0.0261,None,None,0.5839,2007-03-31,9.42,2822567000,8489000000.0,3439628000,693461000,250700000,3868988000,3868988000,None,0,None,1073682000,None,None,4357013000,None,None,181032000,None,None,None,0.176,1095799000,None,1349912000,182701000,777765000,None,None,None,None,None,None,None,0.981,0.686,1.135,None,None,None,None,None,None,None,-0.173,None,1900557000,2025-10-29,quarterly,0.61,USD,pre-market,None,5323725000,0.0371,-0.0969,-0.023,21.11,1834662000,None,None,None,26.87,24.8,4.4699,9737767000,None,2018231000,7568792000,None,None,8643438000,2048823000,-3852220000,31.87,23.33
2025-12-28,KHC,-3.71,25163999000.0,None,0.073,35.01,150516000,None,445427000,445427000,None,None,None,None,None,None,None,None,107774000,None,None,5203810000,5203810000,1035084000,None,None,None,None,None,None,None,1.6,0.0666,347797000,347797000,None,-0.106,0.0261,None,None,0.5839,2006-12-31,9.42,2822567000,8489000000.0,3439628000,693461000,250700000,3868988000,3868988000,None,0,None,1073682000,None,None,4357013000,None,None,219038000,None,None,None,0.176,423176000,None,1349912000,182701000,777765000,None,None,None,None,None,None,None,0.981,0.686,1.135,None,None,None,None,None,None,None,-0.173,None,1900557000,2025-10-29,quarterly,0.61,USD,pre-market,None,5323725000,0.0371,-0.0969,-0.023,21.11,1834662000,None,None,None,26.87,24.8,4.4699,9737767000,None,2018231000,7568792000,None,None,8643438000,2048823000,-3852220000,31.87,23.33
2025-12-28,KHC,-3.71,25163999000.0,None,0.073,35.01,89542000,None,445427000,445427000,None,None,None,None,None,None,None,None,107774000,None,None,5203810000,5203810000,1035084000,None,None,None,None,None,None,None,1.6,0.0666,232458000,232458000,None,-0.106,0.0261,None,None,0.5839,2006-09-30,9.42,2822567000,8489000000.0,3439628000,693461000,250700000,3868988000,3868988000,None,0,None,1073682000,None,None,4357013000,None,None,191575000,None,None,None,0.176,298039000,None,1349912000,182701000,777765000,None,None,None,None,None,None,None,0.981,0.686,1.135,None,None,None,None,None,None,None,-0.173,None,1900557000,2025-10-29,quarterly,0.61,USD,pre-market,None,5323725000,0.0371,-0.0969,-0.023,21.11,1834662000,None,None,None,26.87,24.8,4.4699,9737767000,None,2018231000,7568792000,None,None,8643438000,2048823000,-3852220000,31.87,23.33
2025-12-28,KHC,-3.71,25163999000.0,None,0.073,35.01,38927000,None,445427000,445427000,None,None,None,None,None,None,None,None,107774000,None,None,5203810000,5203810000,1035084000,None,None,None,None,None,None,None,1.6,0.0666,116374000,116374000,None,-0.106,0.0261,None,None,0.5839,2006-06-30,9.42,2822567000,8489000000.0,3439628000,693461000,250700000,3868988000,3868988000,None,0,None,1073682000,None,None,4357013000,None,None,194101000,None,None,None,0.176,78146000,None,1349912000,182701000,777765000,None,None,None,None,None,None,None,0.981,0.686,1.135,None,None,None,None,None,None,None,-0.173,None,1900557000,2025-10-29,quarterly,0.61,USD,pre-market,None,5323725000,0.0371,-0.0969,-0.023,21.11,1834662000,None,None,None,26.87,24.8,4.4699,9737767000,None,2018231000,7568792000,None,None,8643438000,2048823000,-3852220000,31.87,23.33
2025-12-28,KHC,-3.71,25163999000.0,None,0.073,35.01,230577000,None,445427000,445427000,None,None,None,None,None,None,None,None,107774000,None,None,5203810000,5203810000,1035084000,None,None,None,None,None,None,None,1.6,0.0666,408151000,408151000,None,-0.106,0.0261,None,None,0.5839,2006-03-31,9.42,2822567000,8489000000.0,3439628000,693461000,250700000,3868988000,3868988000,None,0,None,1073682000,None,None,4357013000,None,None,167908000,None,None,None,0.176,1088273000,None,1349912000,182701000,777765000,None,None,None,None,None,None,None,0.981,0.686,1.135,None,None,None,None,None,None,None,-0.173,None,1900557000,2025-10-29,quarterly,0.61,USD,pre-market,None,5323725000,0.0371,-0.0969,-0.023,21.11,1834662000,None,None,None,26.87,24.8,4.4699,9737767000,None,2018231000,7568792000,None,None,8643438000,2048823000,-3852220000,31.87,23.33
2025-12-28,KHC,-3.71,25163999000.0,None,0.073,35.01,151017000,None,445427000,445427000,408881000,None,None,None,None,None,None,None,107774000,None,None,5203810000,5203810000,1035084000,None,None,None,None,None,None,None,1.6,0.0666,307086000,307086000,None,-0.106,0.0261,None,None,0.5839,2005-12-31,9.42,2822567000,8489000000.0,3439628000,693461000,250700000,3868988000,3868988000,None,0,None,1073682000,None,None,4357013000,None,None,116600000,None,None,None,0.176,500248000,None,1349912000,182701000,777765000,None,None,None,None,None,None,None,0.981,0.686,1.135,None,None,None,None,None,None,None,-0.173,None,1900557000,2025-10-29,quarterly,0.61,USD,pre-market,None,5323725000,0.0371,-0.0969,-0.023,21.11,1834662000,None,None,None,26.87,24.8,4.4699,9737767000,None,2018231000,7568792000,None,None,8643438000,2048823000,-3852220000,31.87,23.33
2025-12-28,KHC,-3.71,25163999000.0,None,0.073,35.01,99609000,None,445427000,445427000,320267000,None,None,None,None,None,None,None,107774000,None,None,5203810000,5203810000,1035084000,None,None,None,None,None,None,None,1.6,0.0666,206594000,206594000,None,-0.106,0.0261,None,None,0.5839,2005-09-30,9.42,2822567000,8489000000.0,3439628000,693461000,250700000,3868988000,3868988000,None,0,None,1073682000,None,None,4357013000,None,None,203821000,None,None,None,0.176,393483000,None,1349912000,182701000,777765000,None,None,None,None,None,None,None,0.981,0.686,1.135,None,None,None,None,None,None,None,-0.173,None,1900557000,2025-10-29,quarterly,0.61,USD,pre-market,None,5323725000,0.0371,-0.0969,-0.023,21.11,1834662000,None,None,None,26.87,24.8,4.4699,9737767000,None,2018231000,7568792000,None,None,8643438000,2048823000,-3852220000,31.87,23.33
2025-12-28,KHC,-3.71,25163999000.0,None,0.073,35.01,1024000000,None,445427000,445427000,-3008000000,-1023000000,None,None,-6000000,None,None,None,107774000,None,None,5203810000,5203810000,1035084000,None,None,None,None,None,None,948000000,1.6,0.0666,1931000000,1931000000,None,-0.106,0.0261,None,None,0.5839,2024-12-31,9.42,2822567000,8489000000.0,3439628000,693461000,250700000,3868988000,3868988000,None,0,None,1073682000,None,None,4357013000,None,None,2746000000,None,None,None,0.176,4184000000,None,1349912000,182701000,777765000,None,None,None,None,None,None,None,0.981,0.686,1.135,None,None,None,None,None,-988000000,None,-0.173,None,1900557000,2025-10-29,annual,0.61,USD,pre-market,None,5323725000,0.0371,-0.0969,-0.023,21.11,1834662000,None,None,None,26.87,24.8,4.4699,9737767000,None,2018231000,7568792000,None,None,8643438000,2048823000,-3852220000,31.87,23.33
2025-12-28,KHC,-3.71,25163999000.0,None,0.073,35.01,1013000000,None,445427000,445427000,-2678000000,-916000000,None,None,-106000000,None,None,None,107774000,None,None,5203810000,5203810000,1035084000,None,None,None,None,None,None,961000000,1.6,0.0666,1965000000,1965000000,None,-0.106,0.0261,None,None,0.5839,2023-12-31,9.42,2822567000,8489000000.0,3439628000,693461000,250700000,3868988000,3868988000,None,0,None,1073682000,None,None,4357013000,None,None,2855000000,None,None,None,0.176,3976000000,None,1349912000,182701000,777765000,None,None,None,None,None,None,None,0.981,0.686,1.135,None,None,None,None,None,-455000000,None,-0.173,None,1900557000,2025-10-29,annual,0.61,USD,pre-market,None,5323725000,0.0371,-0.0969,-0.023,21.11,1834662000,None,None,None,26.87,24.8,4.4699,9737767000,None,2018231000,7568792000,None,None,8643438000,2048823000,-3852220000,31.87,23.33
2025-12-28,KHC,-3.71,25163999000.0,None,0.073,35.01,916000000,None,445427000,445427000,-3714000000,-1091000000,-2336000000,None,-1121000000,None,None,-228000000,107774000,None,None,5203810000,5203810000,1035084000,None,None,None,None,None,None,933000000,1.6,0.0666,1960000000,1960000000,None,-0.106,0.0261,None,None,0.5839,2022-12-31,9.42,2822567000,8489000000.0,3439628000,693461000,250700000,3868988000,3868988000,None,0,None,1073682000,None,None,4357013000,None,None,2368000000,None,None,None,0.176,2469000000,None,1349912000,182701000,777765000,None,None,None,None,None,None,None,0.981,0.686,1.135,None,None,None,None,None,-280000000,None,-0.173,None,1900557000,2025-10-29,annual,0.61,USD,pre-market,None,5323725000,0.0371,-0.0969,-0.023,21.11,1834662000,None,None,None,26.87,24.8,4.4699,9737767000,None,2018231000,7568792000,None,None,8643438000,2048823000,-3852220000,31.87,23.33
2025-12-28,KHC,-3.71,25163999000.0,None,0.073,35.01,905000000,None,445427000,445427000,-9344000000,4038000000,58000000,None,-144000000,None,None,87000000,107774000,None,None,5203810000,5203810000,1035084000,None,None,None,None,None,None,910000000,1.6,0.0666,1959000000,1959000000,None,-0.106,0.0261,None,None,0.5839,2021-12-31,9.42,2822567000,8489000000.0,3439628000,693461000,250700000,3868988000,3868988000,None,0,None,1073682000,None,None,4357013000,None,None,1024000000,None,None,None,0.176,5364000000,None,1349912000,182701000,777765000,None,None,None,None,None,None,None,0.981,0.686,1.135,None,None,None,None,None,-271000000,None,-0.173,None,1900557000,2025-10-29,annual,0.61,USD,pre-market,None,5323725000,0.0371,-0.0969,-0.023,21.11,1834662000,None,None,None,26.87,24.8,4.4699,9737767000,None,2018231000,7568792000,None,None,8643438000,2048823000,-3852220000,31.87,23.33
2025-12-28,KHC,-3.71,25163999000.0,None,0.073,35.01,596000000,None,445427000,445427000,-3331000000,-522000000,1076000000,None,-266000000,None,None,-26000000,107774000,None,None,5203810000,5203810000,1035084000,None,None,None,None,None,None,969000000,1.6,0.0666,1958000000,1958000000,None,-0.106,0.0261,None,None,0.5839,2020-12-31,9.42,2822567000,8489000000.0,3439628000,693461000,250700000,3868988000,3868988000,None,0,None,1073682000,None,None,4357013000,None,None,361000000,None,None,None,0.176,4929000000,None,1349912000,182701000,777765000,None,None,None,None,None,None,None,0.981,0.686,1.135,None,None,None,None,None,None,None,-0.173,None,1900557000,2025-10-29,annual,0.61,USD,pre-market,None,5323725000,0.0371,-0.0969,-0.023,21.11,1834662000,None,None,None,26.87,24.8,4.4699,9737767000,None,2018231000,7568792000,None,None,8643438000,2048823000,-3852220000,31.87,23.33
2025-12-28,KHC,-3.71,25163999000.0,None,0.073,35.01,768000000,None,445427000,445427000,-3913000000,1511000000,1150000000,None,-277000000,None,None,140000000,107774000,None,None,5203810000,5203810000,1035084000,None,None,None,None,None,None,994000000,1.6,0.0666,1953000000,1953000000,None,-0.106,0.0261,None,None,0.5839,2019-12-31,9.42,2822567000,8489000000.0,3439628000,693461000,250700000,3868988000,3868988000,None,0,None,1073682000,None,None,4357013000,None,None,1933000000,None,None,None,0.176,3552000000,None,1349912000,182701000,777765000,None,None,None,None,None,None,None,0.981,0.686,1.135,None,None,None,None,None,None,None,-0.173,None,1900557000,2025-10-29,annual,0.61,USD,pre-market,None,5323725000,0.0371,-0.0969,-0.023,21.11,1834662000,None,None,None,26.87,24.8,4.4699,9737767000,None,2018231000,7568792000,None,None,8643438000,2048823000,-3852220000,31.87,23.33
2025-12-28,KHC,-3.71,25163999000.0,None,0.073,35.01,826000000,None,445427000,445427000,-3363000000,288000000,-501000000,None,-251000000,None,None,-2280000000,107774000,None,None,5203810000,5203810000,1035084000,None,None,None,None,None,None,983000000,1.6,0.0666,3183000000,3183000000,None,-0.106,0.0261,None,None,0.5839,2018-12-31,9.42,2822567000,8489000000.0,3439628000,693461000,250700000,3868988000,3868988000,None,0,None,1073682000,None,None,4357013000,None,None,-10254000000,None,None,None,0.176,2574000000,None,1349912000,182701000,777765000,None,None,None,None,None,None,None,0.981,0.686,1.135,None,None,None,None,None,0,None,-0.173,None,1900557000,2025-10-29,annual,0.61,USD,pre-market,None,5323725000,0.0371,-0.0969,-0.023,21.11,1834662000,None,None,None,26.87,24.8,4.4699,9737767000,None,2018231000,7568792000,None,None,8643438000,2048823000,-3852220000,31.87,23.33
2025-12-28,KHC,-3.71,25163999000.0,None,0.073,35.01,1217000000,None,445427000,445427000,-4226000000,1156000000,-2543000000,None,-251000000,None,None,-2629000000,107774000,None,None,5203810000,5203810000,1035084000,None,None,None,None,None,None,1036000000,1.6,0.0666,2888000000,2888000000,None,-0.106,0.0261,None,None,0.5839,2017-12-31,9.42,2822567000,8489000000.0,3439628000,693461000,250700000,3868988000,3868988000,None,0,None,1073682000,None,None,4357013000,None,None,10990000000,None,None,None,0.176,527000000,None,1349912000,182701000,777765000,None,None,None,None,None,None,None,0.981,0.686,1.135,None,None,None,None,None,0,None,-0.173,None,1900557000,2025-10-29,annual,0.61,USD,pre-market,None,5323725000,0.0371,-0.0969,-0.023,21.11,1834662000,None,None,None,26.87,24.8,4.4699,9737767000,None,2018231000,7568792000,None,None,8643438000,2048823000,-3852220000,31.87,23.33
2025-12-28,KHC,-3.71,25163999000.0,None,0.073,35.01,1247000000,None,445427000,445427000,-4621000000,-1113000000,-633000000,-137000000,-130000000,None,None,80000000,107774000,None,None,5203810000,5203810000,1035084000,None,None,None,None,None,None,1337000000,1.6,0.0666,3764000000,3764000000,None,-0.106,0.0261,None,None,0.5839,2016-12-31,9.42,2822567000,8489000000.0,3439628000,693461000,250700000,3868988000,3868988000,None,0,None,1073682000,None,None,4357013000,None,None,3642000000,None,None,None,0.176,5238000000,None,1349912000,182701000,777765000,None,None,None,None,None,None,None,0.981,0.686,1.135,None,None,None,None,None,-8320000000,None,-0.173,None,1900557000,2025-10-29,annual,0.61,USD,pre-market,None,5323725000,0.0371,-0.0969,-0.023,21.11,1834662000,None,None,None,26.87,24.8,4.4699,9737767000,None,2018231000,7568792000,None,None,8643438000,2048823000,-3852220000,31.87,23.33
2025-12-28,KHC,-3.71,25163999000.0,None,0.073,35.01,648000000,None,445427000,445427000,10183000000,-9704000000,2539000000,-407000000,25000000,None,None,838000000,107774000,None,None,5203810000,5203810000,1035084000,None,None,None,None,None,None,740000000,1.6,0.0666,2202000000,2202000000,None,-0.106,0.0261,None,None,0.5839,2015-12-31,9.42,2822567000,8489000000.0,3439628000,693461000,250700000,3868988000,3868988000,None,0,None,1073682000,None,None,4357013000,None,None,647000000,None,None,None,0.176,2467000000,None,1349912000,182701000,777765000,None,None,None,None,None,None,None,0.981,0.686,1.135,None,None,None,None,None,10000000000,None,-0.173,None,1900557000,2025-10-29,annual,0.61,USD,pre-market,None,5323725000,0.0371,-0.0969,-0.023,21.11,1834662000,None,None,None,26.87,24.8,4.4699,9737767000,None,2018231000,7568792000,None,None,8643438000,2048823000,-3852220000,31.87,23.33
2025-12-28,KHC,-3.71,25163999000.0,None,0.073,35.01,535000000,None,445427000,445427000,-1866000000,-535000000,None,None,-53000000,None,None,None,107774000,None,None,5203810000,5203810000,1035084000,None,None,None,None,None,None,385000000,1.6,0.0666,1266000000,1266000000,None,-0.106,0.0261,None,None,0.5839,2014-12-31,9.42,2822567000,8489000000.0,3439628000,693461000,250700000,3868988000,3868988000,None,0,None,1073682000,None,None,4357013000,None,None,1043000000,None,None,None,0.176,2020000000,None,1349912000,182701000,777765000,None,None,None,None,None,None,None,0.981,0.686,1.135,None,None,None,None,None,-740000000,None,-0.173,None,1900557000,2025-10-29,annual,0.61,USD,pre-market,None,5323725000,0.0371,-0.0969,-0.023,21.11,1834662000,None,None,None,26.87,24.8,4.4699,9737767000,None,2018231000,7568792000,None,None,8643438000,2048823000,-3852220000,31.87,23.33
2025-12-28,KHC,-3.71,25163999000.0,None,0.073,35.01,557000000,None,445427000,445427000,-1171000000,-426000000,None,None,235000000,None,None,None,107774000,None,None,5203810000,5203810000,1035084000,None,None,None,None,None,None,393000000,1.6,0.0666,1207000000,1207000000,None,-0.106,0.0261,None,None,0.5839,2013-12-31,9.42,2822567000,8489000000.0,3439628000,693461000,250700000,3868988000,3868988000,None,0,None,1073682000,None,None,4357013000,None,None,2715000000,None,None,None,0.176,2043000000,None,1349912000,182701000,777765000,None,None,None,None,None,None,None,0.981,0.686,1.135,None,None,None,None,None,None,None,-0.173,None,1900557000,2025-10-29,annual,0.61,USD,pre-market,None,5323725000,0.0371,-0.0969,-0.023,21.11,1834662000,None,None,None,26.87,24.8,4.4699,9737767000,None,2018231000,7568792000,None,None,8643438000,2048823000,-3852220000,31.87,23.33
2025-12-28,KHC,-3.71,25163999000.0,None,0.073,35.01,440000000,None,445427000,445427000,-1358000000,-422000000,None,None,21000000,None,None,None,107774000,None,None,5203810000,5203810000,1035084000,None,None,None,None,None,None,428000000,1.6,0.0666,665691000,665691000,None,-0.106,0.0261,None,None,0.5839,2012-12-31,9.42,2822567000,8489000000.0,3439628000,693461000,250700000,3868988000,3868988000,None,0,None,1073682000,None,None,4357013000,None,None,1642000000,None,None,None,0.176,3035000000,None,1349912000,182701000,777765000,None,None,None,None,None,None,None,0.981,0.686,1.135,None,None,None,None,None,None,None,-0.173,None,1900557000,2025-10-29,annual,0.61,USD,pre-market,None,5323725000,0.0371,-0.0969,-0.023,21.11,1834662000,None,None,None,26.87,24.8,4.4699,9737767000,None,2018231000,7568792000,None,None,8643438000,2048823000,-3852220000,31.87,23.33
2025-12-28,KHC,-3.71,25163999000.0,None,0.073,35.01,401000000,None,445427000,445427000,-2265000000,-401000000,None,None,-169000000,None,None,None,107774000,None,None,5203810000,5203810000,1035084000,None,None,None,None,None,None,364000000,1.6,0.0666,619000000,619000000,None,-0.106,0.0261,None,None,0.5839,2011-12-31,9.42,2822567000,8489000000.0,3439628000,693461000,250700000,3868988000,3868988000,None,0,None,1073682000,None,None,4357013000,None,None,1839000000,None,None,None,0.176,2664000000,None,1349912000,182701000,777765000,None,None,None,None,None,None,None,0.981,0.686,1.135,None,None,None,None,None,-202000000,None,-0.173,None,1900557000,2025-10-29,annual,0.61,USD,pre-market,None,5323725000,0.0371,-0.0969,-0.023,21.11,1834662000,None,None,None,26.87,24.8,4.4699,9737767000,None,2018231000,7568792000,None,None,8643438000,2048823000,-3852220000,31.87,23.33
2025-12-28,KHC,-3.71,25163999000.0,None,0.073,35.01,448000000,None,445427000,445427000,-4078000000,3250000000,None,None,-69000000,None,None,None,107774000,None,None,5203810000,5203810000,1035084000,None,None,None,None,None,None,354000000,1.6,0.0666,579618000,579618000,None,-0.106,0.0261,None,None,0.5839,2010-12-31,9.42,2822567000,8489000000.0,3439628000,693461000,250700000,3868988000,3868988000,None,0,None,1073682000,None,None,4357013000,None,None,1938000000,None,None,None,0.176,828000000,None,1349912000,182701000,777765000,None,None,None,None,None,None,None,0.981,0.686,1.135,None,None,None,None,None,None,None,-0.173,None,1900557000,2025-10-29,annual,0.61,USD,pre-market,None,5323725000,0.0371,-0.0969,-0.023,21.11,1834662000,None,None,None,26.87,24.8,4.4699,9737767000,None,2018231000,7568792000,None,None,8643438000,2048823000,-3852220000,31.87,23.33
2025-12-28,KHC,-3.71,25163999000.0,None,0.073,35.01,277642000,None,445427000,445427000,None,13443000,None,None,48537000,None,None,None,107774000,None,None,5203810000,5203810000,1035084000,None,None,None,None,None,None,None,1.6,0.0666,533552000,533552000,None,-0.106,0.0261,None,None,0.5839,2009-12-31,9.42,2822567000,8489000000.0,3439628000,693461000,250700000,3868988000,3868988000,None,0,None,1073682000,None,None,4357013000,None,None,864892000,None,None,None,0.176,1262197000,None,1349912000,182701000,777765000,None,None,None,None,None,None,None,0.981,0.686,1.135,None,None,None,None,None,None,None,-0.173,None,1900557000,2025-10-29,annual,0.61,USD,pre-market,None,5323725000,0.0371,-0.0969,-0.023,21.11,1834662000,None,None,None,26.87,24.8,4.4699,9737767000,None,2018231000,7568792000,None,None,8643438000,2048823000,-3852220000,31.87,23.33
2025-12-28,KHC,-3.71,25163999000.0,None,0.073,35.01,292121000,None,445427000,445427000,None,None,None,None,50731000,None,None,None,107774000,None,None,5203810000,5203810000,1035084000,None,None,None,None,None,None,None,1.6,0.0666,525293000,525293000,None,-0.106,0.0261,None,None,0.5839,2008-12-31,9.42,2822567000,8489000000.0,3439628000,693461000,250700000,3868988000,3868988000,None,0,None,1073682000,None,None,4357013000,None,None,923072000,None,None,None,0.176,1166882000,None,1349912000,182701000,777765000,None,None,None,None,None,None,None,0.981,0.686,1.135,None,None,None,None,None,None,None,-0.173,None,1900557000,2025-10-29,annual,0.61,USD,pre-market,None,5323725000,0.0371,-0.0969,-0.023,21.11,1834662000,None,None,None,26.87,24.8,4.4699,9737767000,None,2018231000,7568792000,None,None,8643438000,2048823000,-3852220000,31.87,23.33
2025-12-28,KHC,-3.71,25163999000.0,None,0.073,35.01,301588000,None,445427000,445427000,None,None,None,None,None,None,None,None,107774000,None,None,5203810000,5203810000,1035084000,None,None,None,None,None,None,None,1.6,0.0666,485246000,485246000,None,-0.106,0.0261,None,None,0.5839,2007-12-31,9.42,2822567000,8489000000.0,3439628000,693461000,250700000,3868988000,3868988000,None,0,None,1073682000,None,None,4357013000,None,None,844925000,None,None,None,0.176,1188303000,None,1349912000,182701000,777765000,None,None,None,None,None,None,None,0.981,0.686,1.135,None,None,None,None,None,None,None,-0.173,None,1900557000,2025-10-29,annual,0.61,USD,pre-market,None,5323725000,0.0371,-0.0969,-0.023,21.11,1834662000,None,None,None,26.87,24.8,4.4699,9737767000,None,2018231000,7568792000,None,None,8643438000,2048823000,-3852220000,31.87,23.33
2025-12-28,KHC,-3.71,25163999000.0,None,0.073,35.01,244562000,None,445427000,445427000,None,None,None,None,None,None,None,None,107774000,None,None,5203810000,5203810000,1035084000,None,None,None,None,None,None,None,1.6,0.0666,461237000,461237000,None,-0.106,0.0261,None,None,0.5839,2006-12-31,9.42,2822567000,8489000000.0,3439628000,693461000,250700000,3868988000,3868988000,None,0,None,1073682000,None,None,4357013000,None,None,785746000,None,None,None,0.176,1095799000,None,1349912000,182701000,777765000,None,None,None,None,None,None,None,0.981,0.686,1.135,None,None,None,None,None,None,None,-0.173,None,1900557000,2025-10-29,annual,0.61,USD,pre-market,None,5323725000,0.0371,-0.0969,-0.023,21.11,1834662000,None,None,None,26.87,24.8,4.4699,9737767000,None,2018231000,7568792000,None,None,8643438000,2048823000,-3852220000,31.87,23.33
2025-12-28,KHC,-3.71,25163999000.0,None,0.073,35.01,230577000,None,445427000,445427000,None,None,None,None,None,None,None,None,107774000,None,None,5203810000,5203810000,1035084000,None,None,None,None,None,None,None,1.6,0.0666,408151000,408151000,None,-0.106,0.0261,None,None,0.5839,2005-12-31,9.42,2822567000,8489000000.0,3439628000,693461000,250700000,3868988000,3868988000,None,0,None,1073682000,None,None,4357013000,None,None,645603000,None,None,None,0.176,1088273000,None,1349912000,182701000,777765000,None,None,None,None,None,None,None,0.981,0.686,1.135,None,None,None,None,None,None,None,-0.173,None,1900557000,2025-10-29,annual,0.61,USD,pre-market,None,5323725000,0.0371,-0.0969,-0.023,21.11,1834662000,None,None,None,26.87,24.8,4.4699,9737767000,None,2018231000,7568792000,None,None,8643438000,2048823000,-3852220000,31.87,23.33
