date,symbol,eps,revenue_ttm,pe_ratio,accumulateddepreciationamortizationppe,beta,book_value,capitalexpenditures,capitalleaseobligations,cashandcashequivalentsatcarryingvalue,cashandshortterminvestments,cashflowfromfinancing,cashflowfrominvestment,changeincashandcashequivalents,changeinexchangerate,changeininventory,changeinoperatingassets,changeinoperatingliabilities,changeinreceivables,commonstock,commonstocksharesoutstanding,comprehensiveincomenetoftax,costofgoodsandservicessold,costofrevenue,currentaccountspayable,currentdebt,currentlongtermdebt,currentnetreceivables,deferredrevenue,depreciation,depreciationandamortization,depreciationdepletionandamortization,dividend_per_share,dividend_yield,dividendpayout,dividendpayoutcommonstock,dividendpayoutpreferredstock,earnings_growth_yoy,earnings_surprise,ebit,ebitda,estimated_eps,fiscaldateending,forward_pe,goodwill,gross_profit_ttm,grossprofit,incomebeforetax,incometaxexpense,intangibleassets,intangibleassetsexcludinggoodwill,interestanddebtexpense,interestexpense,interestincome,inventory,investmentincomenet,investments,longtermdebt,longtermdebtnoncurrent,longterminvestments,netincome,netincomefromcontinuingoperations,netinterestincome,noninterestincome,operating_margin_ttm,operatingcashflow,operatingexpenses,operatingincome,othercurrentassets,othercurrentliabilities,othernoncurrentassets,othernoncurrentliabilities,othernonoperatingincome,paymentsforoperatingactivities,paymentsforrepurchaseofcommonstock,paymentsforrepurchaseofequity,paymentsforrepurchaseofpreferredstock,peg_ratio,price_to_book,price_to_sales_ttm,proceedsfromissuanceofcommonstock,proceedsfromissuanceoflongtermdebtandcapitalsecuritiesnet,proceedsfromissuanceofpreferredstock,proceedsfromoperatingactivities,proceedsfromrepaymentsofshorttermdebt,proceedsfromrepurchaseofequity,proceedsfromsaleoftreasurystock,profit_margin,profitloss,propertyplantequipment,report_date,report_type,reported_eps,reportedcurrency,reporttime,researchanddevelopment,retainedearnings,return_on_assets_ttm,return_on_equity_ttm,revenue_growth_yoy,revenue_per_share_ttm,sellinggeneralandadministrative,shortlongtermdebttotal,shorttermdebt,shortterminvestments,sma_200,sma_50,surprise_pct,totalassets,totalcurrentassets,totalcurrentliabilities,totalliabilities,totalnoncurrentassets,totalnoncurrentliabilities,totalrevenue,totalshareholderequity,trailing_pe,treasurystock,week_52_high,week_52_low
1996-03-31,KLAC,,,,,,,,,,,,,,,,,,,,,,,,,,,,,,,,,,,,,,0.01,,,0.3,,,,,,,,,,,,,,,,,,,,,,,,,,,,,,,,,,,,,,,,,,,,,,,,,1996-04-15,,0.31,,pre-market,,,,,,,,,,,,,3.3333,,,,,,,,,,,,
1996-06-30,KLAC,,,,,,,,,,,,,,,,,,,,,,,,,,,,,,,,,,,,,,-0.01,,,0.32,,,,,,,,,,,,,,,,,,,,,,,,,,,,,,,,,,,,,,,,,,,,,,,,,1996-08-08,,0.31,,pre-market,,,,,,,,,,,,,-3.125,,,,,,,,,,,,
1996-09-30,KLAC,,,,,,,,,,,,,,,,,,,,,,,,,,,,,,,,,,,,,,-0.01,,,0.24,,,,,,,,,,,,,,,,,,,,,,,,,,,,,,,,,,,,,,,,,,,,,,,,,1996-10-17,,0.23,,pre-market,,,,,,,,,,,,,-4.1667,,,,,,,,,,,,
1996-12-31,KLAC,,,,,,,,,,,,,,,,,,,,,,,,,,,,,,,,,,,,,,0.0,,,0.2,,,,,,,,,,,,,,,,,,,,,,,,,,,,,,,,,,,,,,,,,,,,,,,,,1997-01-16,,0.2,,pre-market,,,,,,,,,,,,,0.0,,,,,,,,,,,,
1997-03-31,KLAC,,,,,,,,,,,,,,,,,,,,,,,,,,,,,,,,,,,,,,0.01,,,0.21,,,,,,,,,,,,,,,,,,,,,,,,,,,,,,,,,,,,,,,,,,,,,,,,,1997-04-15,,0.22,,pre-market,,,,,,,,,,,,,4.7619,,,,,,,,,,,,
1997-06-30,KLAC,,,,,,,,,,,,,,,,,,,,,,,,,,,,,,,,,,,,,,0.01,,,0.23,,,,,,,,,,,,,,,,,,,,,,,,,,,,,,,,,,,,,,,,,,,,,,,,,1997-07-29,,0.24,,pre-market,,,,,,,,,,,,,4.3478,,,,,,,,,,,,
1997-09-30,KLAC,,,,,,,,,,,,,,,,,,,,,,,,,,,,,,,,,,,,,,0.02,,,0.26,,,,,,,,,,,,,,,,,,,,,,,,,,,,,,,,,,,,,,,,,,,,,,,,,1997-10-21,,0.28,,pre-market,,,,,,,,,,,,,7.6923,,,,,,,,,,,,
1997-12-31,KLAC,,,,,,,,,,,,,,,,,,,,,,,,,,,,,,,,,,,,,,0.0,,,0.3,,,,,,,,,,,,,,,,,,,,,,,,,,,,,,,,,,,,,,,,,,,,,,,,,1998-01-20,,0.3,,pre-market,,,,,,,,,,,,,0.0,,,,,,,,,,,,
1998-03-31,KLAC,,,,,,,,,,,,,,,,,,,,,,,,,,,,,,,,,,,,,,0.01,,,0.17,,,,,,,,,,,,,,,,,,,,,,,,,,,,,,,,,,,,,,,,,,,,,,,,,1998-04-16,,0.18,,pre-market,,,,,,,,,,,,,5.8824,,,,,,,,,,,,
1998-06-30,KLAC,,,,,,,,,,,,,,,,,,,,,,,,,,,,,,,,,,,,,,0.0,,,0.12,,,,,,,,,,,,,,,,,,,,,,,,,,,,,,,,,,,,,,,,,,,,,,,,,1998-07-28,,0.12,,pre-market,,,,,,,,,,,,,0.0,,,,,,,,,,,,
1998-09-30,KLAC,,,,,,,,,,,,,,,,,,,,,,,,,,,,,,,,,,,,,,-0.01,,,0.07,,,,,,,,,,,,,,,,,,,,,,,,,,,,,,,,,,,,,,,,,,,,,,,,,1998-10-15,,0.06,,pre-market,,,,,,,,,,,,,-14.2857,,,,,,,,,,,,
1998-12-31,KLAC,,,,,,,,,,,,,,,,,,,,,,,,,,,,,,,,,,,,,,0.01,,,0.05,,,,,,,,,,,,,,,,,,,,,,,,,,,,,,,,,,,,,,,,,,,,,,,,,1999-01-19,,0.06,,pre-market,,,,,,,,,,,,,20.0,,,,,,,,,,,,
1999-03-31,KLAC,,,,,,,,,,,,,,,,,,,,,,,,,,,,,,,,,,,,,,0.05,,,0.07,,,,,,,,,,,,,,,,,,,,,,,,,,,,,,,,,,,,,,,,,,,,,,,,,1999-04-14,,0.12,,pre-market,,,,,,,,,,,,,71.4286,,,,,,,,,,,,
1999-06-30,KLAC,,,,,,,,,,,,,,,,,,,,,,,,,,,,,,,,,,,,,,0.01,,,0.13,,,,,,,,,,,,,,,,,,,,,,,,,,,,,,,,,,,,,,,,,,,,,,,,,1999-07-28,,0.14,,pre-market,,,,,,,,,,,,,7.6923,,,,,,,,,,,,
1999-09-30,KLAC,,,,,,,,,,,,,,,,,,,,,,,,,,,,,,,,,,,,,,0.03,,,0.16,,,,,,,,,,,,,,,,,,,,,,,,,,,,,,,,,,,,,,,,,,,,,,,,,1999-10-14,,0.19,,pre-market,,,,,,,,,,,,,18.75,,,,,,,,,,,,
1999-12-31,KLAC,,,,,,,,,,,,,,,,,,,,,,,,,,,,,,,,,,,,,,0.02,,,0.24,,,,,,,,,,,,,,,,,,,,,,,,,,,,,,,,,,,,,,,,,,,,,,,,,2000-01-13,,0.26,,pre-market,,,,,,,,,,,,,8.3333,,,,,,,,,,,,
2000-03-31,KLAC,,,,,,,,,,,,,,,,,,,,,,,,,,,,,,,,,,,,,,0.06,,,0.32,,,,,,,,,,,,,,,,,,,,,,,,,,,,,,,,,,,,,,,,,,,,,,,,,2000-04-13,,0.38,,pre-market,,,,,,,,,,,,,18.75,,,,,,,,,,,,
2000-06-30,KLAC,,,,,,,,,,,,,,,,,,,,,,,,,,,,,,,,,,,,,,0.04,,,0.43,,,,,,,,,,,,,,,,,,,,,,,,,,,,,,,,,,,,,,,,,,,,,,,,,2000-07-27,,0.47,,pre-market,,,,,,,,,,,,,9.3023,,,,,,,,,,,,
2000-09-30,KLAC,,,,,,,,,,,,,,,,,,,,,,,,,,,,,,,,,,,,,,0.03,,,0.51,,,,,,,,,,,,,,,,,,,,,,,,,,,,,,,,,,,,,,,,,,,,,,,,,2000-10-12,,0.54,,pre-market,,,,,,,,,,,,,5.8824,,,,,,,,,,,,
2000-12-31,KLAC,,,,,,,,,,,,,,,,,,,,,,,,,,,,,,,,,,,,,,0.02,,,0.55,,,,,,,,,,,,,,,,,,,,,,,,,,,,,,,,,,,,,,,,,,,,,,,,,2001-01-17,,0.57,,pre-market,,,,,,,,,,,,,3.6364,,,,,,,,,,,,
2001-03-31,KLAC,,,,,,,,,,,,,,,,,,,,,,,,,,,,,,,,,,,,,,0.04,,,0.44,,,,,,,,,,,,,,,,,,,,,,,,,,,,,,,,,,,,,,,,,,,,,,,,,2001-04-18,,0.48,,pre-market,,,,,,,,,,,,,9.0909,,,,,,,,,,,,
2001-06-30,KLAC,,,,,,,,,,,,,,,,,,,,,,,,,,,,,,,,,,,,,,0.03,,,0.26,,,,,,,,,,,,,,,,,,,,,,,,,,,,,,,,,,,,,,,,,,,,,,,,,2001-07-31,,0.29,,pre-market,,,,,,,,,,,,,11.5385,,,,,,,,,,,,
2001-09-30,KLAC,,,,,,,,,,,,,,,,,,,,,,,,,,,,,,,,,,,,,,0.01,,,0.43,,,,,,,,,,,,,,,,,,,,,,,,,,,,,,,,,,,,,,,,,,,,,,,,,2001-10-18,,0.44,,pre-market,,,,,,,,,,,,,2.3256,,,,,,,,,,,,
2001-12-31,KLAC,,,,,,,,,,,,,,,,,,,,,,,,,,,,,,,,,,,,,,0.01,,,0.24,,,,,,,,,,,,,,,,,,,,,,,,,,,,,,,,,,,,,,,,,,,,,,,,,2002-01-23,,0.25,,pre-market,,,,,,,,,,,,,4.1667,,,,,,,,,,,,
2002-03-31,KLAC,,,,,,,,,,,,,,,,,,,,,,,,,,,,,,,,,,,,,,0.02,,,0.15,,,,,,,,,,,,,,,,,,,,,,,,,,,,,,,,,,,,,,,,,,,,,,,,,2002-04-18,,0.17,,pre-market,,,,,,,,,,,,,13.3333,,,,,,,,,,,,
2002-06-30,KLAC,,,,,,,,,,,,,,,,,,,,,,,,,,,,,,,,,,,,,,0.03,,,0.2,,,,,,,,,,,,,,,,,,,,,,,,,,,,,,,,,,,,,,,,,,,,,,,,,2002-07-30,,0.23,,pre-market,,,,,,,,,,,,,15.0,,,,,,,,,,,,
2002-09-30,KLAC,,,,,,,,,,,,,,,,,,,,,,,,,,,,,,,,,,,,,,0.0,,,0.23,,,,,,,,,,,,,,,,,,,,,,,,,,,,,,,,,,,,,,,,,,,,,,,,,2002-10-22,,0.23,,pre-market,,,,,,,,,,,,,0.0,,,,,,,,,,,,
2002-12-31,KLAC,,,,,,,,,,,,,,,,,,,,,,,,,,,,,,,,,,,,,,0.01,,,0.14,,,,,,,,,,,,,,,,,,,,,,,,,,,,,,,,,,,,,,,,,,,,,,,,,2003-01-23,,0.15,,pre-market,,,,,,,,,,,,,7.1429,,,,,,,,,,,,
2003-03-31,KLAC,,,,,,,,,,,,,,,,,,,,,,,,,,,,,,,,,,,,,,0.02,,,0.12,,,,,,,,,,,,,,,,,,,,,,,,,,,,,,,,,,,,,,,,,,,,,,,,,2003-04-23,,0.14,,pre-market,,,,,,,,,,,,,16.6667,,,,,,,,,,,,
2003-06-30,KLAC,,,,,,,,,,,,,,,,,,,,,,,,,,,,,,,,,,,,,,0.0,,,0.15,,,,,,,,,,,,,,,,,,,,,,,,,,,,,,,,,,,,,,,,,,,,,,,,,2003-07-24,,0.15,,pre-market,,,,,,,,,,,,,0.0,,,,,,,,,,,,
2003-09-30,KLAC,,,,,,,,,,,,,,,,,,,,,,,,,,,,,,,,,,,,,,0.01,,,0.17,,,,,,,,,,,,,,,,,,,,,,,,,,,,,,,,,,,,,,,,,,,,,,,,,2003-10-22,,0.18,,pre-market,,,,,,,,,,,,,5.8824,,,,,,,,,,,,
2003-12-31,KLAC,,,,,,,,,,,,,,,,,,,,,,,,,,,,,,,,,,,,,,0.03,,,0.19,,,,,,,,,,,,,,,,,,,,,,,,,,,,,,,,,,,,,,,,,,,,,,,,,2004-01-22,,0.22,,pre-market,,,,,,,,,,,,,15.7895,,,,,,,,,,,,
2004-03-31,KLAC,,,,,,,,,,,,,,,,,,,,,,,,,,,,,,,,,,,,,,0.04,,,0.29,,,,,,,,,,,,,,,,,,,,,,,,,,,,,,,,,,,,,,,,,,,,,,,,,2004-04-21,,0.33,,pre-market,,,,,,,,,,,,,13.7931,,,,,,,,,,,,
2004-06-30,KLAC,,,,,,,,,,,,,,,,,,,,,,,,,,,,,,,,,,,,,,0.03,,,0.45,,,,,,,,,,,,,,,,,,,,,,,,,,,,,,,,,,,,,,,,,,,,,,,,,2004-07-29,,0.48,,pre-market,,,,,,,,,,,,,6.6667,,,,,,,,,,,,
2004-09-30,KLAC,,,,,,,,,,,,,,,,,,,,,,,,,,,,,,,,,,,,,,0.01,,,0.57,,,,,,,,,,,,,,,,,,,,,,,,,,,,,,,,,,,,,,,,,,,,,,,,,2004-10-21,,0.58,,pre-market,,,,,,,,,,,,,1.7544,,,,,,,,,,,,
2004-12-31,KLAC,,,,,,,,,,,,,,,,,,,,,,,,,,,,,,,,,,,,,,0.02,,,0.59,,,,,,,,,,,,,,,,,,,,,,,,,,,,,,,,,,,,,,,,,,,,,,,,,2005-01-20,,0.61,,pre-market,,,,,,,,,,,,,3.3898,,,,,,,,,,,,
2005-03-31,KLAC,,,,,,,,,,,,,,,,,,,,,,,,,,,,,,,,,,,,,,0.05,,,0.56,,,,,,,,,,,,,,,,,,,,,,,,,,,,,,,,,,,,,,,,,,,,,,,,,2005-04-28,,0.61,,pre-market,,,,,,,,,,,,,8.9286,,,,,,,,,,,,
2005-06-30,KLAC,,,,,,,,,,,,,,,,,,,,,,,,,,,,,,,,,,,,,,0.04,,,0.48,,,,,,,,,,,,,,,,,,,,,,,,,,,,,,,,,,,,,,,,,,,,,,,,,2005-07-28,,0.52,,pre-market,,,,,,,,,,,,,8.3333,,,,,,,,,,,,
2005-09-30,KLAC,,,,,,,,,,,,,,,,,,,,,,,,,,,,,,,,,,,,,,0.02,,,0.48,,,,,,,,,,,,,,,,,,,,,,,,,,,,,,,,,,,,,,,,,,,,,,,,,2005-10-27,,0.5,,pre-market,,,,,,,,,,,,,4.1667,,,,,,,,,,,,
2005-12-31,KLAC,,,,,,,,,,,,,,,,,,,,,,,,,,,,,,,,,,,,,,0.03,,,0.47,,,,,,,,,,,,,,,,,,,,,,,,,,,,,,,,,,,,,,,,,,,,,,,,,2006-01-26,,0.5,,pre-market,,,,,,,,,,,,,6.383,,,,,,,,,,,,
2006-03-31,KLAC,,,,,,,,,,,,,,,,,,,,,,,,,,,,,,,,,,,,,,0.07,,,0.56,,,,,,,,,,,,,,,,,,,,,,,,,,,,,,,,,,,,,,,,,,,,,,,,,2006-04-27,,0.63,,pre-market,,,,,,,,,,,,,12.5,,,,,,,,,,,,
2006-06-30,KLAC,,,,,,,,,,,,,,,,,,,,,,,,,,,,,,,,,,,,,,0.0,,,0.56,,,,,,,,,,,,,,,,,,,,,,,,,,,,,,,,,,,,,,,,,,,,,,,,,2006-07-27,,0.6355,,pre-market,,,,,,,,,,,,,12.5,,,,,,,,,,,,
2006-09-30,KLAC,,,,,,,,,,,,,,,,,,,,,,,,,,,,,,,,,,,,,,0.0,,,0.56,,,,,,,,,,,,,,,,,,,,,,,,,,,,,,,,,,,,,,,,,,,,,,,,,2006-10-26,,0.6685,,pre-market,,,,,,,,,,,,,12.5,,,,,,,,,,,,
2006-12-31,KLAC,,,,,,,,,,,,,,,,,,,,,,,,,,,,,,,,,,,,,,0.01,,,0.71,,,,,,,,,,,,,,,,,,,,,,,,,,,,,,,,,,,,,,,,,,,,,,,,,2007-02-05,,0.72,,pre-market,,,,,,,,,,,,,1.4085,,,,,,,,,,,,
2007-03-31,KLAC,,,,,,,,,,,,,,,,,,,,,,,,,,,,,,,,,,,,,,0.06,,,0.78,,,,,,,,,,,,,,,,,,,,,,,,,,,,,,,,,,,,,,,,,,,,,,,,,2007-04-26,,0.84,,pre-market,,,,,,,,,,,,,7.6923,,,,,,,,,,,,
2007-06-30,KLAC,,,,,,,,,,,,,,,,,,,,,,,,,,,,,,,,,,,,,,0.05,,,0.85,,,,,,,,,,,,,,,,,,,,,,,,,,,,,,,,,,,,,,,,,,,,,,,,,2007-07-26,,0.9,,pre-market,,,,,,,,,,,,,5.8824,,,,,,,,,,,,
2007-09-30,KLAC,,,,,,,,,,,,,,,,,,,,,,,,,,,,,,,,,,,,,,0.0,,,0.76,,,,,,,,,,,,,,,,,,,,,,,,,,,,,,,,,,,,,,,,,,,,,,,,,2007-10-25,,0.76,,pre-market,,,,,,,,,,,,,0.0,,,,,,,,,,,,
2007-12-31,KLAC,,,,,,,,,,,,,,,,,,,,,,,,,,,,,,,,,,,,,,0.05,,,0.7,,,,,,,,,,,,,,,,,,,,,,,,,,,,,,,,,,,,,,,,,,,,,,,,,2008-01-24,,0.75,,pre-market,,,,,,,,,,,,,7.1429,,,,,,,,,,,,
2008-03-31,KLAC,,,,,,,,,,,,,,,,,,,,,,,,,,,,,,,,,,,,,,0.04,,,0.63,,,,,,,,,,,,,,,,,,,,,,,,,,,,,,,,,,,,,,,,,,,,,,,,,2008-04-24,,0.67,,pre-market,,,,,,,,,,,,,6.3492,,,,,,,,,,,,
2008-06-30,KLAC,,,,,,,,,,,,,,,,,,,,,,,,,,,,,,,,,,,,,,0.03,,,0.57,,,,,,,,,,,,,,,,,,,,,,,,,,,,,,,,,,,,,,,,,,,,,,,,,2008-07-31,,0.6,,pre-market,,,,,,,,,,,,,5.2632,,,,,,,,,,,,
2008-09-30,KLAC,,,,,,,,,,,,,,,,,,,,,,,,,,,,,,,,,,,,,,-0.02,,,0.34,,,,,,,,,,,,,,,,,,,,,,,,,,,,,,,,,,,,,,,,,,,,,,,,,2008-10-30,,0.32,,pre-market,,,,,,,,,,,,,-5.8824,,,,,,,,,,,,
2008-12-31,KLAC,,,,,,,,,,,,,,,,,,,,,,,,,,,,,,,,,,,,,,-0.05,,,-0.07,,,,,,,,,,,,,,,,,,,,,,,,,,,,,,,,,,,,,,,,,,,,,,,,,2009-01-29,,-0.12,,pre-market,,,,,,,,,,,,,-71.4286,,,,,,,,,,,,
2009-03-31,KLAC,,,,,,,,,,,,,,,,,,,,,,,,,,,,,,,,,,,,,,-0.08,,,-0.26,,,,,,,,,,,,,,,,,,,,,,,,,,,,,,,,,,,,,,,,,,,,,,,,,2009-04-23,,-0.34,,pre-market,,,,,,,,,,,,,-30.7692,,,,,,,,,,,,
2009-06-30,KLAC,,,,,,,,,,,,,,,,,,,,,,,,,,,,,,,,,,,,,,0.06,,,-0.15,,,,,,,,,,,,,,,,,,,,,,,,,,,,,,,,,,,,,,,,,,,,,,,,,2009-07-23,,-0.09,,pre-market,,,,,,,,,,,,,40.0,,,,,,,,,,,,
2009-09-30,KLAC,,,,,,,,,,,,,,,,,,,,,,,,,,,,,,,,,,,,,,0.13,,,0.02,,,,,,,,,,,,,,,,,,,,,,,,,,,,,,,,,,,,,,,,,,,,,,,,,2009-10-29,,0.15,,pre-market,,,,,,,,,,,,,650.0,,,,,,,,,,,,
2009-12-31,KLAC,,,,,,,,,,,,,,,,,,,,,,,,,,,,,,,,,,,,,,0.01,,,0.27,,,,,,,,,,,,,,,,,,,,,,,,,,,,,,,,,,,,,,,,,,,,,,,,,2010-01-28,,0.28,,pre-market,,,,,,,,,,,,,3.7037,,,,,,,,,,,,
2010-03-31,KLAC,,,,,,,,,,,,,,,,,,,,,,,,,,,,,,,,,,,,,,0.06,,,0.35,,,,,,,,,,,,,,,,,,,,,,,,,,,,,,,,,,,,,,,,,,,,,,,,,2010-04-29,,0.41,,pre-market,,,,,,,,,,,,,17.1429,,,,,,,,,,,,
2010-06-30,KLAC,,,,,,,,,,,,,,,,,,,,,,,,,,,,,,,,,,,,,,0.1,,,0.6,,,,,,,,,,,,,,,,,,,,,,,,,,,,,,,,,,,,,,,,,,,,,,,,,2010-07-29,,0.7,,pre-market,,,,,,,,,,,,,16.6667,,,,,,,,,,,,
2010-09-30,KLAC,,,,,,,,,,,,,,,,,,,,,,,,,,,,,,,,,,,,,,0.13,,,0.86,,,,,,,,,,,,,,,,,,,,,,,,,,,,,,,,,,,,,,,,,,,,,,,,,2010-10-28,,0.99,,pre-market,,,,,,,,,,,,,15.1163,,,,,,,,,,,,
2010-12-31,KLAC,,,,,,,,,,,,,,,,,,,,,,,,,,,,,,,,,,,,,,0.05,,,1.05,,,,,,,,,,,,,,,,,,,,,,,,,,,,,,,,,,,,,,,,,,,,,,,,,2011-01-27,,1.1,,pre-market,,,,,,,,,,,,,4.7619,,,,,,,,,,,,
2011-03-31,KLAC,,,,,,,,,,,,,,,,,,,,,,,,,,,,,,,,,,,,,,0.07,,,1.24,,,,,,,,,,,,,,,,,,,,,,,,,,,,,,,,,,,,,,,,,,,,,,,,,2011-04-28,,1.31,,pre-market,,,,,,,,,,,,,5.6452,,,,,,,,,,,,
2011-06-30,KLAC,,,,,,,,,,,,,,,,,,,,,,,,,,,,,,,,,,,,,,0.13,,,1.37,,,,,,,,,,,,,,,,,,,,,,,,,,,,,,,,,,,,,,,,,,,,,,,,,2011-07-28,,1.5,,pre-market,,,,,,,,,,,,,9.4891,,,,,,,,,,,,
2011-09-30,KLAC,,,,,,,,,,,,,,,,,,,,,,,,,,,,,,,,,,,,,,0.0,,,1.17,,,,,,,,,,,,,,,,,,,,,,,,,,,,,,,,,,,,,,,,,,,,,,,,,2011-10-27,,1.17,,pre-market,,,,,,,,,,,,,0.0,,,,,,,,,,,,
2011-12-31,KLAC,,,,,,,,,,,,,,,,,,,,,,,,,,,,,,,,,,,,,,0.06,,,0.66,,,,,,,,,,,,,,,,,,,,,,,,,,,,,,,,,,,,,,,,,,,,,,,,,2012-01-26,,0.72,,pre-market,,,,,,,,,,,,,9.0909,,,,,,,,,,,,
2012-03-31,KLAC,,,,,,,,,,,,,,,,,,,,,,,,,,,,,,,,,,,,,,0.17,,,1.1,,,,,,,,,,,,,,,,,,,,,,,,,,,,,,,,,,,,,,,,,,,,,,,,,2012-04-26,,1.27,,pre-market,,,,,,,,,,,,,15.4545,,,,,,,,,,,,
2012-06-30,KLAC,,,,,,,,,,,,,,,,,,,,,,,,,,,,,,,,,,,,,,0.18,,,1.31,,,,,,,,,,,,,,,,,,,,,,,,,,,,,,,,,,,,,,,,,,,,,,,,,2012-07-26,,1.49,,pre-market,,,,,,,,,,,,,13.7405,,,,,,,,,,,,
2012-09-30,KLAC,,,,,,,,,,,,,,,,,,,,,,,,,,,,,,,,,,,,,,-0.05,,,0.89,,,,,,,,,,,,,,,,,,,,,,,,,,,,,,,,,,,,,,,,,,,,,,,,,2012-10-25,,0.84,,pre-market,,,,,,,,,,,,,-5.618,,,,,,,,,,,,
2012-12-31,KLAC,,,,,,,,,,,,,,,,,,,,,,,,,,,,,,,,,,,,,,0.07,,,0.56,,,,,,,,,,,,,,,,,,,,,,,,,,,,,,,,,,,,,,,,,,,,,,,,,2013-01-24,,0.63,,pre-market,,,,,,,,,,,,,12.5,,,,,,,,,,,,
2013-03-31,KLAC,,,,,,,,,,,,,,,,,,,,,,,,,,,,,,,,,,,,,,0.15,,,0.86,,,,,,,,,,,,,,,,,,,,,,,,,,,,,,,,,,,,,,,,,,,,,,,,,2013-04-25,,1.01,,pre-market,,,,,,,,,,,,,17.4419,,,,,,,,,,,,
2013-06-30,KLAC,,,,,,,,,,,,,,,,,,,,,,,,,,,,,,,,,,,,,,0.03,,,0.79,,,,,,,,,,,,,,,,,,,,,,,,,,,,,,,,,,,,,,,,,,,,,,,,,2013-07-25,,0.82,,pre-market,,,,,,,,,,,,,3.7975,,,,,,,,,,,,
2013-09-30,KLAC,,,,,,,,,,,,,,,,,,,,,,,,,,,,,,,,,,,,,,0.02,,,0.66,,,,,,,,,,,,,,,,,,,,,,,,,,,,,,,,,,,,,,,,,,,,,,,,,2013-10-24,,0.68,,pre-market,,,,,,,,,,,,,3.0303,,,,,,,,,,,,
2013-12-31,KLAC,,,,,,,,,,,,,,,,,,,,,,,,,,,,,,,,,,,,,,0.05,,,0.8,,,,,,,,,,,,,,,,,,,,,,,,,,,,,,,,,,,,,,,,,,,,,,,,,2014-01-23,,0.85,,pre-market,,,,,,,,,,,,,6.25,,,,,,,,,,,,
2014-03-31,KLAC,,,,,,,,,,,,,,,,,,,,,,,,,,,,,,,,,,,,,,0.11,,,1.12,,,,,,,,,,,,,,,,,,,,,,,,,,,,,,,,,,,,,,,,,,,,,,,,,2014-04-24,,1.23,,pre-market,,,,,,,,,,,,,9.8214,,,,,,,,,,,,
2014-06-30,KLAC,,,,,,,,,,,,,,,,,,,,,,,,,,,,,,,,,,,,,,-0.06,,,0.86,,,,,,,,,,,,,,,,,,,,,,,,,,,,,,,,,,,,,,,,,,,,,,,,,2014-07-24,,0.8,,pre-market,,,,,,,,,,,,,-6.9767,,,,,,,,,,,,
2014-09-30,KLAC,,,,,,,,,,,,,,,,,,,,,,,,,,,,,,,,,,,,,,0.01,,,0.46,,,,,,,,,,,,,,,,,,,,,,,,,,,,,,,,,,,,,,,,,,,,,,,,,2014-10-23,,0.47,,post-market,,,,,,,,,,,,,2.1739,,,,,,,,,,,,
2014-12-31,KLAC,,,,,,,,,,,,,,,,,,,,,,,,,,,,,,,,,,,,,,0.16,,,0.52,,,,,,,,,,,,,,,,,,,,,,,,,,,,,,,,,,,,,,,,,,,,,,,,,2015-01-22,,0.68,,post-market,,,,,,,,,,,,,30.7692,,,,,,,,,,,,
2015-03-31,KLAC,,,,,,,,,,,,,,,,,,,,,,,,,,,,,,,,,,,,,,0.09,,,0.75,,,,,,,,,,,,,,,,,,,,,,,,,,,,,,,,,,,,,,,,,,,,,,,,,2015-04-23,,0.84,,post-market,,,,,,,,,,,,,12.0,,,,,,,,,,,,
2015-06-30,KLAC,,,,,,,,,,,,,,,,,,,,,,,,,,,,,,,,,,,,,,0.08,,,0.91,,,,,,,,,,,,,,,,,,,,,,,,,,,,,,,,,,,,,,,,,,,,,,,,,2015-07-30,,0.99,,post-market,,,,,,,,,,,,,8.7912,,,,,,,,,,,,
2015-09-30,KLAC,,,,,,,,,,,,,,,,,,,,,,,,,,,,,,,,,,,,,,0.15,,,0.56,,,,,,,,,,,,,,,,,,,,,,,,,,,,,,,,,,,,,,,,,,,,,,,,,2015-10-21,,0.71,,pre-market,,,,,,,,,,,,,26.7857,,,,,,,,,,,,
2015-12-31,KLAC,,,,,,,,,,,,,,,,,,,,,,,,,,,,,,,,,,,,,,0.18,,,0.86,,,,,,,,,,,,,,,,,,,,,,,,,,,,,,,,,,,,,,,,,,,,,,,,,2016-01-28,,1.04,,post-market,,,,,,,,,,,,,20.9302,,,,,,,,,,,,
2016-03-31,KLAC,,,,,,,,,,,,,,,,,,,,,,,,,,,,,,,,,,,,,,0.17,,,0.98,,,,,,,,,,,,,,,,,,,,,,,,,,,,,,,,,,,,,,,,,,,,,,,,,2016-04-26,,1.15,,post-market,,,,,,,,,,,,,17.3469,,,,,,,,,,,,
2016-06-30,KLAC,,,,,,,,,,,,,,,,,,,,,,,,,,,,,,,,,,,,,,0.35,,,1.42,,,,,,,,,,,,,,,,,,,,,,,,,,,,,,,,,,,,,,,,,,,,,,,,,2016-07-28,,1.77,,pre-market,,,,,,,,,,,,,24.6479,,,,,,,,,,,,
2016-09-30,KLAC,,,,,,,,,,,,,,,,,,,,,,,,,,,,,,,,,,,,,,0.13,,,1.03,,,,,,,,,,,,,,,,,,,,,,,,,,,,,,,,,,,,,,,,,,,,,,,,,2016-10-20,,1.16,,post-market,,,,,,,,,,,,,12.6214,,,,,,,,,,,,
2016-12-31,KLAC,,,,,,,,,,,,,,,,,,,,,,,,,,,,,,,,,,,,,,0.13,,,1.39,,,,,,,,,,,,,,,,,,,,,,,,,,,,,,,,,,,,,,,,,,,,,,,,,2017-01-26,,1.52,,post-market,,,,,,,,,,,,,9.3525,,,,,,,,,,,,
2017-03-31,KLAC,,,,,,,,,,,,,,,,,,,,,,,,,,,,,,,,,,,,,,0.07,,,1.55,,,,,,,,,,,,,,,,,,,,,,,,,,,,,,,,,,,,,,,,,,,,,,,,,2017-04-27,,1.62,,post-market,,,,,,,,,,,,,4.5161,,,,,,,,,,,,
2017-06-30,KLAC,,,,,,,,,,,,,,,,,,,,,,,,,,,,,,,,,,,,,,0.05,,,1.59,,,,,,,,,,,,,,,,,,,,,,,,,,,,,,,,,,,,,,,,,,,,,,,,,2017-07-27,,1.64,,post-market,,,,,,,,,,,,,3.1447,,,,,,,,,,,,
2017-09-30,KLAC,,,,,,,,,,,,,,,,,,,,,,,,,,,,,,,,,,,,,,0.16,,,1.64,,,,,,,,,,,,,,,,,,,,,,,,,,,,,,,,,,,,,,,,,,,,,,,,,2017-10-26,,1.8,,post-market,,,,,,,,,,,,,9.7561,,,,,,,,,,,,
2017-12-31,KLAC,,,,,,,,,,,,,,,,,,,,,,,,,,,,,,,,,,,,,,0.24,,,1.73,,,,,,,,,,,,,,,,,,,,,,,,,,,,,,,,,,,,,,,,,,,,,,,,,2018-01-25,,1.97,,post-market,,,,,,,,,,,,,13.8728,,,,,,,,,,,,
2018-03-31,KLAC,,,,,,,,,,,,,,,,,,,,,,,,,,,,,,,,,,,,,,0.03,,,1.99,,,,,,,,,,,,,,,,,,,,,,,,,,,,,,,,,,,,,,,,,,,,,,,,,2018-04-26,,2.02,,post-market,,,,,,,,,,,,,1.5075,,,,,,,,,,,,
2018-06-30,KLAC,,,,,,,,,,,,,,,,,,,,,,,,,,,,,,,,,,,,,,0.08,,,2.14,,,,,,,,,,,,,,,,,,,,,,,,,,,,,,,,,,,,,,,,,,,,,,,,,2018-07-30,,2.22,,post-market,,,,,,,,,,,,,3.7383,,,,,,,,,,,,
2018-09-30,KLAC,,,,,,,,,,,,,,,,,,,,,,,,,,,,,,,,,,,,,,0.25,,,2.21,,,,,,,,,,,,,,,,,,,,,,,,,,,,,,,,,,,,,,,,,,,,,,,,,2018-10-29,,2.46,,post-market,,,,,,,,,,,,,11.3122,,,,,,,,,,,,
2018-12-31,KLAC,,,,,,,,,,,,,,,,,,,,,,,,,,,,,,,,,,,,,,0.24,,,2.2,,,,,,,,,,,,,,,,,,,,,,,,,,,,,,,,,,,,,,,,,,,,,,,,,2019-01-29,,2.44,,post-market,,,,,,,,,,,,,10.9091,,,,,,,,,,,,
2019-03-31,KLAC,,,,,,,,,,,,,,,,,,,,,,,,,,,,,,,,,,,,,,0.13,,,1.67,,,,,,,,,,,,,,,,,,,,,,,,,,,,,,,,,,,,,,,,,,,,,,,,,2019-05-06,,1.8,,post-market,,,,,,,,,,,,,7.7844,,,,,,,,,,,,
2019-06-30,KLAC,,,,,,,,,,,,,,,,,,,,,,,,,,,,,,,,,,,,,,0.04,,,1.74,,,,,,,,,,,,,,,,,,,,,,,,,,,,,,,,,,,,,,,,,,,,,,,,,2019-08-05,,1.78,,post-market,,,,,,,,,,,,,2.2989,,,,,,,,,,,,
2019-09-30,KLAC,,,,,,,,,,,,,,,,,,,,,,,,,,,,,,,,,,,,,,0.28,,,2.2,,,,,,,,,,,,,,,,,,,,,,,,,,,,,,,,,,,,,,,,,,,,,,,,,2019-10-30,,2.48,,post-market,,,,,,,,,,,,,12.7273,,,,,,,,,,,,
2019-12-31,KLAC,,,,,,,,,,,,,,,,,,,,,,,,,,,,,,,,,,,,,,0.08,,,2.58,,,,,,,,,,,,,,,,,,,,,,,,,,,,,,,,,,,,,,,,,,,,,,,,,2020-02-04,,2.66,,post-market,,,,,,,,,,,,,3.1008,,,,,,,,,,,,
2020-03-31,KLAC,,,,,,,,,,,,,,,,,,,,,,,,,,,,,,,,,,,,,,0.19,,,2.28,,,,,,,,,,,,,,,,,,,,,,,,,,,,,,,,,,,,,,,,,,,,,,,,,2020-05-05,,2.47,,post-market,,,,,,,,,,,,,8.3333,,,,,,,,,,,,
2020-06-30,KLAC,,,,,,,,,,,,,,,,,,,,,,,,,,,,,,,,,,,,,,0.32,,,2.41,,,,,,,,,,,,,,,,,,,,,,,,,,,,,,,,,,,,,,,,,,,,,,,,,2020-08-03,,2.73,,post-market,,,,,,,,,,,,,13.278,,,,,,,,,,,,
2020-09-30,KLAC,,,,,,,,,,,,,,,,,,,,,,,,,,,,,,,,,,,,,,0.26,,,2.77,,,,,,,,,,,,,,,,,,,,,,,,,,,,,,,,,,,,,,,,,,,,,,,,,2020-10-28,,3.03,,post-market,,,,,,,,,,,,,9.3863,,,,,,,,,,,,
2020-12-31,KLAC,,,,,,,,,,,,,,,,,,,,,,,,,,,,,,,,,,,,,,0.05,,,3.19,,,,,,,,,,,,,,,,,,,,,,,,,,,,,,,,,,,,,,,,,,,,,,,,,2021-02-03,,3.24,,post-market,,,,,,,,,,,,,1.5674,,,,,,,,,,,,
2021-03-31,KLAC,,,,,,,,,,,,,,,,,,,,,,,,,,,,,,,,,,,,,,0.23,,,3.62,,,,,,,,,,,,,,,,,,,,,,,,,,,,,,,,,,,,,,,,,,,,,,,,,2021-04-29,,3.85,,post-market,,,,,,,,,,,,,6.3536,,,,,,,,,,,,
2021-06-30,KLAC,,,,,,,,,,,,,,,,,,,,,,,,,,,,,,,,,,,,,,0.44,,,3.99,,,,,,,,,,,,,,,,,,,,,,,,,,,,,,,,,,,,,,,,,,,,,,,,,2021-07-29,,4.43,,post-market,,,,,,,,,,,,,11.0276,,,,,,,,,,,,
2021-09-30,KLAC,,,,,,,,,,,,,,,,,,,,,,,,,,,,,,,,,,,,,,0.12,,,4.52,,,,,,,,,,,,,,,,,,,,,,,,,,,,,,,,,,,,,,,,,,,,,,,,,2021-10-27,,4.64,,post-market,,,,,,,,,,,,,2.6549,,,,,,,,,,,,
2021-12-31,KLAC,,,,,,,,,,,,,,,,,,,,,,,,,,,,,,,,,,,,,,0.14,,,5.45,,,,,,,,,,,,,,,,,,,,,,,,,,,,,,,,,,,,,,,,,,,,,,,,,2022-01-27,,5.59,,post-market,,,,,,,,,,,,,2.5688,,,,,,,,,,,,
2022-03-31,KLAC,,,,,,,,,,,,,,,,,,,,,,,,,,,,,,,,,,,,,,0.31,,,4.82,,,,,,,,,,,,,,,,,,,,,,,,,,,,,,,,,,,,,,,,,,,,,,,,,2022-04-28,,5.13,,post-market,,,,,,,,,,,,,6.4315,,,,,,,,,,,,
2022-06-30,KLAC,,,,,,,,,,,,,,,,,,,,,,,,,,,,,,,,,,,,,,0.31,,,5.5,,,,,,,,,,,,,,,,,,,,,,,,,,,,,,,,,,,,,,,,,,,,,,,,,2022-07-28,,5.81,,post-market,,,,,,,,,,,,,5.6364,,,,,,,,,,,,
2022-09-30,KLAC,,,,,,,,,,,,,,,,,,,,,,,,,,,,,,,,,,,,,,0.85,,,6.21,,,,,,,,,,,,,,,,,,,,,,,,,,,,,,,,,,,,,,,,,,,,,,,,,2022-10-26,,7.06,,post-market,,,,,,,,,,,,,13.6876,,,,,,,,,,,,
2022-12-31,KLAC,,,,,,,,,,,,,,,,,,,,,,,,,,,,,,,,,,,,,,0.28,,,7.1,,,,,,,,,,,,,,,,,,,,,,,,,,,,,,,,,,,,,,,,,,,,,,,,,2023-01-26,,7.38,,post-market,,,,,,,,,,,,,3.9437,,,,,,,,,,,,
2023-03-31,KLAC,,,,,,,,,,,,,,,,,,,,,,,,,,,,,,,,,,,,,,0.17,,,5.32,,,,,,,,,,,,,,,,,,,,,,,,,,,,,,,,,,,,,,,,,,,,,,,,,2023-04-26,,5.49,,post-market,,,,,,,,,,,,,3.1955,,,,,,,,,,,,
2023-06-30,KLAC,,,,,,,,,,,,,,,,,,,,,,,,,,,,,,,,,,,,,,0.55,,,4.85,,,,,,,,,,,,,,,,,,,,,,,,,,,,,,,,,,,,,,,,,,,,,,,,,2023-07-27,,5.4,,post-market,,,,,,,,,,,,,11.3402,,,,,,,,,,,,
2023-09-30,KLAC,,,,,,,,,,,,,,,,,,,,,,,,,,,,,,,,,,,,,,0.33,,,5.41,,,,,,,,,,,,,,,,,,,,,,,,,,,,,,,,,,,,,,,,,,,,,,,,,2023-10-25,,5.74,,post-market,,,,,,,,,,,,,6.0998,,,,,,,,,,,,
2023-12-31,KLAC,,,,,,,,,,,,,,,,,,,,,,,,,,,,,,,,,,,,,,0.25,,,5.91,,,,,,,,,,,,,,,,,,,,,,,,,,,,,,,,,,,,,,,,,,,,,,,,,2024-01-25,,6.16,,post-market,,,,,,,,,,,,,4.2301,,,,,,,,,,,,
2024-03-31,KLAC,,,,,,,,,,,,,,,,,,,,,,,,,,,,,,,,,,,,,,0.25,,,5.01,,,,,,,,,,,,,,,,,,,,,,,,,,,,,,,,,,,,,,,,,,,,,,,,,2024-04-25,,5.26,,post-market,,,,,,,,,,,,,4.99,,,,,,,,,,,,
2024-06-30,KLAC,,,,,,,,,,,,,,,,,,,,,,,,,,,,,,,,,,,,,,0.45,,,6.15,,,,,,,,,,,,,,,,,,,,,,,,,,,,,,,,,,,,,,,,,,,,,,,,,2024-07-24,,6.6,,post-market,,,,,,,,,,,,,7.3171,,,,,,,,,,,,
2024-09-30,KLAC,,,,,,,,,,,,,,,,,,,,,,,,,,,,,,,,,,,,,,0.28,,,7.05,,,,,,,,,,,,,,,,,,,,,,,,,,,,,,,,,,,,,,,,,,,,,,,,,2024-10-30,,7.33,,post-market,,,,,,,,,,,,,3.9716,,,,,,,,,,,,
2024-12-31,KLAC,,,,,,,,,,,,,,,,,,,,,,,,,,,,,,,,,,,,,,0.44,,,7.76,,,,,,,,,,,,,,,,,,,,,,,,,,,,,,,,,,,,,,,,,,,,,,,,,2025-01-30,,8.2,,post-market,,,,,,,,,,,,,5.6701,,,,,,,,,,,,
2025-03-31,KLAC,,,,,,,,,,,,,,,,,,,,,,,,,,,,,,,,,,,,,,0.33,,,8.08,,,,,,,,,,,,,,,,,,,,,,,,,,,,,,,,,,,,,,,,,,,,,,,,,2025-04-30,,8.41,,post-market,,,,,,,,,,,,,4.0842,,,,,,,,,,,,
2025-06-30,KLAC,,,,,,,,,,,,,,,,,,,,,,,,,,,,,,,,,,,,,,0.83,,,8.55,,,,,,,,,,,,,,,,,,,,,,,,,,,,,,,,,,,,,,,,,,,,,,,,,2025-07-31,,9.38,,post-market,,,,,,,,,,,,,9.7076,,,,,,,,,,,,
2025-09-30,KLAC,,,,,,,,,,,,,,,,,,,,,,,,,,,,,,,,,,,,,,0.2,,,8.61,,,,,,,,,,,,,,,,,,,,,,,,,,,,,,,,,,,,,,,,,,,,,,,,,2025-10-29,,8.81,,post-market,,,,,,,,,,,,,2.3229,,,,,,,,,,,,
2025-12-28,KLAC,31.86,12524317000.0,40.16,,1.437,37.91,,,,,,,,,,,,,,,,,,,,,,,,,,7.2,0.0056,,,,0.208,0.2,,,8.61,,35.09,,7676811000.0,,,,,,,,,,,,,,,,,,,0.417,,,,,,,,,,,,,2.413,33.66,13.45,,,,,,,,0.338,,,2025-10-29,,8.81,,post-market,,,0.204,0.992,0.13,94.57,,,,,931.36,1186.47,2.3229,,,,,,,,,40.16,,1286.81,547.89
2025-12-28,KLAC,31.86,12524317000.0,40.16,,1.437,37.91,,,,,,,,,,,,,,,None,1243070000,1243070000,,,,,,None,97016000,,7.2,0.0056,,,,0.208,0.2,1380551000,1477567000,8.61,2025-09-30,35.09,,7676811000.0,1966626000,1309476000,188436000,,,None,71075000,None,,None,,,,,1121040000,1121040000,-71075000,None,0.417,,629449000,1337177000,,,,,None,,,,,2.413,33.66,13.45,,,,,,,,0.338,,,2025-10-29,quarterly,8.81,USD,post-market,360461000,,0.204,0.992,0.13,94.57,268988000,,,,931.36,1186.47,2.3229,,,,,,,3209696000,,40.16,,1286.81,547.89
2025-12-28,KLAC,31.86,12524317000.0,40.16,,1.437,37.91,,,,,,,,,,,,,,,None,1167029000,1167029000,,,,,,None,96252000,,7.2,0.0056,,,,0.208,0.2,1401924000,1498176000,8.61,2025-06-30,35.09,,7676811000.0,2007712000,1328799000,125950000,,,None,73125000,None,,None,,,,,1202849000,1202849000,107151000,None,0.417,,603142000,1404570000,,,,,None,,,,,2.413,33.66,13.45,,,,,,,,0.338,,,2025-10-29,quarterly,8.81,USD,post-market,352992000,,0.204,0.992,0.13,94.57,262706000,,,,931.36,1186.47,2.3229,,,,,,,3174741000,,40.16,,1286.81,547.89
2025-12-28,KLAC,31.86,12524317000.0,40.16,,1.437,37.91,,,,,,,,,,,,,,,None,1175689000,1175689000,,,,,,None,98091000,,7.2,0.0056,,,,0.208,0.2,1336322000,1434413000,8.61,2025-03-31,35.09,,7676811000.0,1887340000,1264433000,176017000,,,None,71889000,None,,None,,,,,1088416000,1088416000,-71889000,None,0.417,,586948000,1300392000,,,,,None,,,,,2.413,33.66,13.45,,,,,,,,0.338,,,2025-10-29,quarterly,8.81,USD,post-market,338043000,,0.204,0.992,0.13,94.57,248905000,,,,931.36,1186.47,2.3229,,,,,,,3063029000,,40.16,,1286.81,547.89
2025-12-28,KLAC,31.86,12524317000.0,40.16,,1.437,37.91,,,,,,,,,,,,,,,None,1221461000,1221461000,,,,,,None,103922000,,7.2,0.0056,,,,0.208,0.2,1047510000,1151432000,8.61,2024-12-31,35.09,,7676811000.0,1855390000,972529000,148002000,,,None,74981000,None,,None,,,,,824527000,824527000,-74981000,None,0.417,,613238000,1242152000,,,,,None,,,,,2.413,33.66,13.45,,,,,,,,0.338,,,2025-10-29,quarterly,8.81,USD,post-market,346157000,,0.204,0.992,0.13,94.57,267081000,,,,931.36,1186.47,2.3229,,,,,,,3076851000,,40.16,,1286.81,547.89
2025-12-28,KLAC,31.86,12524317000.0,40.16,,1.437,37.91,,,,,,,,,,,,,,,None,1147431000,1147431000,,,,,,None,95823000,,7.2,0.0056,,,,0.208,0.2,1160858000,1256681000,8.61,2024-09-30,35.09,,7676811000.0,1694110000,1078687000,132836000,,,None,82171000,None,,None,,,,,945851000,945851000,-82171000,None,0.417,,574187000,1119923000,,,,,None,,,,,2.413,33.66,13.45,,,,,,,,0.338,,,2025-10-29,quarterly,8.81,USD,post-market,323145000,,0.204,0.992,0.13,94.57,251042000,,,,931.36,1186.47,2.3229,,,,,,,2841541000,,40.16,,1286.81,547.89
2025-12-28,KLAC,31.86,12524317000.0,40.16,,1.437,37.91,,,,,,,,,,,,,,,None,974055000,974055000,,,,,,None,101001000,,7.2,0.0056,,,,0.208,0.2,1027879000,1128880000,8.61,2024-06-30,35.09,,7676811000.0,1592177000,945043000,108597000,,,None,82836000,None,,None,,,,,836446000,836446000,77852000,None,0.417,,539653000,1052523999,,,,,None,,,,,2.413,33.66,13.45,,,,,,,,0.338,,,2025-10-29,quarterly,8.81,USD,post-market,323529000,,0.204,0.992,0.13,94.57,255106000,,,,931.36,1186.47,2.3229,,,,,,,2566232000,,40.16,,1286.81,547.89
2025-12-28,KLAC,31.86,12524317000.0,40.16,,1.437,37.91,,,,,,,,,,,,,,,None,963169000,963169000,,,,,,None,99263000,,7.2,0.0056,,,,0.208,0.2,781989000,881252000,8.61,2024-03-31,35.09,,7676811000.0,1392222000,702008000,100467000,,,None,79981000,None,,None,,,,,601541000,601541000,-79981000,None,0.417,,543888000,848334000,,,,,None,,,,,2.413,33.66,13.45,,,,,,,,0.338,,,2025-10-29,quarterly,8.81,USD,post-market,321590000,,0.204,0.992,0.13,94.57,237514000,,,,931.36,1186.47,2.3229,,,,,,,2355391000,,40.16,,1286.81,547.89
2025-12-28,KLAC,31.86,12524317000.0,40.16,,1.437,37.91,,,,,,,,,,,,,,,None,976746000,976746000,,,,,,None,99063000,,7.2,0.0056,,,,0.208,0.2,765472000,864535000,8.61,2023-12-31,35.09,,7676811000.0,1509980000,691270000,108736000,,,None,74202000,None,,None,,,,,582534000,582534000,-74202000,None,0.417,,557662000,952318000,,,,,None,,,,,2.413,33.66,13.45,,,,,,,,0.338,,,2025-10-29,quarterly,8.81,USD,post-market,320418000,,0.204,0.992,0.13,94.57,237244000,,,,931.36,1186.47,2.3229,,,,,,,2486726000,,40.16,,1286.81,547.89
2025-12-28,KLAC,31.86,12524317000.0,40.16,,1.437,37.91,,,,,,,,,,,,,,,None,946891000,946891000,,,,,,None,102403000,,7.2,0.0056,,,,0.208,0.2,925945000,1028348000,8.61,2023-09-30,35.09,,7676811000.0,1450065000,851711000,110336000,,,None,74234000,None,,None,,,,,741375000,741375000,-74234000,None,0.417,,550859000,899206000,,,,,None,,,,,2.413,33.66,13.45,,,,,,,,0.338,,,2025-10-29,quarterly,8.81,USD,post-market,311214000,,0.204,0.992,0.13,94.57,239645000,,,,931.36,1186.47,2.3229,,,,,,,2396956000,,40.16,,1286.81,547.89
2025-12-28,KLAC,31.86,12524317000.0,40.16,,1.437,37.91,,,,,,,,,,,,,,,None,962949000,962949000,,,,,,None,104813000,,7.2,0.0056,,,,0.208,0.2,848997000,953810000,8.61,2023-06-30,35.09,,7676811000.0,1392188000,775506000,90852000,,,None,74428000,None,,None,,,,,684654000,684654000,-73491000,None,0.417,,567967000,824221000,,,,,24776000,,,,,2.413,33.66,13.45,,,,,,,,0.338,,,2025-10-29,quarterly,8.81,USD,post-market,317110000,,0.204,0.992,0.13,94.57,250857000,,,,931.36,1186.47,2.3229,,,,,,,2355137000,,40.16,,1286.81,547.89
2025-12-28,KLAC,31.86,12524317000.0,40.16,,1.437,37.91,,,,,,,,,,,,,,,None,1005346000,1005346000,,,,,,None,104854000,,7.2,0.0056,,,,0.208,0.2,875457000,980311000,8.61,2023-03-31,35.09,,7676811000.0,1427262000,800683000,102846000,,,None,74774000,None,,None,,,,,697837000,697837000,-74774000,None,0.417,,566669000,860593000,,,,,14864000,,,,,2.413,33.66,13.45,,,,,,,,0.338,,,2025-10-29,quarterly,8.81,USD,post-market,328276000,,0.204,0.992,0.13,94.57,238393000,,,,931.36,1186.47,2.3229,,,,,,,2432608000,,40.16,,1286.81,547.89
2025-12-28,KLAC,31.86,12524317000.0,40.16,,1.437,37.91,,,,,,,,,,,,,,,None,1208786000,1208786000,,,,,,None,103508000,,7.2,0.0056,,,,0.208,0.2,1217253000,1320761000,8.61,2022-12-31,35.09,,7676811000.0,1775101000,1142973000,164178000,,,None,74280000,None,,None,,,,,978795000,978795000,-74280000,None,0.417,,575922000,1199179000,,,,,18074000,,,,,2.413,33.66,13.45,,,,,,,,0.338,,,2025-10-29,quarterly,8.81,USD,post-market,332826000,,0.204,0.992,0.13,94.57,243096000,,,,931.36,1186.47,2.3229,,,,,,,2983887000,,40.16,,1286.81,547.89
2025-12-28,KLAC,31.86,12524317000.0,40.16,,1.437,37.91,,,,,,,,,,,,,,,None,1041226000,1041226000,,,,,,None,101938000,,7.2,0.0056,,,,0.208,0.2,1144423000,1246361000,8.61,2022-09-30,35.09,,7676811000.0,1683198000,1070028000,43963000,,,None,74395000,None,,None,,,,,1025991000,1026065000,-74395000,None,0.417,,572495000,1110703000,,,,,33720000,,,,,2.413,33.66,13.45,,,,,,,,0.338,,,2025-10-29,quarterly,8.81,USD,post-market,318515000,,0.204,0.992,0.13,94.57,253980000,,,,931.36,1186.47,2.3229,,,,,,,2724424000,,40.16,,1286.81,547.89
2025-12-28,KLAC,31.86,12524317000.0,40.16,,1.437,37.91,,,,,,,,,,,,,,,None,978564000,978564000,,,,,,None,100848000,,7.2,0.0056,,,,0.208,0.2,993726000,1094574000,8.61,2022-06-30,35.09,,7676811000.0,1508175000,949699000,144301000,,,None,44197000,None,,None,,,,,805374000,805398000,-44197000,None,0.417,,533659000,971945000,,,,,19380000,,,,,2.413,33.66,13.45,,,,,,,,0.338,,,2025-10-29,quarterly,8.81,USD,post-market,296881000,,0.204,0.992,0.13,94.57,236778000,,,,931.36,1186.47,2.3229,,,,,,,2486739000,,40.16,,1286.81,547.89
2025-12-28,KLAC,31.86,12524317000.0,40.16,,1.437,37.91,,,,,,,,,,,,,,,None,892091000,892091000,,,,,,None,92127000,,7.2,0.0056,,,,0.208,0.2,886263000,978390000,8.61,2022-03-31,35.09,,7676811000.0,1396585000,846285000,115625000,,,None,39978000,None,,None,,,,,730572000,730660000,-39978000,None,0.417,,501678000,894907000,,,,,-8644000,,,,,2.413,33.66,13.45,,,,,,,,0.338,,,2025-10-29,quarterly,8.81,USD,post-market,285189000,,0.204,0.992,0.13,94.57,216489000,,,,931.36,1186.47,2.3229,,,,,,,2288676000,,40.16,,1286.81,547.89
2025-12-28,KLAC,31.86,12524317000.0,40.16,,1.437,37.91,,,,,,,,,,,,,,,None,908162000,908162000,,,,,,None,85545000,,7.2,0.0056,,,,0.208,0.2,964478000,1050023000,8.61,2021-12-31,35.09,,7676811000.0,1444468000,926905000,209388000,,,None,37852000,None,,None,,,,,717444000,717517000,-37852000,None,0.417,,478510000,965958000,,,,,-1201000,,,,,2.413,33.66,13.45,,,,,,,,0.338,,,2025-10-29,quarterly,8.81,USD,post-market,265031000,,0.204,0.992,0.13,94.57,213479000,,,,931.36,1186.47,2.3229,,,,,,,2352630000,,40.16,,1286.81,547.89
2025-12-28,KLAC,31.86,12524317000.0,40.16,,1.437,37.91,,,,,,,,,,,,,,,None,813624000,813624000,,,,,,None,84824000,,7.2,0.0056,,,,0.208,0.2,804660000,889484000,8.61,2021-09-30,35.09,,7676811000.0,1270214000,766348000,-302137000,,,None,38312000,None,,None,,,,,1068417000,1068485000,-38312000,None,0.417,,451414000,818800000,,,,,-14140000,,,,,2.413,33.66,13.45,,,,,,,,0.338,,,2025-10-29,quarterly,8.81,USD,post-market,258153000,,0.204,0.992,0.13,94.57,193261000,,,,931.36,1186.47,2.3229,,,,,,,2083838000,,40.16,,1286.81,547.89
2025-12-28,KLAC,31.86,12524317000.0,40.16,,1.437,37.91,,,,,,,,,,,,,,,None,772241000,772241000,,,,,,None,84647000,,7.2,0.0056,,,,0.208,0.2,748534000,833181000,8.61,2021-06-30,35.09,,7676811000.0,1153230000,708843000,75785000,,,None,39970000,None,,None,,,,,632978000,633058000,-39970000,None,0.417,,433450000,719780000,,,,,29033000,,,,,2.413,33.66,13.45,,,,,,,,0.338,,,2025-10-29,quarterly,8.81,USD,post-market,241428000,,0.204,0.992,0.13,94.57,192022000,,,,931.36,1186.47,2.3229,,,,,,,1925471000,,40.16,,1286.81,547.89
2025-12-28,KLAC,31.86,12524317000.0,40.16,,1.437,37.91,,,,,,,,,,,,,,,None,709629000,709629000,,,,,,None,84365000,,7.2,0.0056,,,,0.208,0.2,679216000,763581000,8.61,2021-03-31,35.09,,7676811000.0,1094144000,640403000,73233000,,,None,39092000,None,,None,,,,,567496000,567170000,-39092000,None,0.417,,421997000,672147000,,,,,7348000,,,,,2.413,33.66,13.45,,,,,,,,0.338,,,2025-10-29,quarterly,8.81,USD,post-market,238957000,,0.204,0.992,0.13,94.57,183040000,,,,931.36,1186.47,2.3229,,,,,,,1803773000,,40.16,,1286.81,547.89
2025-12-28,KLAC,31.86,12524317000.0,40.16,,1.437,37.91,,,,,,,,,,,,,,,None,669733000,669733000,,,,,,None,84257000,,7.2,0.0056,,,,0.208,0.2,566003000,650260000,8.61,2020-12-31,35.09,,7676811000.0,981137000,527402000,70419000,,,None,38880000,None,,None,,,,,457251000,456983000,-38880000,None,0.417,,410973000,570164000,,,,,-3882000,,,,,2.413,33.66,13.45,,,,,,,,0.338,,,2025-10-29,quarterly,8.81,USD,post-market,229064000,,0.204,0.992,0.13,94.57,181909000,,,,931.36,1186.47,2.3229,,,,,,,1650870000,,40.16,,1286.81,547.89
2025-12-28,KLAC,31.86,12524317000.0,40.16,,1.437,37.91,,,,,,,,,,,,,,,None,620562000,620562000,,,,,,None,80066000,,7.2,0.0056,,,,0.208,0.2,523192000,603258000,8.61,2020-09-30,35.09,,7676811000.0,918058000,483806000,63664000,,,None,39386000,None,,None,,,,,420567000,420142000,-39386000,None,0.417,,391669000,526389000,,,,,-3197000,,,,,2.413,33.66,13.45,,,,,,,,0.338,,,2025-10-29,quarterly,8.81,USD,post-market,219038000,,0.204,0.992,0.13,94.57,172631000,,,,931.36,1186.47,2.3229,,,,,,,1538620000,,40.16,,1286.81,547.89
2025-12-28,KLAC,31.86,12524317000.0,40.16,,1.437,37.91,,,,,,,,,,,,,,,None,621544000,621544000,,,,,,None,78937000,,7.2,0.0056,,,,0.208,0.2,445290000,524227000,8.61,2020-06-30,35.09,,7676811000.0,838049000,405069000,-5246000,,,None,39942000,None,,None,,,,,411253000,756711000,-18575000,None,0.417,,384891000,453158000,,,,,-6250000,,,,,2.413,33.66,13.45,,,,,,,,0.338,,,2025-10-29,quarterly,8.81,USD,post-market,217100000,,0.204,0.992,0.13,94.57,566358000,,,,931.36,1186.47,2.3229,,,,,,,1459593000,,40.16,,1286.81,547.89
2025-12-28,KLAC,31.86,12524317000.0,40.16,,1.437,37.91,,,,,,,,,,,,,,,None,590158000,590158000,,,,,,None,81990000,,7.2,0.0056,,,,0.208,0.2,154271000,236261000,8.61,2020-03-31,35.09,,7676811000.0,833806000,115199000,37190000,,,None,39231000,39231000,,None,,,,,78452000,78009000,-39231000,None,0.417,,401193000,432613000,,,,,-21534000,,,,,2.413,33.66,13.45,,,,,,,,0.338,,,2025-10-29,quarterly,8.81,USD,post-market,215433000,,0.204,0.992,0.13,94.57,185760000,,,,931.36,1186.47,2.3229,,,,,,,1423964000,,40.16,,1286.81,547.89
2025-12-28,KLAC,31.86,12524317000.0,40.16,,1.437,37.91,,,,,,,,,,,,,,,None,633618000,633618000,,,,,,None,88534000,,7.2,0.0056,,,,0.208,0.2,462831000,551365000,8.61,2019-12-31,35.09,,7676811000.0,875835000,424927000,44622000,,,None,40472000,40472000,,None,,,,,380555000,380305000,-40472000,None,0.417,,413004000,462831000,,,,,2568000,,,,,2.413,33.66,13.45,,,,,,,,0.338,,,2025-10-29,quarterly,8.81,USD,post-market,220751000,,0.204,0.992,0.13,94.57,192253000,,,,931.36,1186.47,2.3229,,,,,,,1509453000,,40.16,,1286.81,547.89
2025-12-28,KLAC,31.86,12524317000.0,40.16,,1.437,37.91,,,,,,,,,,,,,,,None,604241000,604241000,,,,,,None,98588000,,7.2,0.0056,,,,0.208,0.2,410248000,508836000,8.61,2019-09-30,35.09,,7676811000.0,809173000,371516000,25120000,,,None,40350000,40350000,,None,,,,,346525000,346396000,-40350000,None,0.417,,398925000,410248000,,,,,None,,,,,2.413,33.66,13.45,,,,,,,,0.338,,,2025-10-29,quarterly,8.81,USD,post-market,210580000,,0.204,0.992,0.13,94.57,188345000,,,,931.36,1186.47,2.3229,,,,,,,1413414000,,40.16,,1286.81,547.89
2025-12-28,KLAC,31.86,12524317000.0,40.16,,1.437,37.91,,,,,,,,,,,,,,,None,592785000,592785000,,,,,,None,127886000,,7.2,0.0056,,,,0.208,0.2,271827000,399713000,8.61,2019-06-30,35.09,,7676811000.0,665650000,231310000,13982000,,,None,37590000,40467000,,None,,,,,217845000,217328000,-150000,None,0.417,,396750000,268900000,,,,,None,,,,,2.413,33.66,13.45,,,,,,,,0.338,,,2025-10-29,quarterly,8.81,USD,post-market,206710000,,0.204,0.992,0.13,94.57,190040000,,,,931.36,1186.47,2.3229,,,,,,,1258435000,,40.16,,1286.81,547.89
2025-12-28,KLAC,31.86,12524317000.0,40.16,,1.437,37.91,,,,,,,,,,,,,,,None,486945000,486945000,,,,,,None,73445000,,7.2,0.0056,,,,0.208,0.2,252577000,326022000,8.61,2019-03-31,35.09,,7676811000.0,610366000,221390000,28745000,,,None,31187000,31224000,,None,,,,,192728000,192645000,-31187000,None,0.417,,367071000,243295000,,,,,9282000,,,,,2.413,33.66,13.45,,,,,,,,0.338,,,2025-10-29,quarterly,8.81,USD,post-market,184887000,,0.204,0.992,0.13,94.57,182184000,,,,931.36,1186.47,2.3229,,,,,,,1097311000,,40.16,,1286.81,547.89
2025-12-28,KLAC,31.86,12524317000.0,40.16,,1.437,37.91,,,,,,,,,,,,,,,None,408260000,408260000,,,,,,None,15806000,,7.2,0.0056,,,,0.208,0.2,442501000,458307000,8.61,2018-12-31,35.09,,7676811000.0,711638000,415963000,46863000,,,None,26538000,None,,None,,,,,369100000,369100000,None,None,0.417,,278365000,433273000,,,,,9228000,,,,,2.413,33.66,13.45,,,,,,,,0.338,,,2025-10-29,quarterly,8.81,USD,post-market,165903000,,0.204,0.992,0.13,94.57,112462000,,,,931.36,1186.47,2.3229,,,,,,,1119898000,,40.16,,1286.81,547.89
2025-12-28,KLAC,31.86,12524317000.0,40.16,,1.437,37.91,,,,,,,,,,,,,,,None,381387000,381387000,,,,,,None,16087000,,7.2,0.0056,,,,0.208,0.2,453930000,470017000,8.61,2018-09-30,35.09,,7676811000.0,711873000,427568000,31624000,,,None,26362000,None,,None,,,,,395944000,395944000,None,None,0.417,,267968000,443905000,,,,,None,,,,,2.413,33.66,13.45,,,,,,,,0.338,,,2025-10-29,quarterly,8.81,USD,post-market,153530000,,0.204,0.992,0.13,94.57,114438000,,,,931.36,1186.47,2.3229,,,,,,,1093260000,,40.16,,1286.81,547.89
2025-12-28,KLAC,31.86,12524317000.0,40.16,,1.437,37.91,,,,,,,,,,,,,,,None,377898000,377898000,,,,,,None,14989000,,7.2,0.0056,,,,0.208,0.2,421532000,436521000,8.61,2018-06-30,35.09,,7676811000.0,692106000,406489000,57722000,,,None,17017000,None,,None,,,,,348767000,348767000,None,None,0.417,,268600000,423506000,,,,,11292000,,,,,2.413,33.66,13.45,,,,,,,,0.338,,,2025-10-29,quarterly,8.81,USD,post-market,151951000,,0.204,0.992,0.13,94.57,116649000,,,,931.36,1186.47,2.3229,,,,,,,1070004000,,40.16,,1286.81,547.89
2025-12-28,KLAC,31.86,12524317000.0,40.16,,1.437,37.91,,,,,,,,,,,,,,,None,368688000,368688000,,,,,,None,16283000,,7.2,0.0056,,,,0.208,0.2,385804000,402087000,8.61,2018-03-31,35.09,,7676811000.0,652606000,365983000,59102000,,,None,28119000,None,,None,,,,,306881000,306881000,None,None,0.417,,266802000,385804000,,,,,8298000,,,,,2.413,33.66,13.45,,,,,,,,0.338,,,2025-10-29,quarterly,8.81,USD,post-market,153284000,,0.204,0.992,0.13,94.57,113518000,,,,931.36,1186.47,2.3229,,,,,,,1021294000,,40.16,,1286.81,547.89
2025-12-28,KLAC,31.86,12524317000.0,40.16,,1.437,37.91,,,,,,,,,,,,,,,None,347334000,347334000,,,,,,None,16130000,,7.2,0.0056,,,,0.208,0.2,366197000,382327000,8.61,2017-12-31,35.09,,7676811000.0,628488000,347307000,481626000,,,None,27372000,None,,None,,,,,-134319000,-134319000,None,None,0.417,,262291000,366197000,,,,,8482000,,,,,2.413,33.66,13.45,,,,,,,,0.338,,,2025-10-29,quarterly,8.81,USD,post-market,156745000,,0.204,0.992,0.13,94.57,105546000,,,,931.36,1186.47,2.3229,,,,,,,975822000,,40.16,,1286.81,547.89
2025-12-28,KLAC,31.86,12524317000.0,40.16,,1.437,37.91,,,,,,,,,,,,,,,None,353449000,353449000,,,,,,None,15282000,,7.2,0.0056,,,,0.208,0.2,361687000,376969000,8.61,2017-09-30,35.09,,7676811000.0,616132000,336152000,55216000,,,None,30576000,None,,None,,,,,280936000,280936000,None,None,0.417,,254445000,361687000,,,,,5041000,,,,,2.413,33.66,13.45,,,,,,,,0.338,,,2025-10-29,quarterly,8.81,USD,post-market,146732000,,0.204,0.992,0.13,94.57,107713000,,,,931.36,1186.47,2.3229,,,,,,,969581000,,40.16,,1286.81,547.89
2025-12-28,KLAC,31.86,12524317000.0,40.16,,1.437,37.91,,,,,,,,,,,,,,,None,347930000,347930000,,,,,,None,14324000,,7.2,0.0056,,,,0.208,0.2,348998000,363322000,8.61,2017-06-30,35.09,,7676811000.0,590717000,325032000,68870000,,,None,23966000,None,,None,,,,,256162000,256162000,None,None,0.417,,241719000,348998000,,,,,6682000,,,,,2.413,33.66,13.45,,,,,,,,0.338,,,2025-10-29,quarterly,8.81,USD,post-market,136555000,,0.204,0.992,0.13,94.57,105164000,,,,931.36,1186.47,2.3229,,,,,,,938647000,,40.16,,1286.81,547.89
2025-12-28,KLAC,31.86,12524317000.0,40.16,,1.437,37.91,,,,,,,,,,,,,,,None,343274000,343274000,,,,,,None,14198000,,7.2,0.0056,,,,0.208,0.2,344113000,358311000,8.61,2017-03-31,35.09,,7676811000.0,570535000,319149000,65587000,,,None,30472000,None,,None,,,,,253562000,253562000,None,None,0.417,,226422000,344113000,,,,,5508000,,,,,2.413,33.66,13.45,,,,,,,,0.338,,,2025-10-29,quarterly,8.81,USD,post-market,130170000,,0.204,0.992,0.13,94.57,96252000,,,,931.36,1186.47,2.3229,,,,,,,913809000,,40.16,,1286.81,547.89
2025-12-28,KLAC,31.86,12524317000.0,40.16,,1.437,37.91,,,,,,,,,,,,,,,None,318507000,318507000,,,,,,None,14892000,,7.2,0.0056,,,,0.208,0.2,333934000,348826000,8.61,2016-12-31,35.09,,7676811000.0,558378000,306845000,68594000,,,None,30624000,None,,None,,,,,238251000,238251000,None,None,0.417,,224444000,333934000,,,,,3535000,,,,,2.413,33.66,13.45,,,,,,,,0.338,,,2025-10-29,quarterly,8.81,USD,post-market,130912000,,0.204,0.992,0.13,94.57,93532000,,,,931.36,1186.47,2.3229,,,,,,,876885000,,40.16,,1286.81,547.89
2025-12-28,KLAC,31.86,12524317000.0,40.16,,1.437,37.91,,,,,,,,,,,,,,,None,277836000,277836000,,,,,,None,14422000,,7.2,0.0056,,,,0.208,0.2,253141000,267563000,8.61,2016-09-30,35.09,,7676811000.0,472837000,222220000,44119000,,,None,30732000,None,,None,,,,,178101000,178101000,None,None,0.417,,223621000,249216000,,,,,3736000,,,,,2.413,33.66,13.45,,,,,,,,0.338,,,2025-10-29,quarterly,8.81,USD,post-market,129233000,,0.204,0.992,0.13,94.57,94388000,,,,931.36,1186.47,2.3229,,,,,,,750673000,,40.16,,1286.81,547.89
2025-12-28,KLAC,31.86,12524317000.0,40.16,,1.437,37.91,,,,,,,,,,,,,,,None,337568000,337568000,,,,,,None,14888000,,7.2,0.0056,,,,0.208,0.2,350652000,365540000,8.61,2016-06-30,35.09,,7676811000.0,581603000,328487000,56946000,,,None,21865000,None,,None,,,,,271541000,271541000,None,None,0.417,,231251000,350352000,,,,,9024000,,,,,2.413,33.66,13.45,,,,,,,,0.338,,,2025-10-29,quarterly,8.81,USD,post-market,127454000,,0.204,0.992,0.13,94.57,103797000,,,,931.36,1186.47,2.3229,,,,,,,919171000,,40.16,,1286.81,547.89
2025-12-28,KLAC,31.86,12524317000.0,40.16,,1.437,37.91,,,,,,,,,,,,,,,None,274599000,274599000,,,,,,None,15780000,,7.2,0.0056,,,,0.208,0.2,234838000,250618000,8.61,2016-03-31,35.09,,7676811000.0,437834000,209931000,34154000,,,None,30895000,None,,None,,,,,175777000,175777000,None,None,0.417,,202996000,234838000,,,,,5988000,,,,,2.413,33.66,13.45,,,,,,,,0.338,,,2025-10-29,quarterly,8.81,USD,post-market,115589000,,0.204,0.992,0.13,94.57,87407000,,,,931.36,1186.47,2.3229,,,,,,,712433000,,40.16,,1286.81,547.89
2025-12-28,KLAC,31.86,12524317000.0,40.16,,1.437,37.91,,,,,,,,,,,,,,,None,280980000,280980000,,,,,,None,16529000,,7.2,0.0056,,,,0.208,0.2,215861000,232390000,8.61,2015-12-31,35.09,,7676811000.0,429265000,185475000,33268000,,,None,30539000,None,,None,,,,,152207000,152207000,None,None,0.417,,214804000,214461000,,,,,1553000,,,,,2.413,33.66,13.45,,,,,,,,0.338,,,2025-10-29,quarterly,8.81,USD,post-market,118272000,,0.204,0.992,0.13,94.57,96532000,,,,931.36,1186.47,2.3229,,,,,,,710245000,,40.16,,1286.81,547.89
2025-12-28,KLAC,31.86,12524317000.0,40.16,,1.437,37.91,,,,,,,,,,,,,,,None,270244000,270244000,,,,,,None,19735000,,7.2,0.0056,,,,0.208,0.2,167894000,187629000,8.61,2015-09-30,35.09,,7676811000.0,372400000,134299000,29402000,,,None,26495000,None,,None,,,,,104897000,104897000,None,None,0.417,,211606000,160794000,,,,,4069000,,,,,2.413,33.66,13.45,,,,,,,,0.338,,,2025-10-29,quarterly,8.81,USD,post-market,119943000,,0.204,0.992,0.13,94.57,91663000,,,,931.36,1186.47,2.3229,,,,,,,642644000,,40.16,,1286.81,547.89
2025-12-28,KLAC,31.86,12524317000.0,40.16,,1.437,37.91,,,,,,,,,,,,,,,None,323267000,323267000,,,,,,None,19966000,,7.2,0.0056,,,,0.208,0.2,238287000,258253000,8.61,2015-06-30,35.09,,7676811000.0,433065000,174938000,32919000,,,None,27549000,None,,None,,,,,142019000,142019000,None,None,0.417,,230578000,202487000,,,,,-7339000,,,,,2.413,33.66,13.45,,,,,,,,0.338,,,2025-10-29,quarterly,8.81,USD,post-market,128839000,,0.204,0.992,0.13,94.57,101739000,,,,931.36,1186.47,2.3229,,,,,,,756332000,,40.16,,1286.81,547.89
2025-12-28,KLAC,31.86,12524317000.0,40.16,,1.437,37.91,,,,,,,,,,,,,,,None,320282000,320282000,,,,,,None,20510000,,7.2,0.0056,,,,0.208,0.2,194986000,215496000,8.61,2015-03-31,35.09,,7676811000.0,418177000,166454000,34816000,,,None,28532000,None,,None,,,,,131638000,131638000,None,None,0.417,,223191000,194986000,,,,,1976000,,,,,2.413,33.66,13.45,,,,,,,,0.338,,,2025-10-29,quarterly,8.81,USD,post-market,124583000,,0.204,0.992,0.13,94.57,98608000,,,,931.36,1186.47,2.3229,,,,,,,738459000,,40.16,,1286.81,547.89
2025-12-28,KLAC,31.86,12524317000.0,40.16,,1.437,37.91,,,,,,,,,,,,,,,None,283213000,283213000,,,,,,None,18901000,,7.2,0.0056,,,,0.208,0.2,157214000,176115000,8.61,2014-12-31,35.09,,7676811000.0,393144000,-6268000,-26536000,,,None,29313000,None,,None,,,,,20268000,20268000,None,None,0.417,,238430000,154714000,,,,,-129681000,,,,,2.413,33.66,13.45,,,,,,,,0.338,,,2025-10-29,quarterly,8.81,USD,post-market,133557000,,0.204,0.992,0.13,94.57,104873000,,,,931.36,1186.47,2.3229,,,,,,,676357000,,40.16,,1286.81,547.89
2025-12-28,KLAC,31.86,12524317000.0,40.16,,1.437,37.91,,,,,,,,,,,,,,,None,288467000,288467000,,,,,,None,21159000,,7.2,0.0056,,,,0.208,0.2,109153000,130312000,8.61,2014-09-30,35.09,,7676811000.0,354434000,99007000,26774000,,,None,10146000,None,,None,,,,,72233000,72233000,None,None,0.417,,245281000,109153000,,,,,3375000,,,,,2.413,33.66,13.45,,,,,,,,0.338,,,2025-10-29,quarterly,8.81,USD,post-market,143637000,,0.204,0.992,0.13,94.57,101644000,,,,931.36,1186.47,2.3229,,,,,,,642901000,,40.16,,1286.81,547.89
2025-12-28,KLAC,31.86,12524317000.0,40.16,,1.437,37.91,,,,,,,,,,,,,,,None,326665000,326665000,,,,,,None,22010000,,7.2,0.0056,,,,0.208,0.2,169414000,191424000,8.61,2014-06-30,35.09,,7676811000.0,407678000,166606000,37875000,,,None,6408000,None,,None,,,,,128731000,128731000,None,None,0.417,,234664000,173014000,,,,,None,,,,,2.413,33.66,13.45,,,,,,,,0.338,,,2025-10-29,quarterly,8.81,USD,post-market,138448000,,0.204,0.992,0.13,94.57,96216000,,,,931.36,1186.47,2.3229,,,,,,,734343000,,40.16,,1286.81,547.89
2025-12-28,KLAC,31.86,12524317000.0,40.16,,1.437,37.91,,,,,,,,,,,,,,,None,342826000,342826000,,,,,,None,20614000,,7.2,0.0056,,,,0.208,0.2,261163000,281777000,8.61,2014-03-31,35.09,,7676811000.0,488773000,251246000,47665000,,,None,9917000,None,,None,,,,,203581000,203581000,None,None,0.417,,227610000,261163000,,,,,3479000,,,,,2.413,33.66,13.45,,,,,,,,0.338,,,2025-10-29,quarterly,8.81,USD,post-market,134161000,,0.204,0.992,0.13,94.57,93449000,,,,931.36,1186.47,2.3229,,,,,,,831599000,,40.16,,1286.81,547.89
2025-12-28,KLAC,31.86,12524317000.0,40.16,,1.437,37.91,,,,,,,,,,,,,,,None,285814000,285814000,,,,,,None,19811000,,7.2,0.0056,,,,0.208,0.2,186882000,206693000,8.61,2013-12-31,35.09,,7676811000.0,419315000,176745000,37499000,,,None,11237000,None,,None,,,,,139246000,139246000,None,None,0.417,,231333000,187982000,,,,,2074000,,,,,2.413,33.66,13.45,,,,,,,,0.338,,,2025-10-29,quarterly,8.81,USD,post-market,134587000,,0.204,0.992,0.13,94.57,96746000,,,,931.36,1186.47,2.3229,,,,,,,705129000,,40.16,,1286.81,547.89
2025-12-28,KLAC,31.86,12524317000.0,40.16,,1.437,37.91,,,,,,,,,,,,,,,None,277657000,277657000,,,,,,None,20637000,,7.2,0.0056,,,,0.208,0.2,149911000,170548000,8.61,2013-09-30,35.09,,7676811000.0,380680000,139864000,28667000,,,None,10047000,None,,None,,,,,111197000,111197000,None,None,0.417,,230769000,149911000,,,,,3615000,,,,,2.413,33.66,13.45,,,,,,,,0.338,,,2025-10-29,quarterly,8.81,USD,post-market,132273000,,0.204,0.992,0.13,94.57,98496000,,,,931.36,1186.47,2.3229,,,,,,,658337000,,40.16,,1286.81,547.89
2025-12-28,KLAC,31.86,12524317000.0,40.16,,1.437,37.91,,,,,,,,,,,,,,,None,306804000,306804000,,,,,,None,20425000,,7.2,0.0056,,,,0.208,0.2,190863000,211288000,8.61,2013-06-30,35.09,,7676811000.0,413228000,177090000,42320000,,,None,10545000,None,,None,,,,,134770000,134770000,None,None,0.417,,225593000,187635000,,,,,None,,,,,2.413,33.66,13.45,,,,,,,,0.338,,,2025-10-29,quarterly,8.81,USD,post-market,127694000,,0.204,0.992,0.13,94.57,97899000,,,,931.36,1186.47,2.3229,,,,,,,720032000,,40.16,,1286.81,547.89
2025-12-28,KLAC,31.86,12524317000.0,40.16,,1.437,37.91,,,,,,,,,,,,,,,None,309508000,309508000,,,,,,None,21168000,,7.2,0.0056,,,,0.208,0.2,205584000,226752000,8.61,2013-03-31,35.09,,7676811000.0,419521000,192115000,25733000,,,None,10131000,None,,None,,,,,166382000,166382000,None,None,0.417,,217275000,202246000,,,,,3338000,,,,,2.413,33.66,13.45,,,,,,,,0.338,,,2025-10-29,quarterly,8.81,USD,post-market,118788000,,0.204,0.992,0.13,94.57,98487000,,,,931.36,1186.47,2.3229,,,,,,,729029000,,40.16,,1286.81,547.89
2025-12-28,KLAC,31.86,12524317000.0,40.16,,1.437,37.91,,,,,,,,,,,,,,,None,303915000,303915000,,,,,,None,21925000,,7.2,0.0056,,,,0.208,0.2,158305000,180230000,8.61,2012-12-31,35.09,,7676811000.0,369096000,144874000,38244000,,,None,8373000,None,,None,,,,,106630000,106630000,None,None,0.417,,215849000,153247000,,,,,5058000,,,,,2.413,33.66,13.45,,,,,,,,0.338,,,2025-10-29,quarterly,8.81,USD,post-market,121608000,,0.204,0.992,0.13,94.57,94241000,,,,931.36,1186.47,2.3229,,,,,,,673011000,,40.16,,1286.81,547.89
2025-12-28,KLAC,31.86,12524317000.0,40.16,,1.437,37.91,,,,,,,,,,,,,,,None,317225000,317225000,,,,,,None,24016000,,7.2,0.0056,,,,0.208,0.2,190045000,214061000,8.61,2012-09-30,35.09,,7676811000.0,403484000,176542000,41175000,,,None,10015000,None,,None,,,,,135367000,135367000,None,None,0.417,,216927000,186557000,,,,,3488000,,,,,2.413,33.66,13.45,,,,,,,,0.338,,,2025-10-29,quarterly,8.81,USD,post-market,119742000,,0.204,0.992,0.13,94.57,97185000,,,,931.36,1186.47,2.3229,,,,,,,720709000,,40.16,,1286.81,547.89
2025-12-28,KLAC,31.86,12524317000.0,40.16,,1.437,37.91,,,,,,,,,,,,,,,None,361663000,361663000,,,,,,None,23282000,,7.2,0.0056,,,,0.208,0.2,227262000,250544000,8.61,2012-06-30,35.09,,7676811000.0,530802000,305892000,58015000,,,None,12407000,None,,None,,,,,247877000,247877000,None,None,0.417,,212503000,318299000,,,,,None,,,,,2.413,33.66,13.45,,,,,,,,0.338,,,2025-10-29,quarterly,8.81,USD,post-market,118710000,,0.204,0.992,0.13,94.57,93793000,,,,931.36,1186.47,2.3229,,,,,,,892465000,,40.16,,1286.81,547.89
2025-12-28,KLAC,31.86,12524317000.0,40.16,,1.437,37.91,,,,,,,,,,,,,,,None,355149000,355149000,,,,,,None,22400000,,7.2,0.0056,,,,0.208,0.2,287538000,309938000,8.61,2012-03-31,35.09,,7676811000.0,485372000,274033000,68687000,,,None,13505000,None,,None,,,,,205346000,205346000,None,None,0.417,,201098000,284274000,,,,,3264000,,,,,2.413,33.66,13.45,,,,,,,,0.338,,,2025-10-29,quarterly,8.81,USD,post-market,110102000,,0.204,0.992,0.13,94.57,90996000,,,,931.36,1186.47,2.3229,,,,,,,840521000,,40.16,,1286.81,547.89
2025-12-28,KLAC,31.86,12524317000.0,40.16,,1.437,37.91,,,,,,,,,,,,,,,None,272855000,272855000,,,,,,None,23267000,,7.2,0.0056,,,,0.208,0.2,160203000,183470000,8.61,2011-12-31,35.09,,7676811000.0,369627000,146907000,36110000,,,None,13296000,None,,None,,,,,110797000,110797000,None,None,0.417,,210164000,159463000,,,,,740000,,,,,2.413,33.66,13.45,,,,,,,,0.338,,,2025-10-29,quarterly,8.81,USD,post-market,116363000,,0.204,0.992,0.13,94.57,93801000,,,,931.36,1186.47,2.3229,,,,,,,642482000,,40.16,,1286.81,547.89
2025-12-28,KLAC,31.86,12524317000.0,40.16,,1.437,37.91,,,,,,,,,,,,,,,None,340349000,340349000,,,,,,None,23184000,,7.2,0.0056,,,,0.208,0.2,261155000,284339000,8.61,2011-09-30,35.09,,7676811000.0,456127000,247262000,55267000,,,None,13893000,None,,None,,,,,191995000,191995000,None,None,0.417,,201838000,254289000,,,,,6866000,,,,,2.413,33.66,13.45,,,,,,,,0.338,,,2025-10-29,quarterly,8.81,USD,post-market,107762000,,0.204,0.992,0.13,94.57,94076000,,,,931.36,1186.47,2.3229,,,,,,,796476000,,40.16,,1286.81,547.89
2025-12-28,KLAC,31.86,12524317000.0,40.16,,1.437,37.91,,,,,,,,,,,,,,,None,356180000,356180000,,,,,,None,22533000,,7.2,0.0056,,,,0.208,0.2,347940000,370473000,8.61,2011-06-30,35.09,,7676811000.0,536259000,334043000,89026000,,,None,13897000,None,,None,,,,,245017000,245017000,None,None,0.417,,192190000,344069000,,,,,None,,,,,2.413,33.66,13.45,,,,,,,,0.338,,,2025-10-29,quarterly,8.81,USD,post-market,100929000,,0.204,0.992,0.13,94.57,91261000,,,,931.36,1186.47,2.3229,,,,,,,892439000,,40.16,,1286.81,547.89
2025-12-28,KLAC,31.86,12524317000.0,40.16,,1.437,37.91,,,,,,,,,,,,,,,None,327696000,327696000,,,,,,None,21075000,,7.2,0.0056,,,,0.208,0.2,314929000,336004000,8.61,2011-03-31,35.09,,7676811000.0,506363000,301520000,91737000,,,None,13409000,None,,None,,,,,209783000,209783000,None,None,0.417,,194584000,311779000,,,,,None,,,,,2.413,33.66,13.45,,,,,,,,0.338,,,2025-10-29,quarterly,8.81,USD,post-market,95617000,,0.204,0.992,0.13,94.57,98967000,,,,931.36,1186.47,2.3229,,,,,,,834059000,,40.16,,1286.81,547.89
2025-12-28,KLAC,31.86,12524317000.0,40.16,,1.437,37.91,,,,,,,,,,,,,,,None,311398000,311398000,,,,,,None,21653000,,7.2,0.0056,,,,0.208,0.2,264684000,286337000,8.61,2010-12-31,35.09,,7676811000.0,454929000,251191000,65699000,,,None,17675000,None,,None,,,,,185492000,185492000,None,None,0.417,,186063000,268866000,,,,,None,,,,,2.413,33.66,13.45,,,,,,,,0.338,,,2025-10-29,quarterly,8.81,USD,post-market,94897000,,0.204,0.992,0.13,94.57,91166000,,,,931.36,1186.47,2.3229,,,,,,,766327000,,40.16,,1286.81,547.89
2025-12-28,KLAC,31.86,12524317000.0,40.16,,1.437,37.91,,,,,,,,,,,,,,,None,263969000,263969000,,,,,,None,20783000,,7.2,0.0056,,,,0.208,0.2,236841000,257624000,8.61,2010-09-30,35.09,,7676811000.0,418373000,223312000,69116000,,,None,13529000,None,,None,,,,,154196000,154196000,None,None,0.417,,182757000,235616000,,,,,None,,,,,2.413,33.66,13.45,,,,,,,,0.338,,,2025-10-29,quarterly,8.81,USD,post-market,94720000,,0.204,0.992,0.13,94.57,88037000,,,,931.36,1186.47,2.3229,,,,,,,682342000,,40.16,,1286.81,547.89
2025-12-28,KLAC,31.86,12524317000.0,40.16,,1.437,37.91,,,,,,,,,,,,,,,None,227919000,227919000,,,,,,None,19554000,,7.2,0.0056,,,,0.208,0.2,76180000,95734000,8.61,2010-06-30,35.09,,7676811000.0,331500000,150102000,37017000,,,None,13426000,None,,None,,,,,113085000,0,None,None,0.417,,170658000,160842000,,,,,None,,,,,2.413,33.66,13.45,,,,,,,,0.338,,,2025-10-29,quarterly,8.81,USD,post-market,83309000,,0.204,0.992,0.13,94.57,87349000,,,,931.36,1186.47,2.3229,,,,,,,559419000,,40.16,,1286.81,547.89
2025-12-28,KLAC,31.86,12524317000.0,40.16,,1.437,37.91,,,,,,,,,,,,,,,None,208565000,208565000,,,,,,None,21420000,,7.2,0.0056,,,,0.208,0.2,94363000,115783000,8.61,2010-03-31,35.09,,7676811000.0,269734000,80271000,23255000,,,None,14092000,None,,None,,,,,57016000,0,None,None,0.417,,178455000,91279000,,,,,None,,,,,2.413,33.66,13.45,,,,,,,,0.338,,,2025-10-29,quarterly,8.81,USD,post-market,84741000,,0.204,0.992,0.13,94.57,93714000,,,,931.36,1186.47,2.3229,,,,,,,478299000,,40.16,,1286.81,547.89
2025-12-28,KLAC,31.86,12524317000.0,40.16,,1.437,37.91,,,,,,,,,,,,,,,None,207286000,207286000,,,,,,None,23240000,,7.2,0.0056,,,,0.208,0.2,51558000,74798000,8.61,2009-12-31,35.09,,7676811000.0,233069000,38016000,16222000,,,None,13542000,None,,None,,,,,21794000,0,None,None,0.417,,185974000,47095000,,,,,None,,,,,2.413,33.66,13.45,,,,,,,,0.338,,,2025-10-29,quarterly,8.81,USD,post-market,83301000,,0.204,0.992,0.13,94.57,102673000,,,,931.36,1186.47,2.3229,,,,,,,440355000,,40.16,,1286.81,547.89
2025-12-28,KLAC,31.86,12524317000.0,40.16,,1.437,37.91,,,,,,,,,,,,,,,None,171892000,171892000,,,,,,None,23134000,,7.2,0.0056,,,,0.208,0.2,36249000,59383000,8.61,2009-09-30,35.09,,7676811000.0,170795000,22792000,2387000,,,None,13457000,None,,None,,,,,20405000,0,None,None,0.417,,155845000,14950000,,,,,None,,,,,2.413,33.66,13.45,,,,,,,,0.338,,,2025-10-29,quarterly,8.81,USD,post-market,78209000,,0.204,0.992,0.13,94.57,77636000,,,,931.36,1186.47,2.3229,,,,,,,342687000,,40.16,,1286.81,547.89
2025-12-28,KLAC,31.86,12524317000.0,40.16,,1.437,37.91,,,,,,,,,,,,,,,None,164621000,164621000,,,,,,None,25732000,,7.2,0.0056,,,,0.208,0.2,-32372000,-6640000,8.61,2009-06-30,35.09,,7676811000.0,116881000,-46376000,-20800000,,,None,14004000,None,,None,,,,,-25576000,0,None,None,0.417,,151848000,-34967000,,,,,None,,,,,2.413,33.66,13.45,,,,,,,,0.338,,,2025-10-29,quarterly,8.81,USD,post-market,79227000,,0.204,0.992,0.13,94.57,72621000,,,,931.36,1186.47,2.3229,,,,,,,281502000,,40.16,,1286.81,547.89
2025-12-28,KLAC,31.86,12524317000.0,40.16,,1.437,37.91,,,,,,,,,,,,,,,None,209223000,209223000,,,,,,None,31762000,,7.2,0.0056,,,,0.208,0.2,-63558000,-31796000,8.61,2009-03-31,35.09,,7676811000.0,100389000,-77167000,5660000,,,None,13609000,None,,None,,,,,-82827000,0,None,None,0.417,,172670000,-72281000,,,,,None,,,,,2.413,33.66,13.45,,,,,,,,0.338,,,2025-10-29,quarterly,8.81,USD,post-market,82609000,,0.204,0.992,0.13,94.57,90061000,,,,931.36,1186.47,2.3229,,,,,,,309612000,,40.16,,1286.81,547.89
2025-12-28,KLAC,31.86,12524317000.0,40.16,,1.437,37.91,,,,,,,,,,,,,,,None,238167000,238167000,,,,,,None,35646000,,7.2,0.0056,,,,0.208,0.2,-504250000,-468604000,8.61,2008-12-31,35.09,,7676811000.0,158422000,-518103000,-83849000,,,None,13853000,None,,None,,,,,-434254000,0,None,None,0.417,,664053000,-505631000,,,,,None,,,,,2.413,33.66,13.45,,,,,,,,0.338,,,2025-10-29,quarterly,8.81,USD,post-market,95266000,,0.204,0.992,0.13,94.57,568787000,,,,931.36,1186.47,2.3229,,,,,,,396589000,,40.16,,1286.81,547.89
2025-12-28,KLAC,31.86,12524317000.0,40.16,,1.437,37.91,,,,,,,,,,,,,,,None,258203000,258203000,,,,,,None,42708000,,7.2,0.0056,,,,0.208,0.2,-7770000,34938000,8.61,2008-09-30,35.09,,7676811000.0,274310000,39115000,19826000,,,None,13873000,None,,None,,,,,19289000,0,None,None,0.417,,239372000,34938000,,,,,None,,,,,2.413,33.66,13.45,,,,,,,,0.338,,,2025-10-29,quarterly,8.81,USD,post-market,114361000,,0.204,0.992,0.13,94.57,125011000,,,,931.36,1186.47,2.3229,,,,,,,532513000,,40.16,,1286.81,547.89
2025-12-28,KLAC,31.86,12524317000.0,40.16,,1.437,37.91,,,,,,,,,,,,,,,None,268868000,268868000,,,,,,None,46469000,,7.2,0.0056,,,,0.208,0.2,103411000,149880000,8.61,2008-06-30,35.09,,7676811000.0,321826000,97517000,21507000,,,None,10767000,None,,None,,,,,76010000,0,None,None,0.417,,218415000,103411000,,,,,None,,,,,2.413,33.66,13.45,,,,,,,,0.338,,,2025-10-29,quarterly,8.81,USD,post-market,116470000,,0.204,0.992,0.13,94.57,101945000,,,,931.36,1186.47,2.3229,,,,,,,590694000,,40.16,,1286.81,547.89
2025-12-28,KLAC,31.86,12524317000.0,40.16,,1.437,37.91,,,,,,,,,,,,,,,None,285650000,285650000,,,,,,None,26610000,,7.2,0.0056,,,,0.208,0.2,98590000,125200000,8.61,2008-03-31,35.09,,7676811000.0,316569000,161209000,50229000,,,None,494000,None,,None,,,,,110980000,0,None,None,0.417,,191369000,125200000,,,,,None,,,,,2.413,33.66,13.45,,,,,,,,0.338,,,2025-10-29,quarterly,8.81,USD,post-market,96646000,,0.204,0.992,0.13,94.57,94723000,,,,931.36,1186.47,2.3229,,,,,,,602219000,,40.16,,1286.81,547.89
2025-12-28,KLAC,31.86,12524317000.0,40.16,,1.437,37.91,,,,,,,,,,,,,,,None,285005000,285005000,,,,,,None,28345000,,7.2,0.0056,,,,0.208,0.2,65142000,93487000,8.61,2007-12-31,35.09,,7676811000.0,350778000,106756000,22821000,,,None,587000,None,,None,,,,,83935000,0,None,None,0.417,,257291000,93487000,,,,,None,,,,,2.413,33.66,13.45,,,,,,,,0.338,,,2025-10-29,quarterly,8.81,USD,post-market,97513000,,0.204,0.992,0.13,94.57,159778000,,,,931.36,1186.47,2.3229,,,,,,,635783000,,40.16,,1286.81,547.89
2025-12-28,KLAC,31.86,12524317000.0,40.16,,1.437,37.91,,,,,,,,,,,,,,,None,305893000,305893000,,,,,,None,24952000,,7.2,0.0056,,,,0.208,0.2,152326000,177278000,8.61,2007-09-30,35.09,,7676811000.0,387127000,194752000,106594000,,,None,385000,None,,None,,,,,88158000,0,None,None,0.417,,209849000,177278000,,,,,None,,,,,2.413,33.66,13.45,,,,,,,,0.338,,,2025-10-29,quarterly,8.81,USD,post-market,99344000,,0.204,0.992,0.13,94.57,110505000,,,,931.36,1186.47,2.3229,,,,,,,693020000,,40.16,,1286.81,547.89
2025-12-28,KLAC,31.86,12524317000.0,40.16,,1.437,37.91,,,,,,,,,,,,,,,None,315681000,315681000,,,,,,None,36138000,,7.2,0.0056,,,,0.208,0.2,174864000,211002000,8.61,2007-06-30,35.09,,7676811000.0,420707000,196300000,48958000,,,None,2781000,None,,None,,,,,147342000,0,None,None,0.417,,245843000,174864000,,,,,None,,,,,2.413,33.66,13.45,,,,,,,,0.338,,,2025-10-29,quarterly,8.81,USD,post-market,123854000,,0.204,0.992,0.13,94.57,121989000,,,,931.36,1186.47,2.3229,,,,,,,736388000,,40.16,,1286.81,547.89
2025-12-28,KLAC,31.86,12524317000.0,40.16,,1.437,37.91,,,,,,,,,,,,,,,None,306751000,306751000,,,,,,None,29305000,,7.2,0.0056,,,,0.208,0.2,153350000,182655000,8.61,2007-03-31,35.09,,7676811000.0,409457000,203472000,48546000,,,None,0,None,,None,,,,,154785000,0,None,None,0.417,,226802000,182655000,,,,,None,,,,,2.413,33.66,13.45,,,,,,,,0.338,,,2025-10-29,quarterly,8.81,USD,post-market,106265000,,0.204,0.992,0.13,94.57,120537000,,,,931.36,1186.47,2.3229,,,,,,,716208000,,40.16,,1286.81,547.89
2025-12-28,KLAC,31.86,12524317000.0,40.16,,1.437,37.91,,,,,,,,,,,,,,,None,297772000,297772000,,,,,,None,29049000,,7.2,0.0056,,,,0.208,0.2,49310000,78359000,8.61,2006-12-31,35.09,,7676811000.0,351498000,101016000,11637000,,,None,0,None,,None,,,,,90049000,0,None,None,0.417,,273139000,78359000,,,,,None,,,,,2.413,33.66,13.45,,,,,,,,0.338,,,2025-10-29,quarterly,8.81,USD,post-market,108101000,,0.204,0.992,0.13,94.57,165038000,,,,931.36,1186.47,2.3229,,,,,,,649270000,,40.16,,1286.81,547.89
2025-12-28,KLAC,31.86,12524317000.0,40.16,,1.437,37.91,,,,,,,,,,,,,,,None,270119000,270119000,,,,,,None,14798000,,7.2,0.0056,,,,0.208,0.2,153990000,168788000,8.61,2006-09-30,35.09,,7676811000.0,359244000,176447000,41368000,,,None,0,None,,None,,,,,135922000,0,None,None,0.417,,205254000,153990000,,,,,None,,,,,2.413,33.66,13.45,,,,,,,,0.338,,,2025-10-29,quarterly,8.81,USD,post-market,99293000,,0.204,0.992,0.13,94.57,105961000,,,,931.36,1186.47,2.3229,,,,,,,629363000,,40.16,,1286.81,547.89
2025-12-28,KLAC,31.86,12524317000.0,40.16,,1.437,37.91,,,,,,,,,,,,,,,None,284148000,284148000,,,,,,None,17941000,,7.2,0.0056,,,,0.208,0.2,65093000,83034000,8.61,2006-06-30,35.09,,7676811000.0,296393000,84474000,-43327000,,,None,2175000,None,,None,,,,,128982000,0,None,None,0.417,,231300000,65093000,,,,,None,,,,,2.413,33.66,13.45,,,,,,,,0.338,,,2025-10-29,quarterly,8.81,USD,post-market,102818000,,0.204,0.992,0.13,94.57,128482000,,,,931.36,1186.47,2.3229,,,,,,,580541000,,40.16,,1286.81,547.89
2025-12-28,KLAC,31.86,12524317000.0,40.16,,1.437,37.91,,,,,,,,,,,,,,,None,226620000,226620000,,,,,,None,16629000,,7.2,0.0056,,,,0.208,0.2,87345000,103974000,8.61,2006-03-31,35.09,,7676811000.0,291636000,104570000,7347000,,,None,0,None,,None,,,,,98143000,0,None,None,0.417,,204291000,87345000,,,,,None,,,,,2.413,33.66,13.45,,,,,,,,0.338,,,2025-10-29,quarterly,8.81,USD,post-market,95927000,,0.204,0.992,0.13,94.57,108364000,,,,931.36,1186.47,2.3229,,,,,,,518256000,,40.16,,1286.81,547.89
2025-12-28,KLAC,31.86,12524317000.0,40.16,,1.437,37.91,,,,,,,,,,,,,,,None,217103000,217103000,,,,,,None,17752000,,7.2,0.0056,,,,0.208,0.2,76515000,94267000,8.61,2005-12-31,35.09,,7676811000.0,270867000,93200000,17806000,,,None,0,None,,None,,,,,76649000,0,None,None,0.417,,194352000,76515000,,,,,None,,,,,2.413,33.66,13.45,,,,,,,,0.338,,,2025-10-29,quarterly,8.81,USD,post-market,98327000,,0.204,0.992,0.13,94.57,96025000,,,,931.36,1186.47,2.3229,,,,,,,487970000,,40.16,,1286.81,547.89
2025-12-28,KLAC,31.86,12524317000.0,40.16,,1.437,37.91,,,,,,,,,,,,,,,None,214220000,214220000,,,,,,None,17114000,,7.2,0.0056,,,,0.208,0.2,80838000,97952000,8.61,2005-09-30,35.09,,7676811000.0,269640000,95614000,19681000,,,None,0,None,,None,,,,,76678000,0,None,None,0.417,,188802000,80838000,,,,,None,,,,,2.413,33.66,13.45,,,,,,,,0.338,,,2025-10-29,quarterly,8.81,USD,post-market,96751000,,0.204,0.992,0.13,94.57,92051000,,,,931.36,1186.47,2.3229,,,,,,,483860000,,40.16,,1286.81,547.89
2025-12-28,KLAC,31.86,12524317000.0,40.16,,1.437,37.91,,,,,,,,,,,,,,,None,4581004000,4581004000,,,,,,None,394088000,,7.2,0.0056,,,,0.208,0.2,4946614000,5340702000,8.61,2025-06-30,35.09,,7676811000.0,7575158000,4644448000,582805000,,,None,302166000,180276000,,None,,,,,4061643000,4061643000,-121890000,None,0.417,,2334113000,5241045000,,,,,None,,,,,2.413,33.66,13.45,,,,,,,,0.338,,,2025-10-29,annual,8.81,USD,post-market,1355090000,,0.204,0.992,0.13,94.57,1029734000,,,,931.36,1186.47,2.3229,,,,,,,12156162000,,40.16,,1286.81,547.89
2025-12-28,KLAC,31.86,12524317000.0,40.16,,1.437,37.91,,,,,,,,,,,,,,,None,3928073000,3928073000,,,,,,None,401730000,,7.2,0.0056,,,,0.208,0.2,3501285000,3903015000,8.61,2024-06-30,35.09,,7676811000.0,5884174000,3190032000,428136000,,,None,311253000,160688000,,None,,,,,2761896000,2761896000,-150565000,None,0.417,,2248490000,3635684000,,,,,None,,,,,2.413,33.66,13.45,,,,,,,,0.338,,,2025-10-29,annual,8.81,USD,post-market,1278981000,,0.204,0.992,0.13,94.57,969509000,,,,931.36,1186.47,2.3229,,,,,,,9812247000,,40.16,,1286.81,547.89
2025-12-28,KLAC,31.86,12524317000.0,40.16,,1.437,37.91,,,,,,,,,,,,,,,None,4218307000,4218307000,,,,,,None,415113000,,7.2,0.0056,,,,0.208,0.2,4086130000,4501243000,8.61,2023-06-30,35.09,,7676811000.0,6277749000,3789190000,401839000,,,None,296940000,74095000,,None,,,,,3387277000,3387351000,-296940000,None,0.417,,2283053000,3994696000,,,,,91434000,,,,,2.413,33.66,13.45,,,,,,,,0.338,,,2025-10-29,annual,8.81,USD,post-market,1296727000,,0.204,0.992,0.13,94.57,986326000,,,,931.36,1186.47,2.3229,,,,,,,10496056000,,40.16,,1286.81,547.89
2025-12-28,KLAC,31.86,12524317000.0,40.16,,1.437,37.91,,,,,,,,,,,,,,,None,3592441000,3592441000,,,,,,None,363344000,,7.2,0.0056,,,,0.208,0.2,3649576000,4012920000,8.61,2022-06-30,35.09,,7676811000.0,5619442000,3489237000,167177000,,,None,160339000,8695000,,None,,,,,3321807000,3322060000,-160339000,None,0.417,,1965261000,3654181000,,,,,-4605000,,,,,2.413,33.66,13.45,,,,,,,,0.338,,,2025-10-29,annual,8.81,USD,post-market,1105254000,,0.204,0.992,0.13,94.57,860007000,,,,931.36,1186.47,2.3229,,,,,,,9211883000,,40.16,,1286.81,547.89
2025-12-28,KLAC,31.86,12524317000.0,40.16,,1.437,37.91,,,,,,,,,,,,,,,None,2772165000,2772165000,,,,,,None,333335000,,7.2,0.0056,,,,0.208,0.2,2517782000,2851117000,8.61,2021-06-30,35.09,,7676811000.0,4146569000,2360454000,283101000,,,None,157328000,8929000,,None,,,,,2078292000,2077353000,-157328000,None,0.417,,1658089000,2488480000,,,,,29302000,,,,,2.413,33.66,13.45,,,,,,,,0.338,,,2025-10-29,annual,8.81,USD,post-market,928487000,,0.204,0.992,0.13,94.57,729602000,,,,931.36,1186.47,2.3229,,,,,,,6918734000,,40.16,,1286.81,547.89
2025-12-28,KLAC,31.86,12524317000.0,40.16,,1.437,37.91,,,,,,,,,,,,,,,None,2449561000,2449561000,,,,,,None,348049000,,7.2,0.0056,,,,0.208,0.2,1476985000,1825034000,8.61,2020-06-30,35.09,,7676811000.0,3356863000,1316711000,101686000,,,None,160274000,21646000,,None,,,,,1216785000,1215025000,-138628000,None,0.417,,1598013000,1758850000,,,,,-25216000,,,,,2.413,33.66,13.45,,,,,,,,0.338,,,2025-10-29,annual,8.81,USD,post-market,863864000,,0.204,0.992,0.13,94.57,734149000,,,,931.36,1186.47,2.3229,,,,,,,5806424000,,40.16,,1286.81,547.89
2025-12-28,KLAC,31.86,12524317000.0,40.16,,1.437,37.91,,,,,,,,,,,,,,,None,1869377000,1869377000,,,,,,None,233224000,,7.2,0.0056,,,,0.208,0.2,1420835000,1654059000,8.61,2019-06-30,35.09,,7676811000.0,2699527000,1296231000,121214000,,,None,124604000,40367000,,None,,,,,1175617000,1175017000,-84237000,None,0.417,,1310154000,1389373000,,,,,None,,,,,2.413,33.66,13.45,,,,,,,,0.338,,,2025-10-29,annual,8.81,USD,post-market,711030000,,0.204,0.992,0.13,94.57,599124000,,,,931.36,1186.47,2.3229,,,,,,,4568904000,,40.16,,1286.81,547.89
2025-12-28,KLAC,31.86,12524317000.0,40.16,,1.437,37.91,,,,,,,,,,,,,,,None,1447369000,1447369000,,,,,,None,62684000,,7.2,0.0056,,,,0.208,0.2,1537194000,1599878000,8.61,2018-06-30,35.09,,7676811000.0,2589332000,1455931000,653666000,,,None,114376000,36869000,,None,,,,,802265000,802265000,-77507000,None,0.417,,1052138000,1537194000,,,,,33113000,,,,,2.413,33.66,13.45,,,,,,,,0.338,,,2025-10-29,annual,8.81,USD,post-market,608712000,,0.204,0.992,0.13,94.57,443426000,,,,931.36,1186.47,2.3229,,,,,,,4036701000,,40.16,,1286.81,547.89
2025-12-28,KLAC,31.86,12524317000.0,40.16,,1.437,37.91,,,,,,,,,,,,,,,None,1287547000,1287547000,,,,,,None,57836000,,7.2,0.0056,,,,0.208,0.2,1276261000,1334097000,8.61,2017-06-30,35.09,,7676811000.0,2192467000,1173246000,247170000,,,None,103015000,23270000,,None,,,,,926076000,926076000,-99206000,None,0.417,,916206000,1276261000,,,,,19461000,,,,,2.413,33.66,13.45,,,,,,,,0.338,,,2025-10-29,annual,8.81,USD,post-market,526870000,,0.204,0.992,0.13,94.57,389336000,,,,931.36,1186.47,2.3229,,,,,,,3480014000,,40.16,,1286.81,547.89
2025-12-28,KLAC,31.86,12524317000.0,40.16,,1.437,37.91,,,,,,,,,,,,,,,None,1163391000,1163391000,,,,,,None,66932000,,7.2,0.0056,,,,0.208,0.2,960445000,1027377000,8.61,2016-06-30,35.09,,7676811000.0,1821102000,858192000,153770000,,,None,102253000,108315000,,None,,,,,704422000,704422000,-108380000,None,0.417,,860657000,960445000,,,,,20634000,,,,,2.413,33.66,13.45,,,,,,,,0.338,,,2025-10-29,annual,8.81,USD,post-market,481258000,,0.204,0.992,0.13,94.57,379399000,,,,931.36,1186.47,2.3229,,,,,,,2984493000,,40.16,,1286.81,547.89
2025-12-28,KLAC,31.86,12524317000.0,40.16,,1.437,37.91,,,,,,,,,,,,,,,None,1215229000,1215229000,,,,,,None,80536000,,7.2,0.0056,,,,0.208,0.2,692940000,773476000,8.61,2015-06-30,35.09,,7676811000.0,1598820000,434131000,67973000,,,None,106009000,92866000,,None,,,,,366158000,366158000,None,None,0.417,,937480000,661340000,,,,,-131669000,,,,,2.413,33.66,13.45,,,,,,,,0.338,,,2025-10-29,annual,8.81,USD,post-market,530616000,,0.204,0.992,0.13,94.57,406864000,,,,931.36,1186.47,2.3229,,,,,,,2814049000,,40.16,,1286.81,547.89
2025-12-28,KLAC,31.86,12524317000.0,40.16,,1.437,37.91,,,,,,,,,,,,,,,None,1232962000,1232962000,,,,,,None,83072000,,7.2,0.0056,,,,0.208,0.2,772070000,855142000,8.61,2014-06-30,35.09,,7676811000.0,1696446000,734461000,151706000,,,None,53812000,None,,None,,,,,582755000,582755000,None,None,0.417,,924376000,772070000,,,,,None,,,,,2.413,33.66,13.45,,,,,,,,0.338,,,2025-10-29,annual,8.81,USD,post-market,539469000,,0.204,0.992,0.13,94.57,384907000,,,,931.36,1186.47,2.3229,,,,,,,2929408000,,40.16,,1286.81,547.89
2025-12-28,KLAC,31.86,12524317000.0,40.16,,1.437,37.91,,,,,,,,,,,,,,,None,1237452000,1237452000,,,,,,None,87534000,,7.2,0.0056,,,,0.208,0.2,744797000,832331000,8.61,2013-06-30,35.09,,7676811000.0,1605329000,690621000,147472000,,,None,54176000,None,,None,,,,,543149000,543149000,None,None,0.417,,875644000,729685000,,,,,None,,,,,2.413,33.66,13.45,,,,,,,,0.338,,,2025-10-29,annual,8.81,USD,post-market,487832000,,0.204,0.992,0.13,94.57,387812000,,,,931.36,1186.47,2.3229,,,,,,,2842781000,,40.16,,1286.81,547.89
2025-12-28,KLAC,31.86,12524317000.0,40.16,,1.437,37.91,,,,,,,,,,,,,,,None,1330016000,1330016000,,,,,,None,92133000,,7.2,0.0056,,,,0.208,0.2,1016325000,1108458000,8.61,2012-06-30,35.09,,7676811000.0,1841928000,974094000,218079000,,,None,42231000,None,,None,,,,,756015000,756015000,None,None,0.417,,825603000,1016325000,,,,,None,,,,,2.413,33.66,13.45,,,,,,,,0.338,,,2025-10-29,annual,8.81,USD,post-market,452937000,,0.204,0.992,0.13,94.57,372666000,,,,931.36,1186.47,2.3229,,,,,,,3171944000,,40.16,,1286.81,547.89
2025-12-28,KLAC,31.86,12524317000.0,40.16,,1.437,37.91,,,,,,,,,,,,,,,None,1259243000,1259243000,,,,,,None,86044000,,7.2,0.0056,,,,0.208,0.2,1160330000,1246374000,8.61,2011-06-30,35.09,,7676811000.0,1915924000,1110066000,315578000,,,None,54328000,None,,None,,,,,794488000,794488000,None,None,0.417,,755594000,1160330000,,,,,None,,,,,2.413,33.66,13.45,,,,,,,,0.338,,,2025-10-29,annual,8.81,USD,post-market,386163000,,0.204,0.992,0.13,94.57,369431000,,,,931.36,1186.47,2.3229,,,,,,,3175167000,,40.16,,1286.81,547.89
2025-12-28,KLAC,31.86,12524317000.0,40.16,,1.437,37.91,,,,,,,,,,,,,,,None,815662000,815662000,,,,,,None,87348000,,7.2,0.0056,,,,0.208,0.2,314166000,401514000,8.61,2010-06-30,35.09,,7676811000.0,1005098000,291181000,78881000,,,None,54517000,None,,None,,,,,212300000,None,None,None,0.417,,690932000,314166000,,,,,None,,,,,2.413,33.66,13.45,,,,,,,,0.338,,,2025-10-29,annual,8.81,USD,post-market,329560000,,0.204,0.992,0.13,94.57,361372000,,,,931.36,1186.47,2.3229,,,,,,,1820760000,,40.16,,1286.81,547.89
2025-12-28,KLAC,31.86,12524317000.0,40.16,,1.437,37.91,,,,,,,,,,,,,,,None,864824000,864824000,,,,,,None,135848000,,7.2,0.0056,,,,0.208,0.2,-547192000,-411344000,8.61,2009-06-30,35.09,,7676811000.0,655392000,-602531000,-79163000,,,None,55339000,None,,None,,,,,-523368000,None,None,None,0.417,,786589000,-577941000,,,,,None,,,,,2.413,33.66,13.45,,,,,,,,0.338,,,2025-10-29,annual,8.81,USD,post-market,371463000,,0.204,0.992,0.13,94.57,415126000,,,,931.36,1186.47,2.3229,,,,,,,1520216000,,40.16,,1286.81,547.89
2025-12-28,KLAC,31.86,12524317000.0,40.16,,1.437,37.91,,,,,,,,,,,,,,,None,1145416000,1145416000,,,,,,None,126376000,,7.2,0.0056,,,,0.208,0.2,499376000,625752000,8.61,2008-06-30,35.09,,7676811000.0,1376300000,560234000,201151000,,,None,10767000,None,,None,,,,,359083000,None,None,None,0.417,,876924000,499376000,,,,,None,,,,,2.413,33.66,13.45,,,,,,,,0.338,,,2025-10-29,annual,8.81,USD,post-market,409973000,,0.204,0.992,0.13,94.57,466951000,,,,931.36,1186.47,2.3229,,,,,,,2521716000,,40.16,,1286.81,547.89
2025-12-28,KLAC,31.86,12524317000.0,40.16,,1.437,37.91,,,,,,,,,,,,,,,None,1190323000,1190323000,,,,,,None,109290000,,7.2,0.0056,,,,0.208,0.2,589868000,699158000,8.61,2007-06-30,35.09,,7676811000.0,1540906000,677235000,150509000,,,None,0,None,,None,,,,,528098000,None,None,None,0.417,,951038000,589868000,,,,,None,,,,,2.413,33.66,13.45,,,,,,,,0.338,,,2025-10-29,annual,8.81,USD,post-market,437513000,,0.204,0.992,0.13,94.57,513525000,,,,931.36,1186.47,2.3229,,,,,,,2731229000,,40.16,,1286.81,547.89
2025-12-28,KLAC,31.86,12524317000.0,40.16,,1.437,37.91,,,,,,,,,,,,,,,None,942091000,942091000,,,,,,None,69436000,,7.2,0.0056,,,,0.208,0.2,309791000,379227000,8.61,2006-06-30,35.09,,7676811000.0,1128536000,377858000,1507000,,,None,0,None,,None,,,,,380452000,None,None,None,0.417,,818745000,309791000,,,,,None,,,,,2.413,33.66,13.45,,,,,,,,0.338,,,2025-10-29,annual,8.81,USD,post-market,393823000,,0.204,0.992,0.13,94.57,424922000,,,,931.36,1186.47,2.3229,,,,,,,2070627000,,40.16,,1286.81,547.89
2025-12-28,KLAC,31.86,12524317000.0,40.16,None,1.437,37.91,,202926000,1946211000,1946211000,,,,,,,,,2489121000,132381000,None,942091000,942091000,429836000,None,None,2464594000,None,None,69436000,,7.2,0.0056,,,,0.208,0.2,309791000,379227000,8.61,2025-09-30,35.09,1791022000,7676811000.0,1128536000,377858000,1507000,397366000,397366000,None,0,None,3297368000,None,None,5885193000,None,None,380452000,None,None,None,0.417,,818745000,309791000,455607000,1639229000,None,171454000,None,,,,,2.413,33.66,13.45,,,,,,,,0.338,,None,2025-10-29,quarterly,8.81,USD,post-market,393823000,2495279000,0.204,0.992,0.13,94.57,424922000,6088119000,46763000,2737380000,931.36,1186.47,2.3229,16317974000,10901160000,4049970000,11332903000,5416814000,7282933000,2070627000,4985071000,40.16,None,1286.81,547.89
2025-12-28,KLAC,31.86,12524317000.0,40.16,None,1.437,37.91,,204025000,2078908000,2078908000,,,,,,,,,132000,132734000,None,942091000,942091000,458509000,None,None,2433700000,None,None,69436000,,7.2,0.0056,,,,0.208,0.2,309791000,379227000,8.61,2025-06-30,35.09,1792193000,7676811000.0,1128536000,377858000,1507000,444785000,444785000,None,0,None,3212149000,None,None,5884257000,None,None,380452000,None,None,None,0.417,,818745000,309791000,558317000,1580880000,None,170418000,None,,,,,2.413,33.66,13.45,,,,,,,,0.338,,None,2025-10-29,quarterly,8.81,USD,post-market,393823000,2179330000,0.204,0.992,0.13,94.57,424922000,6088282000,45192000,2415715000,931.36,1186.47,2.3229,16067926000,10698789000,4085795000,11375473000,5369137000,7289678000,2070627000,4692453000,40.16,None,1286.81,547.89
2025-12-28,KLAC,31.86,12524317000.0,40.16,None,1.437,37.91,,205851000,1858022000,1858022000,,,,,,,,,2401317000,133303000,None,942091000,942091000,429318000,None,None,2311738000,None,None,69436000,,7.2,0.0056,,,,0.208,0.2,309791000,379227000,8.61,2025-03-31,35.09,1787532000,7676811000.0,1128536000,377858000,1507000,495572000,495572000,None,0,None,3155777000,None,None,5883322000,None,None,380452000,None,None,None,0.417,,818745000,309791000,448882000,1530599000,None,161411000,None,,,,,2.413,33.66,13.45,,,,,,,,0.338,,None,2025-10-29,quarterly,8.81,USD,post-market,393823000,1646055000,0.204,0.992,0.13,94.57,424922000,6089173000,43468000,2170600000,931.36,1186.47,2.3229,15188307000,9945019000,3909929000,11183568000,5243288000,7273639000,2070627000,4004739000,40.16,None,1286.81,547.89
2025-12-28,KLAC,31.86,12524317000.0,40.16,None,1.437,37.91,,190226000,1838278000,1838278000,,,,,,,,,2346346000,134415000,None,942091000,942091000,432891000,None,None,2487024000,None,None,69436000,,7.2,0.0056,,,,0.208,0.2,309791000,379227000,8.61,2024-12-31,35.09,1785297000,7676811000.0,1128536000,377858000,1507000,548645000,548645000,None,0,None,3046340000,None,None,5882387000,None,None,380452000,None,None,None,0.417,,818745000,309791000,458835000,1399287000,None,155633000,None,,,,,2.413,33.66,13.45,,,,,,,,0.338,,None,2025-10-29,quarterly,8.81,USD,post-market,393823000,1284589000,0.204,0.992,0.13,94.57,424922000,6072613000,40578000,1942127000,931.36,1186.47,2.3229,15001696000,9772604000,4138258000,11417147000,5229092000,7278889000,2070627000,3584549000,40.16,None,1286.81,547.89
2025-12-28,KLAC,31.86,12524317000.0,40.16,None,1.437,37.91,,194739000,1977202000,1977202000,,,,,,,,,2257052000,134858000,None,942091000,942091000,376505000,None,749984000,2082773000,None,None,69436000,,7.2,0.0056,,,,0.208,0.2,309791000,379227000,8.61,2024-09-30,35.09,2015721000,7676811000.0,1128536000,377858000,1507000,612011000,612011000,None,0,None,3109837000,None,None,5881372000,None,None,380452000,None,None,None,0.417,,818745000,309791000,406113000,1283501000,None,151240000,None,,,,,2.413,33.66,13.45,,,,,,,,0.338,,None,2025-10-29,quarterly,8.81,USD,post-market,393823000,1328166000,0.204,0.992,0.13,94.57,424922000,6826095000,790398000,2652514000,931.36,1186.47,2.3229,15681737000,10228439000,4798214000,12122023000,5453298000,7323809000,2070627000,3559714000,40.16,None,1286.81,547.89
2025-12-28,KLAC,31.86,12524317000.0,40.16,None,1.437,37.91,,189508000,1977129000,1977129000,,,,,,,,,134000,135342000,None,942091000,942091000,359487000,None,749936000,2004698000,None,None,69436000,,7.2,0.0056,,,,0.208,0.2,309791000,379227000,8.61,2024-06-30,35.09,2015726000,7676811000.0,1128536000,377858000,1507000,668764000,668764000,None,0,None,3034781000,None,None,5880199000,None,None,380452000,None,None,None,0.417,,818745000,309791000,487670000,1234545000,None,147320000,None,,,,,2.413,33.66,13.45,,,,,,,,0.338,,None,2025-10-29,quarterly,8.81,USD,post-market,393823000,1137270000,0.204,0.992,0.13,94.57,424922000,6819643000,786327000,2526866000,931.36,1186.47,2.3229,15433566000,10031144000,4660774000,12065238000,5402422000,7404464000,2070627000,3368328000,40.16,None,1286.81,547.89
2025-12-28,KLAC,31.86,12524317000.0,40.16,None,1.437,37.91,,194772000,1848167000,1848167000,,,,,,,,,2177501000,135856000,None,942091000,942091000,354720000,None,749889000,1789778000,None,None,69436000,,7.2,0.0056,,,,0.208,0.2,309791000,379227000,8.61,2024-03-31,35.09,2015727000,7676811000.0,1128536000,377858000,1507000,727601000,727601000,None,0,None,3007053000,None,None,5879025000,None,None,380452000,None,None,None,0.417,,818745000,309791000,436949000,1234073000,None,145155000,None,,,,,2.413,33.66,13.45,,,,,,,,0.338,,None,2025-10-29,quarterly,8.81,USD,post-market,393823000,958904000,0.204,0.992,0.13,94.57,424922000,6823686000,786285000,2446135000,931.36,1186.47,2.3229,14957289000,9528082000,4458538000,11862404000,5429207000,7403866000,2070627000,3094885000,40.16,None,1286.81,547.89
2025-12-28,KLAC,31.86,12524317000.0,40.16,None,1.437,37.91,,191479000,1665054000,1665054000,,,,,,,,,2154509000,136254000,None,942091000,942091000,376671000,None,749842000,1998091000,None,None,69436000,,7.2,0.0056,,,,0.208,0.2,309791000,379227000,8.61,2023-12-31,35.09,2086204000,7676811000.0,1128536000,377858000,1507000,786233000,786233000,None,0,None,3038628000,None,None,5142884000,None,None,380452000,None,None,None,0.417,,818745000,309791000,369008000,1306676000,None,140983000,None,,,,,2.413,33.66,13.45,,,,,,,,0.338,,None,2025-10-29,quarterly,8.81,USD,post-market,393823000,921466000,0.204,0.992,0.13,94.57,424922000,6084205000,785281000,1677940000,931.36,1186.47,2.3229,14280501000,8748721000,4570997000,11236790000,5531780000,6665793000,2070627000,3043711000,40.16,None,1286.81,547.89
2025-12-28,KLAC,31.86,12524317000.0,40.16,None,1.437,37.91,,174196000,1711570000,1711570000,,,,,,,,,2073476000,137104000,None,942091000,942091000,363662000,None,None,1757417000,None,None,69436000,,7.2,0.0056,,,,0.208,0.2,309791000,379227000,8.61,2023-09-30,35.09,2278805000,7676811000.0,1128536000,377858000,1507000,871999000,871999000,None,0,None,3007705000,None,None,5891731000,None,None,380452000,None,None,None,0.417,,818745000,309791000,316348000,1152500000,None,739102000,None,,,,,2.413,33.66,13.45,,,,,,,,0.338,,None,2025-10-29,quarterly,8.81,USD,post-market,393823000,966179000,0.204,0.992,0.13,94.57,424922000,6065927000,35514000,1637751000,931.36,1186.47,2.3229,14136841000,8430791000,3817743000,11146624000,5706050000,7328881000,2070627000,2990217000,40.16,None,1286.81,547.89
2025-12-28,KLAC,31.86,12524317000.0,40.16,None,1.437,37.91,,172396000,1927865000,1927865000,,,,,,,,,137000,137654000,None,942091000,942091000,371026000,None,None,1935399000,None,None,69436000,,7.2,0.0056,,,,0.208,0.2,309791000,379227000,8.61,2023-06-30,35.09,2278820000,7676811000.0,1128536000,377858000,1507000,935303000,935303000,None,0,None,2876784000,None,None,5890736000,None,None,380452000,None,None,None,0.417,,818745000,309791000,316690000,1117436000,None,813058000,None,,,,,2.413,33.66,13.45,,,,,,,,0.338,,1031841000,2025-10-29,quarterly,8.81,USD,post-market,393823000,848431000,0.204,0.992,0.13,94.57,424922000,6063132000,34042000,1315294000,931.36,1186.47,2.3229,14072357000,8372032000,3742842000,11152604000,5700325000,7409762000,2070627000,2919753000,40.16,None,1286.81,547.89
2025-12-28,KLAC,31.86,12524317000.0,40.16,None,1.437,37.91,,171333000,1568513000,1568513000,,,,,,,,,1996773000,138645000,None,942091000,942091000,410885000,None,None,1940067000,None,None,69436000,,7.2,0.0056,,,,0.208,0.2,309791000,379227000,8.61,2023-03-31,35.09,2278817000,7676811000.0,1128536000,377858000,1507000,999958000,999958000,None,0,None,2749743000,None,None,5889740000,None,None,380452000,None,None,None,0.417,,818745000,309791000,438731000,2075929000,None,1001978000,None,,,,,2.413,33.66,13.45,,,,,,,,0.338,,984271000,2025-10-29,quarterly,8.81,USD,post-market,393823000,721299000,0.204,0.992,0.13,94.57,424922000,5923262000,33522000,1321696000,931.36,1186.47,2.3229,13683549000,8018750000,3418521000,11000768000,5664799000,7582247000,2070627000,2682781000,40.16,None,1286.81,547.89
2025-12-28,KLAC,31.86,12524317000.0,40.16,None,1.437,37.91,,112611000,1571477000,1571477000,,,,,,,,,1982360000,141966000,None,942091000,942091000,530407000,None,None,2282925000,None,None,69436000,,7.2,0.0056,,,,0.208,0.2,309791000,379227000,8.61,2022-12-31,35.09,2278809000,7676811000.0,1128536000,377858000,1507000,1065091000,1065091000,None,0,None,2535375000,None,None,6113745000,None,None,380452000,None,None,None,0.417,,818745000,309791000,447932000,2012392000,None,970222000,None,,,,,2.413,33.66,13.45,,,,,,,,0.338,,964813000,2025-10-29,quarterly,8.81,USD,post-market,393823000,670002000,0.204,0.992,0.13,94.57,424922000,6145336000,31591000,1294873000,931.36,1186.47,2.3229,13729074000,8132582000,3482501000,11125814000,5596492000,7643313000,2070627000,2603260000,40.16,None,1286.81,547.89
2025-12-28,KLAC,31.86,12524317000.0,40.16,None,1.437,37.91,,110490000,1819280000,1819280000,,,,,,,,,1041948000,142563000,None,942091000,942091000,479707000,None,None,1857320000,None,None,69436000,,7.2,0.0056,,,,0.208,0.2,309791000,379227000,8.61,2022-09-30,35.09,2278827000,7676811000.0,1128536000,377858000,1507000,1131445000,1131445000,None,0,None,2408325000,None,None,6312749000,None,None,380452000,None,None,None,0.417,,818745000,309791000,424774000,1825647000,None,881772000,None,,,,,2.413,33.66,13.45,,,,,,,,0.338,,913002000,2025-10-29,quarterly,8.81,USD,post-market,393823000,1118967000,0.204,0.992,0.13,94.57,424922000,6343450000,30701000,1134240000,931.36,1186.47,2.3229,13123652000,7643939000,3139364000,11021578000,5479713000,7882214000,2070627000,2102074000,40.16,None,1286.81,547.89
2025-12-28,KLAC,31.86,12524317000.0,40.16,None,1.437,37.91,,113587000,1584908000,1584908000,,,,,,,,,142000,149182000,None,942091000,942091000,443338000,None,None,2016337000,None,None,69436000,,7.2,0.0056,,,,0.208,0.2,309791000,379227000,8.61,2022-06-30,35.09,2320049000,7676811000.0,1128536000,377858000,1507000,1194414000,1194414000,None,0,None,2146889000,None,None,6660718000,None,None,380452000,None,None,None,0.417,,818745000,309791000,297677000,991841000,None,882642000,None,,,,,2.413,33.66,13.45,,,,,,,,0.338,,849929000,2025-10-29,quarterly,8.81,USD,post-market,393823000,366882000,0.204,0.992,0.13,94.57,424922000,6774305000,32218000,1123100000,931.36,1186.47,2.3229,12597088000,7168911000,2871083000,11197998000,5428177000,8326915000,2070627000,1401351000,40.16,None,1286.81,547.89
2025-12-28,KLAC,31.86,12524317000.0,40.16,None,1.437,37.91,,93211000,1415172000,1415172000,,,,,,,,,2179229000,151186000,None,942091000,942091000,424128000,None,None,1618867000,None,None,69436000,,7.2,0.0056,,,,0.208,0.2,309791000,379227000,8.61,2022-03-31,35.09,2314471000,7676811000.0,1128536000,377858000,1507000,1255672000,1255672000,None,0,None,1982297000,None,None,3699799000,None,None,380452000,None,None,None,0.417,,818745000,309791000,403657000,1594545000,None,749590000,None,,,,,2.413,33.66,13.45,,,,,,,,0.338,,808874000,2025-10-29,quarterly,8.81,USD,post-market,393823000,1972611000,0.204,0.992,0.13,94.57,424922000,3730957000,31158000,1162724000,931.36,1186.47,2.3229,12017812000,6582717000,2828983000,7939188000,5435095000,5110205000,2070627000,4080307000,40.16,None,1286.81,547.89
2025-12-28,KLAC,31.86,12524317000.0,40.16,None,1.437,37.91,,95020000,1657057000,1657057000,,,,,,,,,2181025000,152331000,None,942091000,942091000,379875000,None,20000000,1862783000,None,None,69436000,,7.2,0.0056,,,,0.208,0.2,309791000,379227000,8.61,2021-12-31,35.09,2042794000,7676811000.0,1128536000,377858000,1507000,1104991000,1104991000,None,0,None,1829412000,None,None,3424106000,None,None,380452000,None,None,None,0.417,,818745000,309791000,198819000,995126000,None,753589000,None,,,,,2.413,33.66,13.45,,,,,,,,0.338,,717178000,2025-10-29,quarterly,8.81,USD,post-market,393823000,1943981000,0.204,0.992,0.13,94.57,424922000,3539126000,52467000,1153404000,931.36,1186.47,2.3229,11680237000,6701475000,2776098000,7633481000,4978762000,4857383000,2070627000,4048527000,40.16,None,1286.81,547.89
2025-12-28,KLAC,31.86,12524317000.0,40.16,None,1.437,37.91,,98886000,1509564000,1509564000,,,,,,,,,2137706000,153410000,None,942091000,942091000,380827000,None,20000000,1582744000,None,None,69436000,,7.2,0.0056,,,,0.208,0.2,309791000,379227000,8.61,2021-09-30,35.09,2041338000,7676811000.0,1128536000,377858000,1507000,1157535000,1157535000,None,0,None,1715339000,None,None,3423436000,None,None,380452000,None,None,None,0.417,,818745000,309791000,221776000,898228000,None,620581000,None,,,,,2.413,33.66,13.45,,,,,,,,0.338,,698547000,2025-10-29,quarterly,8.81,USD,post-market,393823000,1801268000,0.204,0.992,0.13,94.57,424922000,3542322000,52946000,1115249000,931.36,1186.47,2.3229,11146477000,6144672000,2523010000,7287391000,5001805000,4764381000,2070627000,3860930000,40.16,None,1286.81,547.89
2025-12-28,KLAC,31.86,12524317000.0,40.16,None,1.437,37.91,,103061000,1434610000,1434610000,,,,,,,,,153000,154283000,None,942091000,942091000,342083000,None,20000000,1465378000,None,None,69436000,,7.2,0.0056,,,,0.208,0.2,309791000,379227000,8.61,2021-06-30,35.09,2011172000,7676811000.0,1128536000,377858000,1507000,1185311000,1185311000,None,0,None,1575380000,None,None,3422767000,None,None,380452000,None,None,None,0.417,,818745000,309791000,160968000,790590000,None,631290000,None,,,,,2.413,33.66,13.45,,,,,,,,0.338,,663027000,2025-10-29,quarterly,8.81,USD,post-market,393823000,1277123000,0.204,0.992,0.13,94.57,424922000,3545828000,52322000,1059912000,931.36,1186.47,2.3229,10271124000,5696248000,2103227000,6895482000,4574876000,4792255000,2070627000,3377554000,40.16,None,1286.81,547.89
2025-12-28,KLAC,31.86,12524317000.0,40.16,None,1.437,37.91,,102142000,1452150000,1452150000,,,,,,,,,2115205000,155159000,None,942091000,942091000,295111000,None,20000000,1355450000,None,None,69436000,,7.2,0.0056,,,,0.208,0.2,309791000,379227000,8.61,2021-03-31,35.09,2011187000,7676811000.0,1128536000,377858000,1507000,1237589000,1237589000,None,0,None,1450588000,None,None,3422097000,None,None,380452000,None,None,None,0.417,,818745000,309791000,156402000,798600000,None,744917000,None,,,,,2.413,33.66,13.45,,,,,,,,0.338,,628438000,2025-10-29,quarterly,8.81,USD,post-market,393823000,1070124000,0.204,0.992,0.13,94.57,424922000,3544239000,51485000,990575000,931.36,1186.47,2.3229,9939240000,5405165000,2029466000,6826376000,4534075000,4796910000,2070627000,3114856000,40.16,None,1286.81,547.89
2025-12-28,KLAC,31.86,12524317000.0,40.16,None,1.437,37.91,,105663000,1431466000,1431466000,,,,,,,,,2104190000,155560000,None,942091000,942091000,262496000,None,20000000,1351308000,None,None,69436000,,7.2,0.0056,,,,0.208,0.2,309791000,379227000,8.61,2020-12-31,35.09,2045445000,7676811000.0,1128536000,377858000,1507000,1289843000,1289843000,None,0,None,1420618000,None,None,3441465000,None,None,380452000,None,None,None,0.417,,818745000,309791000,154498000,824075000,None,756733000,None,,,,,2.413,33.66,13.45,,,,,,,,0.338,,594185000,2025-10-29,quarterly,8.81,USD,post-market,393823000,903696000,0.204,0.992,0.13,94.57,424922000,3567128000,51220000,865064000,931.36,1186.47,2.3229,9814644000,5222954000,2020112000,6864338000,4591690000,4844226000,2070627000,2935182000,40.16,None,1286.81,547.89
2025-12-28,KLAC,31.86,12524317000.0,40.16,None,1.437,37.91,,98849000,2043453000,2043453000,,,,,,,,,2072715000,156442000,None,942091000,942091000,254458000,None,None,1028883000,None,None,69436000,,7.2,0.0056,,,,0.208,0.2,309791000,379227000,8.61,2020-09-30,35.09,2045432000,7676811000.0,1128536000,377858000,1507000,1340913000,1340913000,None,0,None,1394225000,None,None,3420403000,None,None,380452000,None,None,None,0.417,,818745000,309791000,288138000,970129000,None,731644000,None,,,,,2.413,33.66,13.45,,,,,,,,0.338,,561852000,2025-10-29,quarterly,8.81,USD,post-market,393823000,753915000,0.204,0.992,0.13,94.57,424922000,3449821000,29418000,827633000,931.36,1186.47,2.3229,9320096000,4754699000,1748828000,6557751000,4565397000,4808923000,2070627000,2747184000,40.16,None,1286.81,547.89
2025-12-28,KLAC,31.86,12524317000.0,40.16,None,1.437,37.91,,99879000,1234409000,1234409000,,,,,,,,,155000,156183000,None,942091000,942091000,264280000,None,None,1264098000,None,None,69436000,,7.2,0.0056,,,,0.208,0.2,309791000,379227000,8.61,2020-06-30,35.09,2045402000,7676811000.0,1128536000,377858000,1507000,1391413000,1391413000,None,0,None,1310985000,None,None,3469670000,None,None,380452000,None,None,None,0.417,,818745000,309791000,167990000,686246000,None,672284000,None,,,,,2.413,33.66,13.45,,,,,,,,0.338,,519824000,2025-10-29,quarterly,8.81,USD,post-market,393823000,654930000,0.204,0.992,0.13,94.57,424922000,3569549000,28994000,746063000,931.36,1186.47,2.3229,9279960000,4723545000,1699786000,6598950000,4556415000,4899164000,2070627000,2665424000,40.16,None,1286.81,547.89
2025-12-28,KLAC,31.86,12524317000.0,40.16,None,1.437,37.91,,96044000,1634531000,1634531000,,,,,,,,,2019071000,157172000,None,942091000,942091000,243234000,None,None,1119263000,None,None,69436000,,7.2,0.0056,,,,0.208,0.2,309791000,379227000,8.61,2020-03-31,35.09,2043129000,7676811000.0,1128536000,377858000,1507000,1437844000,1437844000,None,0,None,1264130000,None,None,3443937000,None,None,380452000,None,None,None,0.417,,818745000,309791000,300541000,830899000,None,776319000,None,,,,,2.413,33.66,13.45,,,,,,,,0.338,,497743000,2025-10-29,quarterly,8.81,USD,post-market,393823000,376656000,0.204,0.992,0.13,94.57,424922000,3472457000,28520000,688356000,931.36,1186.47,2.3229,8845946000,4318465000,1653274000,6520750000,4527481000,4867476000,2070627000,2307433000,40.16,None,1286.81,547.89
2025-12-28,KLAC,31.86,12524317000.0,40.16,None,1.437,37.91,,102557000,1677522000,1677522000,,,,,,,,,2017521000,158620000,None,942091000,942091000,256646000,None,None,1191035000,None,None,69436000,,7.2,0.0056,,,,0.208,0.2,309791000,379227000,8.61,2019-12-31,35.09,2299781000,7676811000.0,1128536000,377858000,1507000,1492450000,1492450000,None,0,None,1251400000,None,None,3399877000,None,None,380452000,None,None,None,0.417,,818745000,309791000,257486000,980273000,None,763701000,None,,,,,2.413,33.66,13.45,,,,,,,,0.338,,489980000,2025-10-29,quarterly,8.81,USD,post-market,393823000,719001000,0.204,0.992,0.13,94.57,424922000,3429814000,29937000,737658000,931.36,1186.47,2.3229,9250720000,4377443000,1718243000,6562750000,4873277000,4844507000,2070627000,2669764000,40.16,None,1286.81,547.89
2025-12-28,KLAC,31.86,12524317000.0,40.16,None,1.437,37.91,,104407000,988348000,988348000,,,,,,,,,1999845000,160131000,None,942091000,942091000,221388000,None,250000000,1165256000,None,None,69436000,,7.2,0.0056,,,,0.208,0.2,309791000,379227000,8.61,2019-09-30,35.09,2263689000,7676811000.0,1128536000,377858000,1507000,1549201000,1549201000,None,0,None,1254240000,None,None,3174130000,None,None,380452000,None,None,None,0.417,,818745000,309791000,184731000,727557000,None,744033000,None,,,,,2.413,33.66,13.45,,,,,,,,0.338,,475210000,2025-10-29,quarterly,8.81,USD,post-market,393823000,733173000,0.204,0.992,0.13,94.57,424922000,3528537000,278855000,763174000,931.36,1186.47,2.3229,9229399000,4355749000,1943447000,6549780000,4873650000,4606333000,2070627000,2661163000,40.16,None,1286.81,547.89
2025-12-28,KLAC,31.86,12524317000.0,40.16,None,1.437,37.91,,None,1015994000,1015994000,,,,,,,,,159000,161937000,None,942091000,942091000,202416000,None,249999000,1084128000,None,None,69436000,,7.2,0.0056,,,,0.208,0.2,309791000,379227000,8.61,2019-06-30,35.09,2211858000,7676811000.0,1128536000,377858000,1507000,1560670000,1560670000,None,0,None,1262500000,None,None,3173383000,None,None,380452000,None,None,None,0.417,,818745000,309791000,229062000,670027000,None,686669000,None,,,,,2.413,33.66,13.45,,,,,,,,0.338,,448799000,2025-10-29,quarterly,8.81,USD,post-market,393823000,714825000,0.204,0.992,0.13,94.57,424922000,3423382000,249999000,723391000,931.36,1186.47,2.3229,9008516000,4315075000,1768486000,6330823000,4693441000,4562337000,2070627000,2659108000,40.16,None,1286.81,547.89
2025-12-28,KLAC,31.86,12524317000.0,40.16,None,1.437,37.91,,None,1092163000,1092163000,,,,,,,,,1989914000,157182000,None,942091000,942091000,206248000,None,249997000,1049539000,None,None,69436000,,7.2,0.0056,,,,0.208,0.2,309791000,379227000,8.61,2019-03-31,35.09,2172902000,7676811000.0,1128536000,377858000,1507000,1694313000,1694313000,None,0,None,1317260000,None,None,3172649000,None,None,380452000,None,None,None,0.417,,818745000,309791000,178561000,678241000,None,666209000,None,,,,,2.413,33.66,13.45,,,,,,,,0.338,,411852000,2025-10-29,quarterly,8.81,USD,post-market,393823000,928086000,0.204,0.992,0.13,94.57,424922000,3422646000,249997000,805105000,931.36,1186.47,2.3229,9187605000,4442628000,1700856000,6302017000,4744977000,4601161000,2070627000,2849093000,40.16,None,1286.81,547.89
2025-12-28,KLAC,31.86,12524317000.0,40.16,None,1.437,37.91,,None,1793982000,1793982000,,,,,,,,,619265000,152648000,None,942091000,942091000,152491000,None,249996000,681396000,None,None,69436000,,7.2,0.0056,,,,0.208,0.2,309791000,379227000,8.61,2018-12-31,35.09,360480000,7676811000.0,1128536000,377858000,1507000,23818000,23818000,None,0,None,1005990000,None,None,1988382000,None,None,380452000,None,None,None,0.417,,818745000,309791000,104034000,537312000,None,536745000,None,,,,,2.413,33.66,13.45,,,,,,,,0.338,,306351000,2025-10-29,quarterly,8.81,USD,post-market,393823000,1048804000,0.204,0.992,0.13,94.57,424922000,2238378000,249996000,900112000,931.36,1186.47,2.3229,5605287000,4485514000,1482538000,4007665000,1119773000,2525127000,2070627000,1597622000,40.16,None,1286.81,547.89
2025-12-28,KLAC,31.86,12524317000.0,40.16,None,1.437,37.91,,None,1649514000,1649514000,,,,,,,,,596166000,156083000,None,942091000,942091000,154930000,None,None,617583000,None,None,69436000,,7.2,0.0056,,,,0.208,0.2,309791000,379227000,8.61,2018-09-30,35.09,360428000,7676811000.0,1128536000,377858000,1507000,25129000,25129000,None,0,None,993527000,None,None,2237890000,None,None,380452000,None,None,None,0.417,,818745000,309791000,129626000,583842000,None,528920000,None,,,,,2.413,33.66,13.45,,,,,,,,0.338,,291232000,2025-10-29,quarterly,8.81,USD,post-market,393823000,1027370000,0.204,0.992,0.13,94.57,424922000,2237890000,None,1130794000,931.36,1186.47,2.3229,5645109000,4521044000,1310930000,4077740000,1124065000,2766810000,2070627000,1567369000,40.16,0,1286.81,547.89
2025-12-28,KLAC,31.86,12524317000.0,40.16,None,1.437,37.91,,None,2880318000,2880318000,,,,,,,,,617999000,156822000,None,942091000,942091000,169354000,None,2237402000,651678000,None,None,69436000,,7.2,0.0056,,,,0.208,0.2,309791000,379227000,8.61,2018-06-30,35.09,354698000,7676811000.0,1128536000,377858000,1507000,19333000,19333000,None,0,None,931845000,None,None,2237402000,None,None,380452000,None,None,None,0.417,,818745000,309791000,85159000,699893000,None,471363000,None,,,,,2.413,33.66,13.45,,,,,,,,0.338,,286306000,2025-10-29,quarterly,8.81,USD,post-market,393823000,1056445000,0.204,0.992,0.13,94.57,424922000,2237402000,2237402000,1475936000,931.36,1186.47,2.3229,5619356000,4549000000,1218083000,3998845000,1070356000,2780762000,2070627000,1620511000,40.16,0,1286.81,547.89
2025-12-28,KLAC,31.86,12524317000.0,40.16,None,1.437,37.91,,None,2889982000,2889982000,,,,,,,,,561677000,157201000,None,942091000,942091000,169459000,None,2461914000,660455000,None,None,69436000,,7.2,0.0056,,,,0.208,0.2,309791000,379227000,8.61,2018-03-31,35.09,349998000,7676811000.0,1128536000,377858000,1507000,15376000,15376000,None,0,None,858924000,None,None,2461914000,None,None,380452000,None,None,None,0.417,,818745000,309791000,131153000,716693000,None,494758000,None,,,,,2.413,33.66,13.45,,,,,,,,0.338,,284496000,2025-10-29,quarterly,8.81,USD,post-market,393823000,862743000,0.204,0.992,0.13,94.57,424922000,2461914000,2461914000,1634300000,931.36,1186.47,2.3229,5598184000,4540514000,1200435000,4228041000,1057670000,3027606000,2070627000,1370143000,40.16,0,1286.81,547.89
2025-12-28,KLAC,31.86,12524317000.0,40.16,None,1.437,37.91,,None,2758190000,2758190000,,,,,,,,,548691000,156587000,None,942091000,942091000,149844000,None,2486426000,740903000,None,None,69436000,,7.2,0.0056,,,,0.208,0.2,309791000,379227000,8.61,2017-12-31,35.09,350023000,7676811000.0,1128536000,377858000,1507000,16563000,16563000,None,0,None,787971000,None,None,2486426000,None,None,380452000,None,None,None,0.417,,818745000,309791000,66929000,703619000,None,460742000,None,,,,,2.413,33.66,13.45,,,,,,,,0.338,,281634000,2025-10-29,quarterly,8.81,USD,post-market,393823000,729456000,0.204,0.992,0.13,94.57,424922000,2486426000,2486426000,1684796000,931.36,1186.47,2.3229,5407268000,4353993000,1166548000,4181643000,1053275000,3015095000,2070627000,1225625000,40.16,0,1286.81,547.89
2025-12-28,KLAC,31.86,12524317000.0,40.16,None,1.437,37.91,,None,1320697000,1320697000,,,,,,,,,518223000,157846000,None,942091000,942091000,138657000,None,249996000,687078000,None,None,69436000,,7.2,0.0056,,,,0.208,0.2,309791000,379227000,8.61,2017-09-30,35.09,349678000,7676811000.0,1128536000,377858000,1507000,17763000,17763000,None,0,None,762401000,None,None,2524842000,None,None,380452000,None,None,None,0.417,,818745000,309791000,53533000,649376000,None,175104000,None,,,,,2.413,33.66,13.45,,,,,,,,0.338,,279872000,2025-10-29,quarterly,8.81,USD,post-market,393823000,996514000,0.204,0.992,0.13,94.57,424922000,2774838000,249996000,1735787000,931.36,1186.47,2.3229,5690398000,4559496000,1466040000,4226442000,1130902000,2760402000,2070627000,1463956000,40.16,0,1286.81,547.89
2025-12-28,KLAC,31.86,12524317000.0,40.16,None,1.437,37.91,,None,1153051000,1153051000,,,,,,,,,157000,157931000,None,942091000,942091000,147380000,None,249983000,571117000,None,None,69436000,,7.2,0.0056,,,,0.208,0.2,309791000,379227000,8.61,2017-06-30,35.09,349526000,7676811000.0,1128536000,377858000,1507000,18963000,18963000,None,0,None,732988000,None,None,2680474000,None,None,380452000,None,None,None,0.417,,818745000,309791000,71221000,537203000,None,172407000,None,,,,,2.413,33.66,13.45,,,,,,,,0.338,,283975000,2025-10-29,quarterly,8.81,USD,post-market,393823000,848457000,0.204,0.992,0.13,94.57,424922000,2930457000,249983000,1863689000,931.36,1186.47,2.3229,5532173000,4392066000,1293162000,4205756000,1140107000,2912594000,2070627000,1326417000,40.16,0,1286.81,547.89
2025-12-28,KLAC,31.86,12524317000.0,40.16,None,1.437,37.91,,None,955807000,955807000,,,,,,,,,493899000,157746000,None,942091000,942091000,139452000,None,249971000,805182000,None,None,69436000,,7.2,0.0056,,,,0.208,0.2,309791000,379227000,8.61,2017-03-31,35.09,335236000,7676811000.0,1128536000,377858000,1507000,2038000,2038000,None,0,None,696784000,None,None,2704856000,None,None,380452000,None,None,None,0.417,,818745000,309791000,47850000,514441000,None,160576000,None,,,,,2.413,33.66,13.45,,,,,,,,0.338,,285740000,2025-10-29,quarterly,8.81,USD,post-market,393823000,702297000,0.204,0.992,0.13,94.57,424922000,2954827000,249971000,1747707000,931.36,1186.47,2.3229,5324445000,4253330000,1249186000,4177133000,1071115000,2927947000,2070627000,1147312000,40.16,0,1286.81,547.89
2025-12-28,KLAC,31.86,12524317000.0,40.16,None,1.437,37.91,,None,937033000,937033000,,,,,,,,,483077000,157123000,None,942091000,942091000,116163000,None,249958000,711510000,None,None,69436000,,7.2,0.0056,,,,0.208,0.2,309791000,379227000,8.61,2016-12-31,35.09,335170000,7676811000.0,1128536000,377858000,1507000,2551000,2551000,None,0,None,671172000,None,None,2729239000,None,None,380452000,None,None,None,0.417,,818745000,309791000,55980000,468181000,None,149766000,None,,,,,2.413,33.66,13.45,,,,,,,,0.338,,279966000,2025-10-29,quarterly,8.81,USD,post-market,393823000,534175000,0.204,0.992,0.13,94.57,424922000,2979197000,249958000,1655944000,931.36,1186.47,2.3229,5094456000,4031639000,1187736000,4129360000,1062817000,2941624000,2070627000,965096000,40.16,0,1286.81,547.89
2025-12-28,KLAC,31.86,12524317000.0,40.16,None,1.437,37.91,,None,966325000,966325000,,,,,,,,,447018000,157021000,None,942091000,942091000,105066000,None,249958000,684452000,None,None,69436000,,7.2,0.0056,,,,0.208,0.2,309791000,379227000,8.61,2016-09-30,35.09,335198000,7676811000.0,1128536000,377858000,1507000,3065000,3065000,None,0,None,703262000,None,None,3018567000,None,None,380452000,None,None,None,0.417,,818745000,309791000,8716000,526947000,None,161002000,None,,,,,2.413,33.66,13.45,,,,,,,,0.338,,272351000,2025-10-29,quarterly,8.81,USD,post-market,393823000,381124000,0.204,0.992,0.13,94.57,424922000,3040080000,21513000,1528296000,931.36,1186.47,2.3229,4996098000,3929162000,974741000,4214589000,1066936000,3239848000,2070627000,781509000,40.16,0,1286.81,547.89
2025-12-28,KLAC,31.86,12524317000.0,40.16,None,1.437,37.91,,None,2491294000,2491294000,,,,,,,,,452974000,156618000,None,942091000,942091000,106517000,None,3057936000,613233000,None,None,69436000,,7.2,0.0056,,,,0.208,0.2,309791000,379227000,8.61,2016-06-30,35.09,335177000,7676811000.0,1128536000,377858000,1507000,4331000,4331000,None,0,None,698635000,None,None,3057936000,None,None,380452000,None,None,None,0.417,,818745000,309791000,64870000,662208000,None,156623000,None,,,,,2.413,33.66,13.45,,,,,,,,0.338,,278014000,2025-10-29,quarterly,8.81,USD,post-market,393823000,284825000,0.204,0.992,0.13,94.57,424922000,3057936000,3057936000,1382806000,931.36,1186.47,2.3229,4962432000,3868032000,1002423000,4273318000,1094400000,3270895000,2070627000,689114000,40.16,0,1286.81,547.89
2025-12-28,KLAC,31.86,12524317000.0,40.16,None,1.437,37.91,,None,925974000,925974000,,,,,,,,,424474000,156429000,None,942091000,942091000,126322000,None,None,679293000,None,None,69436000,,7.2,0.0056,,,,0.208,0.2,309791000,379227000,8.61,2016-03-31,35.09,335205000,7676811000.0,1128536000,377858000,1507000,5625000,5625000,None,0,None,721493000,None,None,3097306000,None,None,380452000,None,None,None,0.417,,818745000,309791000,8397000,503121000,None,159467000,None,,,,,2.413,33.66,13.45,,,,,,,,0.338,,287874000,2025-10-29,quarterly,8.81,USD,post-market,393823000,95121000,0.204,0.992,0.13,94.57,424922000,3117221000,19915000,1315336000,931.36,1186.47,2.3229,4782102000,3906473000,997692000,4305530000,875629000,3307838000,2070627000,476572000,40.16,0,1286.81,547.89
2025-12-28,KLAC,31.86,12524317000.0,40.16,None,1.437,37.91,,None,886591000,886591000,,,,,,,,,416144000,155996000,None,942091000,942091000,122314000,None,None,488244000,None,None,69436000,,7.2,0.0056,,,,0.208,0.2,309791000,379227000,8.61,2015-12-31,35.09,335205000,7676811000.0,1128536000,377858000,1507000,6934000,6934000,None,0,None,691786000,None,None,3131676000,None,None,380452000,None,None,None,0.417,,818745000,309791000,7152000,432436000,None,167525000,None,,,,,2.413,33.66,13.45,,,,,,,,0.338,,292393000,2025-10-29,quarterly,8.81,USD,post-market,393823000,0,0.204,0.992,0.13,94.57,424922000,3150556000,18880000,1354834000,931.36,1186.47,2.3229,4572516000,3684705000,858330000,4206891000,887811000,3348561000,2070627000,365625000,40.16,0,1286.81,547.89
2025-12-28,KLAC,31.86,12524317000.0,40.16,None,1.437,37.91,,None,763697000,763697000,,,,,,,,,385633000,157984000,None,942091000,942091000,107363000,None,None,475691000,None,None,69436000,,7.2,0.0056,,,,0.208,0.2,309791000,379227000,8.61,2015-09-30,35.09,335218000,7676811000.0,1128536000,377858000,1507000,8242000,8242000,None,0,None,650496000,None,None,3151046000,None,None,380452000,None,None,None,0.417,,818745000,309791000,279784000,499643000,None,165625000,None,,,,,2.413,33.66,13.45,,,,,,,,0.338,,302868000,2025-10-29,quarterly,8.81,USD,post-market,393823000,-45055000,0.204,0.992,0.13,94.57,424922000,3151046000,None,1505750000,931.36,1186.47,2.3229,4571323000,3675418000,915241000,4276882000,895905000,3361641000,2070627000,294441000,40.16,0,1286.81,547.89
2025-12-28,KLAC,31.86,12524317000.0,40.16,None,1.437,37.91,,None,838025000,838025000,,,,,,,,,158000,159965000,None,942091000,942091000,103342000,None,16981000,618344000,None,None,69436000,,7.2,0.0056,,,,0.208,0.2,309791000,379227000,8.61,2015-06-30,35.09,335263000,7676811000.0,1128536000,377858000,1507000,11895000,11895000,None,0,None,617904000,None,None,3173435000,None,None,380452000,None,None,None,0.417,,818745000,309791000,281217000,552620000,None,182230000,None,,,,,2.413,33.66,13.45,,,,,,,,0.338,,314591000,2025-10-29,quarterly,8.81,USD,post-market,393823000,-12362000,0.204,0.992,0.13,94.57,424922000,3190416000,16981000,1549086000,931.36,1186.47,2.3229,4826012000,3904576000,1001763000,4404573000,921436000,3402810000,2070627000,421439000,40.16,0,1286.81,547.89
2025-12-28,KLAC,31.86,12524317000.0,40.16,None,1.437,37.91,,None,621892000,621892000,,,,,,,,,534330000,162794000,None,942091000,942091000,103189000,None,None,701482000,None,None,69436000,,7.2,0.0056,,,,0.208,0.2,309791000,379227000,8.61,2015-03-31,35.09,335291000,7676811000.0,1128536000,377858000,1507000,15548000,15548000,None,0,None,632353000,None,None,3199299000,None,None,380452000,None,None,None,0.417,,818745000,309791000,293491000,526853000,None,179865000,None,,,,,2.413,33.66,13.45,,,,,,,,0.338,,321081000,2025-10-29,quarterly,8.81,USD,post-market,393823000,-2582000,0.204,0.992,0.13,94.57,424922000,3236799000,37500000,1717893000,931.36,1186.47,2.3229,4902220000,3967111000,976615000,4408279000,935109000,3431664000,2070627000,493941000,40.16,0,1286.81,547.89
2025-12-28,KLAC,31.86,12524317000.0,40.16,None,1.437,37.91,,None,584865000,584865000,,,,,,,,,613122000,165317000,None,942091000,942091000,108307000,None,None,698834000,None,None,69436000,,7.2,0.0056,,,,0.208,0.2,309791000,379227000,8.61,2014-12-31,35.09,335273000,7676811000.0,1128536000,377858000,1507000,19551000,19551000,None,0,None,662799000,None,None,3208571000,None,None,380452000,None,None,None,0.417,,818745000,309791000,317782000,457631000,None,179416000,None,,,,,2.413,33.66,13.45,,,,,,,,0.338,,323353000,2025-10-29,quarterly,8.81,USD,post-market,393823000,24770000,0.204,0.992,0.13,94.57,424922000,3246071000,37500000,1781968000,931.36,1186.47,2.3229,4987366000,4046248000,942340000,4385227000,941118000,3442887000,2070627000,602139000,40.16,0,1286.81,547.89
2025-12-28,KLAC,31.86,12524317000.0,40.16,None,1.437,37.91,,None,669683000,669683000,,,,,,,,,1235986000,166580000,None,942091000,942091000,108287000,None,None,468896000,None,None,69436000,,7.2,0.0056,,,,0.208,0.2,309791000,379227000,8.61,2014-09-30,35.09,335315000,7676811000.0,1128536000,377858000,1507000,23624000,23624000,None,0,None,676241000,None,None,748054000,None,None,380452000,None,None,None,0.417,,818745000,309791000,280908000,538122000,None,162958000,None,,,,,2.413,33.66,13.45,,,,,,,,0.338,,329959000,2025-10-29,quarterly,8.81,USD,post-market,393823000,2329936000,0.204,0.992,0.13,94.57,424922000,748054000,None,2272809000,931.36,1186.47,2.3229,5301572000,4368537000,804837000,1771852000,933035000,967015000,2070627000,3529720000,40.16,0,1286.81,547.89
2025-12-28,KLAC,31.86,12524317000.0,40.16,None,1.437,37.91,,None,3152637000,3152637000,,,,,,,,,1220504000,167345000,None,942091000,942091000,103422000,None,745101000,492863000,None,None,69436000,,7.2,0.0056,,,,0.208,0.2,309791000,379227000,8.61,2014-06-30,35.09,335355000,7676811000.0,1128536000,377858000,1507000,27697000,27697000,None,0,None,656457000,None,None,747919000,None,None,380452000,None,None,None,0.417,,818745000,309791000,284873000,585090000,None,168288000,None,,,,,2.413,33.66,13.45,,,,,,,,0.338,,330263000,2025-10-29,quarterly,8.81,USD,post-market,393823000,2479113000,0.204,0.992,0.13,94.57,424922000,1493020000,745101000,2521776000,931.36,1186.47,2.3229,5538664000,4586830000,895611000,1869318000,951834000,973707000,2070627000,3669346000,40.16,0,1286.81,547.89
2025-12-28,KLAC,31.86,12524317000.0,40.16,None,1.437,37.91,,None,776223000,776223000,,,,,,,,,1206377000,167989000,None,942091000,942091000,120771000,None,None,557661000,None,None,69436000,,7.2,0.0056,,,,0.208,0.2,309791000,379227000,8.61,2014-03-31,35.09,335246000,7676811000.0,1128536000,377858000,1507000,31988000,31988000,None,0,None,680919000,None,None,747783000,None,None,380452000,None,None,None,0.417,,818745000,309791000,276925000,537680000,None,153675000,None,,,,,2.413,33.66,13.45,,,,,,,,0.338,,326049000,2025-10-29,quarterly,8.81,USD,post-market,393823000,2464901000,0.204,0.992,0.13,94.57,424922000,747783000,None,2250601000,931.36,1186.47,2.3229,5486851000,4542329000,887647000,1846923000,944522000,959276000,2070627000,3639928000,40.16,0,1286.81,547.89
2025-12-28,KLAC,31.86,12524317000.0,40.16,None,1.437,37.91,,None,793382000,793382000,,,,,,,,,1193654000,168206000,None,942091000,942091000,141545000,None,None,573077000,None,None,69436000,,7.2,0.0056,,,,0.208,0.2,309791000,379227000,8.61,2013-12-31,35.09,326578000,7676811000.0,1128536000,377858000,1507000,26098000,26098000,None,0,None,663040000,None,None,747647000,None,None,380452000,None,None,None,0.417,,818745000,309791000,320756000,481657000,None,156228000,None,,,,,2.413,33.66,13.45,,,,,,,,0.338,,325856000,2025-10-29,quarterly,8.81,USD,post-market,393823000,2386801000,0.204,0.992,0.13,94.57,424922000,747647000,None,2157279000,931.36,1186.47,2.3229,5440734000,4507534000,927999000,1890527000,933200000,962528000,2070627000,3550207000,40.16,0,1286.81,547.89
2025-12-28,KLAC,31.86,12524317000.0,40.16,None,1.437,37.91,,None,904949000,904949000,,,,,,,,,1178784000,168734000,None,942091000,942091000,114716000,None,None,440674000,None,None,69436000,,7.2,0.0056,,,,0.208,0.2,309791000,379227000,8.61,2013-09-30,35.09,326556000,7676811000.0,1128536000,377858000,1507000,30022000,30022000,None,0,None,660276000,None,None,747511000,None,None,380452000,None,None,None,0.417,,818745000,309791000,301913000,485959000,None,154850000,None,,,,,2.413,33.66,13.45,,,,,,,,0.338,,319837000,2025-10-29,quarterly,8.81,USD,post-market,393823000,2344270000,0.204,0.992,0.13,94.57,424922000,747511000,None,2046926000,931.36,1186.47,2.3229,5283552000,4354738000,835110000,1792389000,928814000,957279000,2070627000,3491163000,40.16,0,1286.81,547.89
2025-12-28,KLAC,31.86,12524317000.0,40.16,None,1.437,37.91,,None,985390000,985390000,,,,,,,,,165000,168685000,None,942091000,942091000,115680000,None,None,550435000,None,None,69436000,,7.2,0.0056,,,,0.208,0.2,309791000,379227000,8.61,2013-06-30,35.09,326635000,7676811000.0,1128536000,377858000,1507000,34515000,34515000,None,0,None,634448000,None,None,747376000,None,None,380452000,None,None,None,0.417,,818745000,309791000,247739000,515973000,None,154069000,None,,,,,2.413,33.66,13.45,,,,,,,,0.338,,305281000,2025-10-29,quarterly,8.81,USD,post-market,393823000,2359233000,0.204,0.992,0.13,94.57,424922000,747376000,None,1933491000,931.36,1186.47,2.3229,5287357000,4351503000,861532000,1805205000,935854000,943673000,2070627000,3482152000,40.16,0,1286.81,547.89
2025-12-28,KLAC,31.86,12524317000.0,40.16,None,1.437,37.91,,None,934201000,934201000,,,,,,,,,1141959000,169180000,None,942091000,942091000,107753000,None,None,454224000,None,None,69436000,,7.2,0.0056,,,,0.208,0.2,309791000,379227000,8.61,2013-03-31,35.09,326792000,7676811000.0,1128536000,377858000,1507000,39008000,39008000,None,0,None,649822000,None,None,747240000,None,None,380452000,None,None,None,0.417,,818745000,309791000,280107000,502155000,None,148521000,None,,,,,2.413,33.66,13.45,,,,,,,,0.338,,298617000,2025-10-29,quarterly,8.81,USD,post-market,393823000,2329251000,0.204,0.992,0.13,94.57,424922000,747240000,None,1945302000,931.36,1186.47,2.3229,5194473000,4263656000,820008000,1748090000,930817000,928082000,2070627000,3446383000,40.16,0,1286.81,547.89
2025-12-28,KLAC,31.86,12524317000.0,40.16,None,1.437,37.91,,None,767313000,767313000,,,,,,,,,1123422000,169076000,None,942091000,942091000,103575000,None,None,665700000,None,None,69436000,,7.2,0.0056,,,,0.208,0.2,309791000,379227000,8.61,2012-12-31,35.09,326779000,7676811000.0,1128536000,377858000,1507000,43514000,43514000,None,0,None,662735000,None,None,747104000,None,None,380452000,None,None,None,0.417,,818745000,309791000,229612000,456597000,None,147044000,None,,,,,2.413,33.66,13.45,,,,,,,,0.338,,292394000,2025-10-29,quarterly,8.81,USD,post-market,393823000,2252772000,0.204,0.992,0.13,94.57,424922000,747104000,None,1810940000,931.36,1186.47,2.3229,5068763000,4136300000,781737000,1707627000,932463000,925890000,2070627000,3361136000,40.16,0,1286.81,547.89
2025-12-28,KLAC,31.86,12524317000.0,40.16,None,1.437,37.91,,None,709942000,709942000,,,,,,,,,1108465000,169824000,None,942091000,942091000,116247000,None,None,588882000,None,None,69436000,,7.2,0.0056,,,,0.208,0.2,309791000,379227000,8.61,2012-09-30,35.09,326848000,7676811000.0,1128536000,377858000,1507000,48081000,48081000,None,0,None,689713000,None,None,746968000,None,None,380452000,None,None,None,0.417,,818745000,309791000,224285000,459756000,None,143280000,None,,,,,2.413,33.66,13.45,,,,,,,,0.338,,288876000,2025-10-29,quarterly,8.81,USD,post-market,393823000,2256958000,0.204,0.992,0.13,94.57,424922000,746968000,None,1928135000,931.36,1186.47,2.3229,5065476000,4140957000,787101000,1713164000,924519000,926063000,2070627000,3352312000,40.16,0,1286.81,547.89
2025-12-28,KLAC,31.86,12524317000.0,40.16,None,1.437,37.91,,None,751294000,751294000,,,,,,,,,167000,170178000,None,942091000,942091000,139183000,None,None,724223000,None,None,69436000,,7.2,0.0056,,,,0.208,0.2,309791000,379227000,8.61,2012-06-30,35.09,327716000,7676811000.0,1128536000,377858000,1507000,55636000,55636000,None,0,None,650802000,None,None,746833000,None,None,380452000,None,None,None,0.417,,818745000,309791000,254574000,462572000,None,140074000,None,,,,,2.413,33.66,13.45,,,,,,,,0.338,,277686000,2025-10-29,quarterly,8.81,USD,post-market,393823000,2247258000,0.204,0.992,0.13,94.57,424922000,746833000,None,1783150000,931.36,1186.47,2.3229,5100308000,4164043000,862907000,1784713000,936265000,921806000,2070627000,3315595000,40.16,0,1286.81,547.89
2025-12-28,KLAC,31.86,12524317000.0,40.16,None,1.437,37.91,,None,763913000,763913000,,,,,,,,,1091504000,170146000,None,942091000,942091000,139371000,None,None,638375000,None,None,69436000,,7.2,0.0056,,,,0.208,0.2,309791000,379227000,8.61,2012-03-31,35.09,327887000,7676811000.0,1128536000,377858000,1507000,62897000,62897000,None,0,None,650476000,None,None,746697000,None,None,380452000,None,None,None,0.417,,818745000,309791000,2698476000,491933000,None,120471000,None,,,,,2.413,33.66,13.45,,,,,,,,0.338,,270171000,2025-10-29,quarterly,8.81,USD,post-market,393823000,2075218000,0.204,0.992,0.13,94.57,424922000,804050000,57353000,1605825000,931.36,1186.47,2.3229,4933204000,3987327000,872355000,1774439000,945877000,902084000,2070627000,3158765000,40.16,0,1286.81,547.89
2025-12-28,KLAC,31.86,12524317000.0,40.16,None,1.437,37.91,,None,824986000,824986000,,,,,,,,,1050788000,169103000,None,942091000,942091000,129064000,None,None,544098000,None,None,69436000,,7.2,0.0056,,,,0.208,0.2,309791000,379227000,8.61,2011-12-31,35.09,327813000,7676811000.0,1128536000,377858000,1507000,70218000,70218000,None,0,None,639641000,None,None,746561000,None,None,380452000,None,None,None,0.417,,818745000,309791000,2565320000,462033000,None,119094000,None,,,,,2.413,33.66,13.45,,,,,,,,0.338,,267629000,2025-10-29,quarterly,8.81,USD,post-market,393823000,1928396000,0.204,0.992,0.13,94.57,424922000,794726000,48165000,1351659000,931.36,1186.47,2.3229,4700988000,3749059000,829980000,1732516000,951929000,902536000,2070627000,2968472000,40.16,0,1286.81,547.89
2025-12-28,KLAC,31.86,12524317000.0,40.16,None,1.437,37.91,,None,745947000,745947000,,,,,,,,,1031157000,169835000,None,942091000,942091000,114575000,None,None,520506000,None,None,69436000,,7.2,0.0056,,,,0.208,0.2,309791000,379227000,8.61,2011-09-30,35.09,327971000,7676811000.0,1128536000,377858000,1507000,77949000,77949000,None,0,None,612603000,None,None,746425000,None,None,380452000,None,None,None,0.417,,818745000,309791000,363659000,471209000,None,111221000,None,,,,,2.413,33.66,13.45,,,,,,,,0.338,,264279000,2025-10-29,quarterly,8.81,USD,post-market,393823000,1910403000,0.204,0.992,0.13,94.57,424922000,746425000,None,1354204000,931.36,1186.47,2.3229,4565317000,3596919000,734219000,1630722000,968398000,896503000,2070627000,2934595000,40.16,0,1286.81,547.89
2025-12-28,KLAC,31.86,12524317000.0,40.16,None,1.437,37.91,,None,711329000,711329000,,,,,,,,,1010659000,170884000,None,942091000,942091000,142945000,None,None,583270000,None,None,69436000,,7.2,0.0056,,,,0.208,0.2,309791000,379227000,8.61,2011-06-30,35.09,328156000,7676811000.0,1128536000,377858000,1507000,85902000,85902000,None,0,None,575730000,None,None,746290000,None,None,380452000,None,None,None,0.417,,818745000,309791000,2517010000,502471000,None,151415000,None,,,,,2.413,33.66,13.45,,,,,,,,0.338,,257358000,2025-10-29,quarterly,8.81,USD,post-market,393823000,1852633000,0.204,0.992,0.13,94.57,424922000,790554000,44264000,1327206000,931.36,1186.47,2.3229,4675521000,3676010000,882018000,1814628000,999511000,932610000,2070627000,2860893000,40.16,0,1286.81,547.89
2025-12-28,KLAC,31.86,12524317000.0,40.16,None,1.437,37.91,,None,638758000,638758000,,,,,,,,,1006949000,171313000,None,942091000,942091000,142126000,None,None,655928000,None,None,69436000,,7.2,0.0056,,,,0.208,0.2,309791000,379227000,8.61,2011-03-31,35.09,328159000,7676811000.0,1128536000,377858000,1507000,93855000,93855000,None,0,None,556798000,None,None,746154000,None,None,380452000,None,None,None,0.417,,818745000,309791000,378591000,463569000,None,138371000,None,,,,,2.413,33.66,13.45,,,,,,,,0.338,,250571000,2025-10-29,quarterly,8.81,USD,post-market,393823000,1674589000,0.204,0.992,0.13,94.57,424922000,746154000,None,1200816000,931.36,1186.47,2.3229,4449343000,3430891000,856737000,1776326000,1018452000,919589000,2070627000,2673017000,40.16,0,1286.81,547.89
2025-12-28,KLAC,31.86,12524317000.0,40.16,None,1.437,37.91,,None,596104000,596104000,,,,,,,,,972870000,169513000,None,942091000,942091000,123166000,None,None,531453000,None,None,69436000,,7.2,0.0056,,,,0.208,0.2,309791000,379227000,8.61,2010-12-31,35.09,328147000,7676811000.0,1128536000,377858000,1507000,101900000,101900000,None,0,None,504697000,None,None,746018000,None,None,380452000,None,None,None,0.417,,818745000,309791000,453761000,637578000,None,133889000,None,,,,,2.413,33.66,13.45,,,,,,,,0.338,,249468000,2025-10-29,quarterly,8.81,USD,post-market,393823000,1506747000,0.204,0.992,0.13,94.57,424922000,746018000,None,1040296000,931.36,1186.47,2.3229,4168461000,3126311000,793937000,1702227000,1042150000,908290000,2070627000,2466234000,40.16,0,1286.81,547.89
2025-12-28,KLAC,31.86,12524317000.0,40.16,None,1.437,37.91,,None,538384000,538384000,,,,,,,,,953437000,169839000,None,942091000,942091000,138226000,None,None,547956000,None,None,69436000,,7.2,0.0056,,,,0.208,0.2,309791000,379227000,8.61,2010-09-30,35.09,328126000,7676811000.0,1128536000,377858000,1507000,108908000,108908000,None,0,None,464242000,None,None,745882000,None,None,380452000,None,None,None,0.417,,818745000,309791000,402171000,359691000,None,130984000,None,,,,,2.413,33.66,13.45,,,,,,,,0.338,,247380000,2025-10-29,quarterly,8.81,USD,post-market,393823000,1402931000,0.204,0.992,0.13,94.57,424922000,745882000,None,980608000,931.36,1186.47,2.3229,4002865000,2933361000,763618000,1661608000,1069504000,897990000,2070627000,2341257000,40.16,None,1286.81,547.89
2025-12-28,KLAC,31.86,12524317000.0,40.16,None,1.437,37.91,,None,529918000,529918000,,,,,,,,,168000,167187000,None,942091000,942091000,107938000,None,None,488059000,None,None,69436000,,7.2,0.0056,,,,0.208,0.2,309791000,379227000,8.61,2010-06-30,35.09,328006000,7676811000.0,1128536000,377858000,1507000,117336000,117336000,None,0,None,401730000,None,None,745747000,None,None,380452000,None,None,None,0.417,,818745000,309791000,411632000,405593000,None,None,None,,,,,2.413,33.66,13.45,,,,,,,,0.338,,236752000,2025-10-29,quarterly,8.81,USD,post-market,393823000,1356454000,0.204,0.992,0.13,94.57,424922000,745747000,None,1004126000,931.36,1186.47,2.3229,3907056000,2835465000,771787000,1660445000,1071591000,888658000,2070627000,2246611000,40.16,None,1286.81,547.89
2025-12-28,KLAC,31.86,12524317000.0,40.16,None,1.437,37.91,,None,543505000,543505000,,,,,,,,,898155000,173357000,None,942091000,942091000,91645000,None,None,394661000,None,None,69436000,,7.2,0.0056,,,,0.208,0.2,309791000,379227000,8.61,2010-03-31,35.09,328177000,7676811000.0,1128536000,377858000,1507000,125854000,125854000,None,0,None,374435000,None,None,745611000,None,None,380452000,None,None,None,0.417,,818745000,309791000,352947000,548209000,None,None,None,,,,,2.413,33.66,13.45,,,,,,,,0.338,,243758000,2025-10-29,quarterly,8.81,USD,post-market,393823000,1339010000,0.204,0.992,0.13,94.57,424922000,745611000,166956000,1010019000,931.36,1186.47,2.3229,3789845000,2675567000,686762000,1570821000,1114278000,884059000,2070627000,2219024000,40.16,None,1286.81,547.89
2025-12-28,KLAC,31.86,12524317000.0,40.16,None,1.437,37.91,,None,531444000,531444000,,,,,,,,,886860000,173808000,None,942091000,942091000,87632000,None,None,298071000,None,None,69436000,,7.2,0.0056,,,,0.208,0.2,309791000,379227000,8.61,2009-12-31,35.09,333984000,7676811000.0,1128536000,377858000,1507000,132462000,132462000,None,0,None,352241000,None,None,745475000,None,None,380452000,None,None,None,0.417,,818745000,309791000,414605000,486662000,None,None,None,,,,,2.413,33.66,13.45,,,,,,,,0.338,,261942000,2025-10-29,quarterly,8.81,USD,post-market,393823000,1357049000,0.204,0.992,0.13,94.57,424922000,745475000,108767000,990900000,931.36,1186.47,2.3229,3725741000,2587261000,613105000,1498807000,1138480000,885702000,2070627000,2226934000,40.16,None,1286.81,547.89
2025-12-28,KLAC,31.86,12524317000.0,40.16,None,1.437,37.91,,None,540839000,540839000,,,,,,,,,855830000,172718000,None,942091000,942091000,75561000,None,None,243924000,None,None,69436000,,7.2,0.0056,,,,0.208,0.2,309791000,379227000,8.61,2009-09-30,35.09,338318000,7676811000.0,1128536000,377858000,1507000,140879000,140879000,None,0,None,347199000,None,None,745339000,None,None,380452000,None,None,None,0.417,,818745000,309791000,503106000,470468000,None,None,None,,,,,2.413,33.66,13.45,,,,,,,,0.338,,283160000,2025-10-29,quarterly,8.81,USD,post-market,393823000,1360941000,0.204,0.992,0.13,94.57,424922000,745339000,114722000,846393000,931.36,1186.47,2.3229,3676270000,2481461000,605054000,1469874000,1194809000,864820000,2070627000,2206396000,40.16,None,1286.81,547.89
2025-12-28,KLAC,31.86,12524317000.0,40.16,None,1.437,37.91,,None,524967000,524967000,,,,,,,,,171000,170698000,None,942091000,942091000,63485000,None,None,210143000,None,None,69436000,,7.2,0.0056,,,,0.208,0.2,309791000,379227000,8.61,2009-06-30,35.09,329379000,7676811000.0,1128536000,377858000,1507000,149080000,149080000,None,0,None,370206000,None,None,745204000,None,None,380452000,None,None,None,0.417,,818745000,309791000,488384000,291703000,None,None,None,,,,,2.413,33.66,13.45,,,,,,,,0.338,,291878000,2025-10-29,quarterly,8.81,USD,post-market,393823000,1370132000,0.204,0.992,0.13,94.57,424922000,794942000,95820000,804917000,931.36,1186.47,2.3229,3609538000,2398617000,563983000,1425146000,1210921000,861163000,2070627000,2184392000,40.16,None,1286.81,547.89
2025-12-28,KLAC,31.86,12524317000.0,40.16,None,1.437,37.91,,None,664929000,664929000,,,,,,,,,809222000,169934000,None,942091000,942091000,56354000,None,None,241425000,None,None,69436000,,7.2,0.0056,,,,0.208,0.2,309791000,379227000,8.61,2009-03-31,35.09,321298000,7676811000.0,1128536000,377858000,1507000,152237000,152237000,None,0,None,411894000,None,None,745068000,None,None,380452000,None,None,None,0.417,,818745000,309791000,519629000,436172000,None,None,None,,,,,2.413,33.66,13.45,,,,,,,,0.338,,303303000,2025-10-29,quarterly,8.81,USD,post-market,393823000,1421999000,0.204,0.992,0.13,94.57,424922000,745068000,74188000,553714000,931.36,1186.47,2.3229,3636366000,2391591000,602827000,1466534000,1244775000,863707000,2070627000,2169832000,40.16,None,1286.81,547.89
2025-12-28,KLAC,31.86,12524317000.0,40.16,None,1.437,37.91,,None,656330000,656330000,,,,,,,,,786464000,169022000,None,942091000,942091000,103817000,None,None,332353000,None,None,69436000,,7.2,0.0056,,,,0.208,0.2,309791000,379227000,8.61,2008-12-31,35.09,337572000,7676811000.0,1128536000,377858000,1507000,162075000,162075000,None,0,None,472585000,None,None,744932000,None,None,380452000,None,None,None,0.417,,818745000,309791000,523775000,421433000,None,None,None,,,,,2.413,33.66,13.45,,,,,,,,0.338,,323020000,2025-10-29,quarterly,8.81,USD,post-market,393823000,1532417000,0.204,0.992,0.13,94.57,424922000,744932000,None,531607000,931.36,1186.47,2.3229,3856093000,2516650000,679632000,1568962000,1339443000,889330000,2070627000,2287131000,40.16,None,1286.81,547.89
2025-12-28,KLAC,31.86,12524317000.0,40.16,None,1.437,37.91,,None,733459000,733459000,,,,,,,,,763925000,174386000,None,942091000,942091000,102661000,None,None,370343000,None,None,69436000,,7.2,0.0056,,,,0.208,0.2,309791000,379227000,8.61,2008-09-30,35.09,612977000,7676811000.0,1128536000,377858000,1507000,359177000,359177000,None,0,None,503673000,None,None,744796000,None,None,380452000,None,None,None,0.417,,818745000,309791000,488094000,547700000,None,None,None,,,,,2.413,33.66,13.45,,,,,,,,0.338,,350700000,2025-10-29,quarterly,8.81,USD,post-market,393823000,2012838000,0.204,0.992,0.13,94.57,424922000,744796000,None,531633000,931.36,1186.47,2.3229,4482247000,2627202000,775586000,1721646000,1855045000,946060000,2070627000,2760601000,40.16,None,1286.81,547.89
2025-12-28,KLAC,31.86,12524317000.0,40.16,None,1.437,37.91,,None,1128106000,1128106000,,,,,,,,,174000,172088000,None,942091000,942091000,104315000,None,None,492488000,None,None,69436000,,7.2,0.0056,,,,0.208,0.2,309791000,379227000,8.61,2008-06-30,35.09,601882000,7676811000.0,1128536000,377858000,1507000,297778000,297778000,None,0,None,459449000,None,None,744661000,None,None,380452000,None,None,None,0.417,,818745000,309791000,546591000,574894000,None,None,None,,,,,2.413,33.66,13.45,,,,,,,,0.338,,355474000,2025-10-29,quarterly,8.81,USD,post-market,393823000,2204417000,0.204,0.992,0.13,94.57,424922000,744661000,273909000,409130000,931.36,1186.47,2.3229,4848390000,3035764000,950332000,1866660000,1812626000,916328000,2070627000,2981730000,40.16,None,1286.81,547.89
2025-12-28,KLAC,31.86,12524317000.0,40.16,None,1.437,37.91,,None,563482000,563482000,,,,,,,,,700028000,180617000,None,942091000,942091000,101239000,None,None,573284000,None,None,69436000,,7.2,0.0056,,,,0.208,0.2,309791000,379227000,8.61,2008-03-31,35.09,315617000,7676811000.0,1128536000,377858000,1507000,144937000,144937000,None,0,None,443710000,None,None,None,None,None,380452000,None,None,None,0.417,,818745000,309791000,1111834000,771522000,None,None,None,,,,,2.413,33.66,13.45,,,,,,,,0.338,,341186000,2025-10-29,quarterly,8.81,USD,post-market,393823000,2257049000,0.204,0.992,0.13,94.57,424922000,None,280847000,84392000,931.36,1186.47,2.3229,4111005000,2776702000,983898000,1121915000,1334303000,138017000,2070627000,2989090000,40.16,None,1286.81,547.89
2025-12-28,KLAC,31.86,12524317000.0,40.16,None,1.437,37.91,,None,547643000,547643000,,,,,,,,,674703000,185199000,None,942091000,942091000,114691000,None,None,578595000,None,None,69436000,,7.2,0.0056,,,,0.208,0.2,309791000,379227000,8.61,2007-12-31,35.09,310209000,7676811000.0,1128536000,377858000,1507000,153023000,153023000,None,0,None,482948000,None,None,None,None,None,380452000,None,None,None,0.417,,818745000,309791000,453563000,493394000,None,None,None,,,,,2.413,33.66,13.45,,,,,,,,0.338,,361725000,2025-10-29,quarterly,8.81,USD,post-market,393823000,2340557000,0.204,0.992,0.13,94.57,424922000,None,231648000,749561000,931.36,1186.47,2.3229,4153825000,2812310000,940892000,1110046000,1341515000,169154000,2070627000,3043779000,40.16,None,1286.81,547.89
2025-12-28,KLAC,31.86,12524317000.0,40.16,None,1.437,37.91,,None,514051000,514051000,,,,,,,,,651720000,193043000,None,942091000,942091000,119050000,None,None,618959000,None,None,69436000,,7.2,0.0056,,,,0.208,0.2,309791000,379227000,8.61,2007-09-30,35.09,311330000,7676811000.0,1128536000,377858000,1507000,167626000,167626000,None,0,None,500286000,None,None,None,None,None,380452000,None,None,None,0.417,,818745000,309791000,415428000,491096000,None,None,None,,,,,2.413,33.66,13.45,,,,,,,,0.338,,379189000,2025-10-29,quarterly,8.81,USD,post-market,393823000,2385949000,0.204,0.992,0.13,94.57,424922000,None,153383000,768882000,931.36,1186.47,2.3229,4192100000,2817606000,959824000,1134592000,1374494000,174768000,2070627000,3057508000,40.16,None,1286.81,547.89
2025-12-28,KLAC,31.86,12524317000.0,40.16,None,1.437,37.91,,None,722511000,722511000,,,,,,,,,191000,187789000,None,942091000,942091000,92165000,None,None,581500000,None,None,69436000,,7.2,0.0056,,,,0.208,0.2,309791000,379227000,8.61,2007-06-30,35.09,311856000,7676811000.0,1128536000,377858000,1507000,175432000,175432000,None,0,None,535370000,None,None,None,None,None,380452000,None,None,None,0.417,,818745000,309791000,425272000,659346000,None,None,None,,,,,2.413,33.66,13.45,,,,,,,,0.338,,382240000,2025-10-29,quarterly,8.81,USD,post-market,393823000,2570751000,0.204,0.992,0.13,94.57,424922000,None,195326000,988118000,931.36,1186.47,2.3229,4623249000,3252771000,1073207000,1073207000,1370478000,67600000,2070627000,3550042000,40.16,None,1286.81,547.89
2025-12-28,KLAC,31.86,12524317000.0,40.16,None,1.437,37.91,,None,604416000,604416000,,,,,,,,,844891000,203474000,None,942091000,942091000,93805000,None,None,499298000,None,None,69436000,,7.2,0.0056,,,,0.208,0.2,309791000,379227000,8.61,2007-03-31,35.09,465330000,7676811000.0,1128536000,377858000,1507000,465330000,465330000,None,0,None,530141000,None,None,None,None,None,380452000,None,None,None,0.417,,818745000,309791000,332482000,848926000,None,None,None,,,,,2.413,33.66,13.45,,,,,,,,0.338,,363767000,2025-10-29,quarterly,8.81,USD,post-market,393823000,2446446000,0.204,0.992,0.13,94.57,424922000,None,167984000,980818000,931.36,1186.47,2.3229,4340793000,2947155000,1029536000,1029536000,1393638000,None,2070627000,3311257000,40.16,None,1286.81,547.89
2025-12-28,KLAC,31.86,12524317000.0,40.16,None,1.437,37.91,,None,863384000,863384000,,,,,,,,,199000,204955000,None,942091000,942091000,104204000,None,None,448520000,None,None,69436000,,7.2,0.0056,,,,0.208,0.2,309791000,379227000,8.61,2006-12-31,35.09,440951000,7676811000.0,1128536000,377858000,1507000,69644000,69644000,None,0,None,564566000,None,None,None,None,None,380452000,None,None,None,0.417,,818745000,309791000,335529000,585220000,None,None,None,,,,,2.413,33.66,13.45,,,,,,,,0.338,,355057000,2025-10-29,quarterly,8.81,USD,post-market,393823000,2315554000,0.204,0.992,0.13,94.57,424922000,None,120303000,1279506000,931.36,1186.47,2.3229,4842728000,3491505000,1010169000,1010169000,1351223000,3010000,2070627000,3829549000,40.16,None,1286.81,547.89
2025-12-28,KLAC,31.86,12524317000.0,40.16,None,1.437,37.91,,None,1199969000,1199969000,,,,,,,,,1476483000,203323000,None,942091000,942091000,107247000,None,None,415403000,None,None,69436000,,7.2,0.0056,,,,0.208,0.2,309791000,379227000,8.61,2006-09-30,35.09,49419000,7676811000.0,1128536000,377858000,1507000,69644000,69644000,None,0,None,490988000,None,None,None,None,None,380452000,None,None,None,0.417,,818745000,309791000,316857000,750100000,None,None,None,,,,,2.413,33.66,13.45,,,,,,,,0.338,,394239000,2025-10-29,quarterly,8.81,USD,post-market,393823000,2249472000,0.204,0.992,0.13,94.57,424922000,None,None,1225814000,931.36,1186.47,2.3229,4691183000,3649031000,941957000,941957000,None,None,2070627000,3745140000,40.16,None,1286.81,547.89
2025-12-28,KLAC,31.86,12524317000.0,40.16,None,1.437,37.91,,None,1129191000,1129191000,,,,,,,,,199000,199416000,None,942091000,942091000,95192000,None,None,439899000,None,None,69436000,,7.2,0.0056,,,,0.208,0.2,309791000,379227000,8.61,2006-06-30,35.09,70341000,7676811000.0,1128536000,377858000,1507000,70341000,70341000,None,0,None,449156000,None,None,None,None,None,380452000,None,None,None,0.417,,818745000,309791000,328392000,780539000,None,None,None,,,,,2.413,33.66,13.45,,,,,,,,0.338,,395412000,2025-10-29,quarterly,8.81,USD,post-market,393823000,2137710000,0.204,0.992,0.13,94.57,424922000,None,None,1196605000,931.36,1186.47,2.3229,4575911000,3543243000,1002481000,1002481000,None,None,2070627000,3567991000,40.16,None,1286.81,547.89
2025-12-28,KLAC,31.86,12524317000.0,40.16,None,1.437,37.91,,None,961995000,961995000,,,,,,,,,1142015000,205361000,None,942091000,942091000,97709000,None,None,456288000,None,None,69436000,,7.2,0.0056,,,,0.208,0.2,309791000,379227000,8.61,2006-03-31,35.09,49165000,7676811000.0,1128536000,377858000,1507000,71067000,71067000,None,0,None,438443000,None,None,None,None,None,380452000,None,None,None,0.417,,818745000,309791000,348147000,765469000,None,None,None,,,,,2.413,33.66,13.45,,,,,,,,0.338,,395123000,2025-10-29,quarterly,8.81,USD,post-market,393823000,2263647000,0.204,0.992,0.13,94.57,424922000,None,None,1323300000,931.36,1186.47,2.3229,4361318000,3528173000,937102000,937102000,833145000,11069000,2070627000,3413147000,40.16,None,1286.81,547.89
2025-12-28,KLAC,31.86,12524317000.0,40.16,None,1.437,37.91,,None,964188000,964188000,,,,,,,,,1098263000,203926000,None,942091000,942091000,79142000,None,None,371873000,None,None,69436000,,7.2,0.0056,,,,0.208,0.2,309791000,379227000,8.61,2005-12-31,35.09,49149000,7676811000.0,1128536000,377858000,1507000,71487000,71487000,None,0,None,411796000,None,None,None,None,None,380452000,None,None,None,0.417,,818745000,309791000,337575000,705878000,None,None,None,,,,,2.413,33.66,13.45,,,,,,,,0.338,,387839000,2025-10-29,quarterly,8.81,USD,post-market,393823000,2189515000,0.204,0.992,0.13,94.57,424922000,None,None,1263042000,931.36,1186.47,2.3229,4164536000,3348474000,859721000,859721000,816062000,8831000,2070627000,3295984000,40.16,None,1286.81,547.89
2025-12-28,KLAC,31.86,12524317000.0,40.16,None,1.437,37.91,,None,863782000,863782000,,,,,,,,,1030415000,203292000,None,942091000,942091000,58001000,None,None,307194000,None,None,69436000,,7.2,0.0056,,,,0.208,0.2,309791000,379227000,8.61,2005-09-30,35.09,47475000,7676811000.0,1128536000,377858000,1507000,70855000,70855000,None,0,None,396006000,None,None,None,None,None,380452000,None,None,None,0.417,,818745000,309791000,336285000,723386000,None,None,None,,,,,2.413,33.66,13.45,,,,,,,,0.338,,382713000,2025-10-29,quarterly,8.81,USD,post-market,393823000,2136607000,0.204,0.992,0.13,94.57,424922000,None,103796000,1318964000,931.36,1186.47,2.3229,4030598000,3222231000,856390000,856390000,808367000,10086000,2070627000,3164122000,40.16,None,1286.81,547.89
2025-12-28,KLAC,31.86,12524317000.0,40.16,None,1.437,37.91,,204025000,2078908000,2078908000,,,,,,,,,132000,133750000,None,942091000,942091000,458509000,None,None,2433700000,None,None,69436000,,7.2,0.0056,,,,0.208,0.2,309791000,379227000,8.61,2025-06-30,35.09,1792193000,7676811000.0,1128536000,377858000,1507000,444785000,444785000,None,0,None,3212149000,None,None,5884257000,None,None,380452000,None,None,None,0.417,,818745000,309791000,558317000,1580880000,None,170418000,None,,,,,2.413,33.66,13.45,,,,,,,,0.338,,None,2025-10-29,annual,8.81,USD,post-market,393823000,2179330000,0.204,0.992,0.13,94.57,424922000,6088282000,45192000,2415715000,931.36,1186.47,2.3229,16067926000,10698789000,4085795000,11375473000,5369137000,7289678000,2070627000,4692453000,40.16,None,1286.81,547.89
2025-12-28,KLAC,31.86,12524317000.0,40.16,None,1.437,37.91,,189508000,1977129000,1977129000,,,,,,,,,134000,136187000,None,942091000,942091000,359487000,None,749936000,2004698000,None,None,69436000,,7.2,0.0056,,,,0.208,0.2,309791000,379227000,8.61,2024-06-30,35.09,2015726000,7676811000.0,1128536000,377858000,1507000,668764000,668764000,None,0,None,3034781000,None,None,5880199000,None,None,380452000,None,None,None,0.417,,818745000,309791000,487670000,1234545000,None,147320000,None,,,,,2.413,33.66,13.45,,,,,,,,0.338,,None,2025-10-29,annual,8.81,USD,post-market,393823000,1137270000,0.204,0.992,0.13,94.57,424922000,6819643000,786327000,2526866000,931.36,1186.47,2.3229,15433566000,10031144000,4660774000,12065238000,5402422000,7404464000,2070627000,3368328000,40.16,None,1286.81,547.89
2025-12-28,KLAC,31.86,12524317000.0,40.16,None,1.437,37.91,,172396000,1927865000,1927865000,,,,,,,,,137000,140235000,None,942091000,942091000,371026000,None,None,1935399000,None,None,69436000,,7.2,0.0056,,,,0.208,0.2,309791000,379227000,8.61,2023-06-30,35.09,2278820000,7676811000.0,1128536000,377858000,1507000,935303000,935303000,None,0,None,2876784000,None,None,5890736000,None,None,380452000,None,None,None,0.417,,818745000,309791000,316690000,1117436000,None,813058000,None,,,,,2.413,33.66,13.45,,,,,,,,0.338,,1031841000,2025-10-29,annual,8.81,USD,post-market,393823000,848431000,0.204,0.992,0.13,94.57,424922000,6063132000,34042000,1315294000,931.36,1186.47,2.3229,14072357000,8372032000,3742842000,11152604000,5700325000,7409762000,2070627000,2919753000,40.16,None,1286.81,547.89
2025-12-28,KLAC,31.86,12524317000.0,40.16,None,1.437,37.91,,113587000,1584908000,1584908000,,,,,,,,,142000,151555000,None,942091000,942091000,443338000,None,None,2016337000,None,None,69436000,,7.2,0.0056,,,,0.208,0.2,309791000,379227000,8.61,2022-06-30,35.09,2320049000,7676811000.0,1128536000,377858000,1507000,1194414000,1194414000,None,0,None,2146889000,None,None,6660718000,None,None,380452000,None,None,None,0.417,,818745000,309791000,297677000,991841000,None,882642000,None,,,,,2.413,33.66,13.45,,,,,,,,0.338,,849929000,2025-10-29,annual,8.81,USD,post-market,393823000,366882000,0.204,0.992,0.13,94.57,424922000,6774305000,32218000,1123100000,931.36,1186.47,2.3229,12597088000,7168911000,2871083000,11197998000,5428177000,8326915000,2070627000,1401351000,40.16,None,1286.81,547.89
2025-12-28,KLAC,31.86,12524317000.0,40.16,None,1.437,37.91,,103061000,1434610000,1434610000,,,,,,,,,153000,155437000,None,942091000,942091000,342083000,None,20000000,1465378000,None,None,69436000,,7.2,0.0056,,,,0.208,0.2,309791000,379227000,8.61,2021-06-30,35.09,2011172000,7676811000.0,1128536000,377858000,1507000,1185311000,1185311000,None,0,None,1575380000,None,None,3422767000,None,None,380452000,None,None,None,0.417,,818745000,309791000,160968000,790590000,None,631290000,None,,,,,2.413,33.66,13.45,,,,,,,,0.338,,663027000,2025-10-29,annual,8.81,USD,post-market,393823000,1277123000,0.204,0.992,0.13,94.57,424922000,3545828000,52322000,1059912000,931.36,1186.47,2.3229,10271124000,5696248000,2103227000,6895482000,4574876000,4792255000,2070627000,3377554000,40.16,None,1286.81,547.89
2025-12-28,KLAC,31.86,12524317000.0,40.16,None,1.437,37.91,,99879000,1234409000,1234409000,,,,,,,,,155000,158005000,None,942091000,942091000,264280000,None,None,1264098000,None,None,69436000,,7.2,0.0056,,,,0.208,0.2,309791000,379227000,8.61,2020-06-30,35.09,2045402000,7676811000.0,1128536000,377858000,1507000,1391413000,1391413000,None,0,None,1310985000,None,None,3469670000,None,None,380452000,None,None,None,0.417,,818745000,309791000,167990000,686246000,None,672284000,None,,,,,2.413,33.66,13.45,,,,,,,,0.338,,519824000,2025-10-29,annual,8.81,USD,post-market,393823000,654930000,0.204,0.992,0.13,94.57,424922000,3569549000,28994000,746063000,931.36,1186.47,2.3229,9279960000,4723545000,1699786000,6598950000,4556415000,4899164000,2070627000,2665424000,40.16,None,1286.81,547.89
2025-12-28,KLAC,31.86,12524317000.0,40.16,None,1.437,37.91,,None,1015994000,1015994000,,,,,,,,,159000,156949000,None,942091000,942091000,202416000,None,249999000,1084128000,None,None,69436000,,7.2,0.0056,,,,0.208,0.2,309791000,379227000,8.61,2019-06-30,35.09,2211858000,7676811000.0,1128536000,377858000,1507000,1560670000,1560670000,None,0,None,1262500000,None,None,3173383000,None,None,380452000,None,None,None,0.417,,818745000,309791000,229062000,670027000,None,686669000,None,,,,,2.413,33.66,13.45,,,,,,,,0.338,,448799000,2025-10-29,annual,8.81,USD,post-market,393823000,714825000,0.204,0.992,0.13,94.57,424922000,3423382000,249999000,723391000,931.36,1186.47,2.3229,9008516000,4315075000,1768486000,6330823000,4693441000,4562337000,2070627000,2659108000,40.16,None,1286.81,547.89
2025-12-28,KLAC,31.86,12524317000.0,40.16,None,1.437,37.91,,None,2880318000,2880318000,,,,,,,,,617999000,157378000,None,942091000,942091000,169354000,None,2237402000,651678000,None,None,69436000,,7.2,0.0056,,,,0.208,0.2,309791000,379227000,8.61,2018-06-30,35.09,354698000,7676811000.0,1128536000,377858000,1507000,19333000,19333000,None,0,None,931845000,None,None,2237402000,None,None,380452000,None,None,None,0.417,,818745000,309791000,85159000,676606000,None,471363000,None,,,,,2.413,33.66,13.45,,,,,,,,0.338,,286306000,2025-10-29,annual,8.81,USD,post-market,393823000,1056445000,0.204,0.992,0.13,94.57,424922000,2260689000,23287000,1475936000,931.36,1186.47,2.3229,5619356000,4549000000,1218083000,3998845000,1070356000,2780762000,2070627000,1620511000,40.16,0,1286.81,547.89
2025-12-28,KLAC,31.86,12524317000.0,40.16,None,1.437,37.91,,None,1153051000,1153051000,,,,,,,,,157000,157481000,None,942091000,942091000,147380000,None,249983000,571117000,None,None,69436000,,7.2,0.0056,,,,0.208,0.2,309791000,379227000,8.61,2017-06-30,35.09,349526000,7676811000.0,1128536000,377858000,1507000,18963000,18963000,None,0,None,732988000,None,None,2680474000,None,None,380452000,None,None,None,0.417,,818745000,309791000,71221000,537203000,None,172407000,None,,,,,2.413,33.66,13.45,,,,,,,,0.338,,283975000,2025-10-29,annual,8.81,USD,post-market,393823000,848457000,0.204,0.992,0.13,94.57,424922000,2930457000,249983000,1863689000,931.36,1186.47,2.3229,5532173000,4392066000,1293162000,4205756000,1140107000,2912594000,2070627000,1326417000,40.16,0,1286.81,547.89
2025-12-28,KLAC,31.86,12524317000.0,40.16,None,1.437,37.91,,None,2491294000,2491294000,,,,,,,,,452974000,156779000,None,942091000,942091000,106517000,None,3057936000,613233000,None,None,69436000,,7.2,0.0056,,,,0.208,0.2,309791000,379227000,8.61,2016-06-30,35.09,335177000,7676811000.0,1128536000,377858000,1507000,4331000,4331000,None,0,None,698635000,None,None,3057936000,None,None,380452000,None,None,None,0.417,,818745000,309791000,64870000,662208000,None,156623000,None,,,,,2.413,33.66,13.45,,,,,,,,0.338,,278014000,2025-10-29,annual,8.81,USD,post-market,393823000,284825000,0.204,0.992,0.13,94.57,424922000,3057936000,3057936000,1382806000,931.36,1186.47,2.3229,4962432000,3868032000,1002423000,4273318000,1094400000,3270895000,2070627000,689114000,40.16,0,1286.81,547.89
2025-12-28,KLAC,31.86,12524317000.0,40.16,None,1.437,37.91,,None,838025000,838025000,,,,,,,,,158000,163701000,None,942091000,942091000,103342000,None,16981000,618344000,None,None,69436000,,7.2,0.0056,,,,0.208,0.2,309791000,379227000,8.61,2015-06-30,35.09,335263000,7676811000.0,1128536000,377858000,1507000,11895000,11895000,None,0,None,617904000,None,None,3173435000,None,None,380452000,None,None,None,0.417,,818745000,309791000,281217000,552620000,None,182230000,None,,,,,2.413,33.66,13.45,,,,,,,,0.338,,314591000,2025-10-29,annual,8.81,USD,post-market,393823000,-12362000,0.204,0.992,0.13,94.57,424922000,3190416000,16981000,1549086000,931.36,1186.47,2.3229,4826012000,3904576000,1001763000,4404573000,921436000,3402810000,2070627000,421439000,40.16,0,1286.81,547.89
2025-12-28,KLAC,31.86,12524317000.0,40.16,None,1.437,37.91,,None,630861000,630861000,,,,,,,,,165000,168118000,None,942091000,942091000,103422000,None,745101000,520315000,None,None,69436000,,7.2,0.0056,,,,0.208,0.2,309791000,379227000,8.61,2014-06-30,35.09,335355000,7676811000.0,1128536000,377858000,1507000,27697000,27697000,None,0,None,656457000,None,None,747919000,None,None,380452000,None,None,None,0.417,,818745000,309791000,256686000,490434000,None,None,None,,,,,2.413,33.66,13.45,,,,,,,,0.338,,330263000,2025-10-29,annual,8.81,USD,post-market,393823000,2479113000,0.204,0.992,0.13,94.57,424922000,745101000,745101000,2521776000,931.36,1186.47,2.3229,5538664000,4586095000,895611000,1869318000,949751000,973707000,2070627000,3669346000,40.16,0,1286.81,547.89
2025-12-28,KLAC,31.86,12524317000.0,40.16,None,1.437,37.91,,None,985390000,985390000,,,,,,,,,165000,169260000,None,942091000,942091000,115680000,None,None,550435000,None,None,69436000,,7.2,0.0056,,,,0.208,0.2,309791000,379227000,8.61,2013-06-30,35.09,326635000,7676811000.0,1128536000,377858000,1507000,34515000,34515000,None,0,None,634448000,None,None,747376000,None,None,380452000,None,None,None,0.417,,818745000,309791000,247739000,515973000,None,154069000,None,,,,,2.413,33.66,13.45,,,,,,,,0.338,,305281000,2025-10-29,annual,8.81,USD,post-market,393823000,2359233000,0.204,0.992,0.13,94.57,424922000,747376000,None,1933491000,931.36,1186.47,2.3229,5287357000,4351503000,861532000,1805205000,935854000,943673000,2070627000,3482152000,40.16,0,1286.81,547.89
2025-12-28,KLAC,31.86,12524317000.0,40.16,None,1.437,37.91,,None,751294000,751294000,,,,,,,,,167000,170147000,None,942091000,942091000,139183000,None,None,724223000,None,None,69436000,,7.2,0.0056,,,,0.208,0.2,309791000,379227000,8.61,2012-06-30,35.09,327716000,7676811000.0,1128536000,377858000,1507000,55636000,55636000,None,0,None,650802000,None,None,746833000,None,None,380452000,None,None,None,0.417,,818745000,309791000,254574000,462572000,None,140074000,None,,,,,2.413,33.66,13.45,,,,,,,,0.338,,277686000,2025-10-29,annual,8.81,USD,post-market,393823000,2247258000,0.204,0.992,0.13,94.57,424922000,746833000,None,1783150000,931.36,1186.47,2.3229,5100308000,4164043000,862907000,1784713000,936265000,921806000,2070627000,3315595000,40.16,0,1286.81,547.89
2025-12-28,KLAC,31.86,12524317000.0,40.16,None,1.437,37.91,,None,711329000,711329000,,,,,,,,,1010659000,170352000,None,942091000,942091000,142945000,None,None,583270000,None,None,69436000,,7.2,0.0056,,,,0.208,0.2,309791000,379227000,8.61,2011-06-30,35.09,328156000,7676811000.0,1128536000,377858000,1507000,85902000,85902000,None,0,None,575730000,None,None,746290000,None,None,380452000,None,None,None,0.417,,818745000,309791000,2517010000,502471000,None,151415000,None,,,,,2.413,33.66,13.45,,,,,,,,0.338,,257358000,2025-10-29,annual,8.81,USD,post-market,393823000,1852633000,0.204,0.992,0.13,94.57,424922000,790554000,44264000,1327206000,931.36,1186.47,2.3229,4675521000,3676010000,882018000,1814628000,999511000,932610000,2070627000,2860893000,40.16,0,1286.81,547.89
2025-12-28,KLAC,31.86,12524317000.0,40.16,None,1.437,37.91,,None,529918000,529918000,,,,,,,,,168000,173034000,None,942091000,942091000,107938000,None,None,488059000,None,None,69436000,,7.2,0.0056,,,,0.208,0.2,309791000,379227000,8.61,2010-06-30,35.09,328006000,7676811000.0,1128536000,377858000,1507000,117336000,117336000,None,0,None,401730000,None,None,745747000,None,None,380452000,None,None,None,0.417,,818745000,309791000,411632000,405593000,None,None,None,,,,,2.413,33.66,13.45,,,,,,,,0.338,,236752000,2025-10-29,annual,8.81,USD,post-market,393823000,1356454000,0.204,0.992,0.13,94.57,424922000,745747000,None,1004126000,931.36,1186.47,2.3229,3907056000,2835465000,771787000,1660445000,1071591000,888658000,2070627000,2246611000,40.16,None,1286.81,547.89
2025-12-28,KLAC,31.86,12524317000.0,40.16,None,1.437,37.91,,None,524967000,524967000,,,,,,,,,171000,170253000,None,942091000,942091000,63485000,None,None,210143000,None,None,69436000,,7.2,0.0056,,,,0.208,0.2,309791000,379227000,8.61,2009-06-30,35.09,329379000,7676811000.0,1128536000,377858000,1507000,149080000,149080000,None,0,None,370206000,None,None,745204000,None,None,380452000,None,None,None,0.417,,818745000,309791000,488384000,291703000,None,None,None,,,,,2.413,33.66,13.45,,,,,,,,0.338,,291878000,2025-10-29,annual,8.81,USD,post-market,393823000,1370132000,0.204,0.992,0.13,94.57,424922000,794942000,95820000,804917000,931.36,1186.47,2.3229,3609538000,2398617000,563983000,1425146000,1210921000,861163000,2070627000,2184392000,40.16,None,1286.81,547.89
2025-12-28,KLAC,31.86,12524317000.0,40.16,None,1.437,37.91,,None,1128106000,1128106000,,,,,,,,,174000,184259000,None,942091000,942091000,104315000,None,None,492488000,None,None,69436000,,7.2,0.0056,,,,0.208,0.2,309791000,379227000,8.61,2008-06-30,35.09,601882000,7676811000.0,1128536000,377858000,1507000,297778000,297778000,None,0,None,459449000,None,None,744661000,None,None,380452000,None,None,None,0.417,,818745000,309791000,546591000,574894000,None,None,None,,,,,2.413,33.66,13.45,,,,,,,,0.338,,355474000,2025-10-29,annual,8.81,USD,post-market,393823000,2204417000,0.204,0.992,0.13,94.57,424922000,744661000,273909000,409130000,931.36,1186.47,2.3229,4848390000,3035764000,950332000,1866660000,1812626000,916328000,2070627000,2981730000,40.16,None,1286.81,547.89
2025-12-28,KLAC,31.86,12524317000.0,40.16,None,1.437,37.91,,None,722511000,722511000,,,,,,,,,191000,202204000,None,942091000,942091000,92165000,None,None,581500000,None,None,69436000,,7.2,0.0056,,,,0.208,0.2,309791000,379227000,8.61,2007-06-30,35.09,311856000,7676811000.0,1128536000,377858000,1507000,175432000,175432000,None,0,None,535370000,None,None,None,None,None,380452000,None,None,None,0.417,,818745000,309791000,425272000,659346000,None,None,None,,,,,2.413,33.66,13.45,,,,,,,,0.338,,382240000,2025-10-29,annual,8.81,USD,post-market,393823000,2570751000,0.204,0.992,0.13,94.57,424922000,None,195326000,988118000,931.36,1186.47,2.3229,4623249000,3252771000,1073207000,1073207000,1370478000,67600000,2070627000,3550042000,40.16,None,1286.81,547.89
2025-12-28,KLAC,31.86,12524317000.0,40.16,None,1.437,37.91,,None,1129191000,1129191000,,,,,,,,,199000,204097000,None,942091000,942091000,95192000,None,None,439899000,None,None,69436000,,7.2,0.0056,,,,0.208,0.2,309791000,379227000,8.61,2006-06-30,35.09,70341000,7676811000.0,1128536000,377858000,1507000,70341000,70341000,None,0,None,449156000,None,None,None,None,None,380452000,None,None,None,0.417,,818745000,309791000,328392000,780539000,None,None,None,,,,,2.413,33.66,13.45,,,,,,,,0.338,,395412000,2025-10-29,annual,8.81,USD,post-market,393823000,2137710000,0.204,0.992,0.13,94.57,424922000,None,None,1196605000,931.36,1186.47,2.3229,4575911000,3543243000,1002481000,1002481000,None,None,2070627000,3567991000,40.16,None,1286.81,547.89
2025-12-28,KLAC,31.86,12524317000.0,40.16,None,1.437,37.91,95894000,None,1129191000,1129191000,-881799000,-409988000,None,None,-95738000,None,None,None,199000,204097000,None,942091000,942091000,95192000,None,None,439899000,None,None,69436000,97016000,7.2,0.0056,254008000,254008000,None,0.208,0.2,309791000,379227000,8.61,2025-09-30,35.09,70341000,7676811000.0,1128536000,377858000,1507000,70341000,70341000,None,0,None,449156000,None,None,None,None,None,1121040000,None,None,None,0.417,1161591000,818745000,309791000,328392000,780539000,None,None,None,None,None,None,None,2.413,33.66,13.45,None,None,None,None,None,-545067000,None,0.338,None,395412000,2025-10-29,quarterly,8.81,USD,post-market,393823000,2137710000,0.204,0.992,0.13,94.57,424922000,None,None,1196605000,931.36,1186.47,2.3229,4575911000,3543243000,1002481000,1002481000,None,None,2070627000,3567991000,40.16,None,1286.81,547.89
2025-12-28,KLAC,31.86,12524317000.0,40.16,None,1.437,37.91,100408000,None,1129191000,1129191000,-629813000,-325345000,None,None,-48519000,None,None,None,199000,204097000,None,942091000,942091000,95192000,None,None,439899000,None,None,69436000,96252000,7.2,0.0056,253965000,253965000,None,0.208,0.2,309791000,379227000,8.61,2025-06-30,35.09,70341000,7676811000.0,1128536000,377858000,1507000,70341000,70341000,None,0,None,449156000,None,None,None,None,None,1202849000,None,None,None,0.417,1164991000,818745000,309791000,328392000,780539000,None,None,None,None,None,None,None,2.413,33.66,13.45,None,None,None,None,None,-425697000,None,0.338,None,395412000,2025-10-29,quarterly,8.81,USD,post-market,393823000,2137710000,0.204,0.992,0.13,94.57,424922000,None,None,1196605000,931.36,1186.47,2.3229,4575911000,3543243000,1002481000,1002481000,None,None,2070627000,3567991000,40.16,None,1286.81,547.89
2025-12-28,KLAC,31.86,12524317000.0,40.16,None,1.437,37.91,84985000,None,1129191000,1129191000,-735199000,-319803000,None,None,-112283000,None,None,None,199000,204097000,None,942091000,942091000,95192000,None,None,439899000,None,None,69436000,98091000,7.2,0.0056,225774000,225774000,None,0.208,0.2,309791000,379227000,8.61,2025-03-31,35.09,70341000,7676811000.0,1128536000,377858000,1507000,70341000,70341000,None,0,None,449156000,None,None,None,None,None,1088416000,None,None,None,0.417,1072159000,818745000,309791000,328392000,780539000,None,None,None,None,None,None,None,2.413,33.66,13.45,None,None,None,None,None,-506745000,None,0.338,None,395412000,2025-10-29,quarterly,8.81,USD,post-market,393823000,2137710000,0.204,0.992,0.13,94.57,424922000,None,None,1196605000,931.36,1186.47,2.3229,4575911000,3543243000,1002481000,1002481000,None,None,2070627000,3567991000,40.16,None,1286.81,547.89
2025-12-28,KLAC,31.86,12524317000.0,40.16,None,1.437,37.91,92323000,None,1129191000,1129191000,-1582967000,613706000,None,None,64958000,None,None,None,199000,204097000,None,942091000,942091000,95192000,None,None,439899000,None,None,69436000,103922000,7.2,0.0056,226776000,226776000,None,0.208,0.2,309791000,379227000,8.61,2024-12-31,35.09,70341000,7676811000.0,1128536000,377858000,1507000,70341000,70341000,None,0,None,449156000,None,None,None,None,None,824527000,None,None,None,0.417,849515000,818745000,309791000,328392000,780539000,None,None,None,None,None,None,None,2.413,33.66,13.45,None,None,None,None,None,-650121000,None,0.338,None,395412000,2025-10-29,quarterly,8.81,USD,post-market,393823000,2137710000,0.204,0.992,0.13,94.57,424922000,None,None,1196605000,931.36,1186.47,2.3229,4575911000,3543243000,1002481000,1002481000,None,None,2070627000,3567991000,40.16,None,1286.81,547.89
2025-12-28,KLAC,31.86,12524317000.0,40.16,None,1.437,37.91,60393000,None,1129191000,1129191000,-837708000,-171039000,None,None,-59326000,None,None,None,199000,204097000,None,942091000,942091000,95192000,None,None,439899000,None,None,69436000,95823000,7.2,0.0056,198079000,198079000,None,0.208,0.2,309791000,379227000,8.61,2024-09-30,35.09,70341000,7676811000.0,1128536000,377858000,1507000,70341000,70341000,None,0,None,449156000,None,None,None,None,None,945851000,None,None,None,0.417,995238000,818745000,309791000,328392000,780539000,None,None,None,None,None,None,None,2.413,33.66,13.45,None,None,None,None,None,-567383000,None,0.338,None,395412000,2025-10-29,quarterly,8.81,USD,post-market,393823000,2137710000,0.204,0.992,0.13,94.57,424922000,None,None,1196605000,931.36,1186.47,2.3229,4575911000,3543243000,1002481000,1002481000,None,None,2070627000,3567991000,40.16,None,1286.81,547.89
2025-12-28,KLAC,31.86,12524317000.0,40.16,None,1.437,37.91,60745000,None,1129191000,1129191000,-618861000,-138792000,None,None,-32843000,None,None,None,199000,204097000,None,942091000,942091000,95192000,None,None,439899000,None,None,69436000,101001000,7.2,0.0056,197521000,197521000,None,0.208,0.2,309791000,379227000,8.61,2024-06-30,35.09,70341000,7676811000.0,1128536000,377858000,1507000,70341000,70341000,None,0,None,449156000,None,None,None,None,None,836446000,None,None,None,0.417,892615000,818745000,309791000,328392000,780539000,None,None,None,None,None,None,None,2.413,33.66,13.45,None,None,None,None,None,-470266000,None,0.338,None,395412000,2025-10-29,quarterly,8.81,USD,post-market,393823000,2137710000,0.204,0.992,0.13,94.57,424922000,None,None,1196605000,931.36,1186.47,2.3229,4575911000,3543243000,1002481000,1002481000,None,None,2070627000,3567991000,40.16,None,1286.81,547.89
2025-12-28,KLAC,31.86,12524317000.0,40.16,None,1.437,37.91,71793000,None,1129191000,1129191000,138924000,-858046000,None,None,28359000,None,None,None,199000,204097000,None,942091000,942091000,95192000,None,None,439899000,None,None,69436000,99263000,7.2,0.0056,197154000,197154000,None,0.208,0.2,309791000,379227000,8.61,2024-03-31,35.09,70341000,7676811000.0,1128536000,377858000,1507000,70341000,70341000,None,0,None,449156000,None,None,None,None,None,601541000,None,None,None,0.417,909978000,818745000,309791000,328392000,780539000,None,None,None,None,None,None,None,2.413,33.66,13.45,None,None,None,None,None,-372251000,None,0.338,None,395412000,2025-10-29,quarterly,8.81,USD,post-market,393823000,2137710000,0.204,0.992,0.13,94.57,424922000,None,None,1196605000,931.36,1186.47,2.3229,4575911000,3543243000,1002481000,1002481000,None,None,2070627000,3567991000,40.16,None,1286.81,547.89
2025-12-28,KLAC,31.86,12524317000.0,40.16,None,1.437,37.91,76801000,None,1129191000,1129191000,-590924000,-88476000,None,None,-21189000,None,None,None,199000,204097000,None,942091000,942091000,95192000,None,None,439899000,None,None,69436000,99063000,7.2,0.0056,196859000,196859000,None,0.208,0.2,309791000,379227000,8.61,2023-12-31,35.09,70341000,7676811000.0,1128536000,377858000,1507000,70341000,70341000,None,0,None,449156000,None,None,None,None,None,582534000,None,None,None,0.417,622242000,818745000,309791000,328392000,780539000,None,None,None,None,None,None,None,2.413,33.66,13.45,None,None,None,None,None,-437817000,None,0.338,None,395412000,2025-10-29,quarterly,8.81,USD,post-market,393823000,2137710000,0.204,0.992,0.13,94.57,424922000,None,None,1196605000,931.36,1186.47,2.3229,4575911000,3543243000,1002481000,1002481000,None,None,2070627000,3567991000,40.16,None,1286.81,547.89
2025-12-28,KLAC,31.86,12524317000.0,40.16,None,1.437,37.91,68045000,None,1129191000,1129191000,-705156000,-391671000,None,None,-138419000,None,None,None,199000,204097000,None,942091000,942091000,95192000,None,None,439899000,None,None,69436000,102403000,7.2,0.0056,181507000,181507000,None,0.208,0.2,309791000,379227000,8.61,2023-09-30,35.09,70341000,7676811000.0,1128536000,377858000,1507000,70341000,70341000,None,0,None,449156000,None,None,None,None,None,741375000,None,None,None,0.417,883740000,818745000,309791000,328392000,780539000,None,None,None,None,None,None,None,2.413,33.66,13.45,None,None,None,None,None,-455412000,None,0.338,None,395412000,2025-10-29,quarterly,8.81,USD,post-market,393823000,2137710000,0.204,0.992,0.13,94.57,424922000,None,None,1196605000,931.36,1186.47,2.3229,4575911000,3543243000,1002481000,1002481000,None,None,2070627000,3567991000,40.16,None,1286.81,547.89
2025-12-28,KLAC,31.86,12524317000.0,40.16,None,1.437,37.91,78683000,None,1129191000,1129191000,1807647000,-74484000,373310000,None,459739000,None,None,None,199000,204097000,None,942091000,942091000,95192000,None,None,439899000,None,None,69436000,-205487000,7.2,0.0056,373536000,373536000,None,0.208,0.2,309791000,379227000,8.61,2023-06-30,35.09,70341000,7676811000.0,1128536000,377858000,1507000,70341000,70341000,None,0,None,449156000,None,None,None,None,None,-2018043000,None,None,None,0.417,-1751575000,818745000,309791000,328392000,780539000,None,None,None,None,None,None,None,2.413,33.66,13.45,None,None,None,None,None,534214000,None,0.338,None,395412000,2025-10-29,quarterly,8.81,USD,post-market,393823000,2137710000,0.204,0.992,0.13,94.57,424922000,None,None,1196605000,931.36,1186.47,2.3229,4575911000,3543243000,1002481000,1002481000,None,None,2070627000,3567991000,40.16,None,1286.81,547.89
2025-12-28,KLAC,31.86,12524317000.0,40.16,None,1.437,37.91,84914000,None,1129191000,1129191000,-902721000,-113207000,-5073000,None,-211216000,None,None,None,199000,204097000,None,942091000,942091000,95192000,None,None,439899000,None,None,69436000,104854000,7.2,0.0056,180854000,180854000,None,0.208,0.2,309791000,379227000,8.61,2023-03-31,35.09,70341000,7676811000.0,1128536000,377858000,1507000,70341000,70341000,None,0,None,449156000,None,None,None,None,None,697837000,None,None,None,0.417,1010855000,818745000,309791000,328392000,780539000,None,None,None,None,None,None,None,2.413,33.66,13.45,None,None,None,None,None,-478186000,None,0.338,None,395412000,2025-10-29,quarterly,8.81,USD,post-market,393823000,2137710000,0.204,0.992,0.13,94.57,424922000,None,None,1196605000,931.36,1186.47,2.3229,4575911000,3543243000,1002481000,1002481000,None,None,2070627000,3567991000,40.16,None,1286.81,547.89
2025-12-28,KLAC,31.86,12524317000.0,40.16,None,1.437,37.91,93642000,None,1129191000,1129191000,-710520000,-241405000,-263635000,None,-127647000,None,None,None,199000,204097000,None,942091000,942091000,95192000,None,None,439899000,None,None,69436000,103508000,7.2,0.0056,184208000,184208000,None,0.208,0.2,309791000,379227000,8.61,2022-12-31,35.09,70341000,7676811000.0,1128536000,377858000,1507000,70341000,70341000,None,0,None,449156000,None,None,None,None,None,978795000,None,None,None,0.417,688290000,818745000,309791000,328392000,780539000,None,None,None,None,None,None,None,2.413,33.66,13.45,None,None,None,None,None,-355007000,None,0.338,None,395412000,2025-10-29,quarterly,8.81,USD,post-market,393823000,2137710000,0.204,0.992,0.13,94.57,424922000,None,None,1196605000,931.36,1186.47,2.3229,4575911000,3543243000,1002481000,1002481000,None,None,2070627000,3567991000,40.16,None,1286.81,547.89
2025-12-28,KLAC,31.86,12524317000.0,40.16,None,1.437,37.91,84352000,None,1129191000,1129191000,-701432000,-57770000,252343000,None,-265530000,None,None,None,199000,204097000,None,942091000,942091000,95192000,None,None,439899000,None,None,69436000,101938000,7.2,0.0056,187984000,187984000,None,0.208,0.2,309791000,379227000,8.61,2022-09-30,35.09,70341000,7676811000.0,1128536000,377858000,1507000,70341000,70341000,None,0,None,449156000,None,None,None,None,None,1026065000,None,None,None,0.417,1011545000,818745000,309791000,328392000,780539000,None,None,None,None,None,None,None,2.413,33.66,13.45,None,None,None,None,None,-89846000,None,0.338,None,395412000,2025-10-29,quarterly,8.81,USD,post-market,393823000,2137710000,0.204,0.992,0.13,94.57,424922000,None,None,1196605000,931.36,1186.47,2.3229,4575911000,3543243000,1002481000,1002481000,None,None,2070627000,3567991000,40.16,None,1286.81,547.89
2025-12-28,KLAC,31.86,12524317000.0,40.16,None,1.437,37.91,73160000,None,1129191000,1129191000,-603726000,-25394000,190109000,None,-170600000,None,None,None,199000,204097000,None,942091000,942091000,95192000,None,None,439899000,None,None,69436000,100848000,7.2,0.0056,157602000,157602000,None,0.208,0.2,309791000,379227000,8.61,2022-06-30,35.09,70341000,7676811000.0,1128536000,377858000,1507000,70341000,70341000,None,0,None,449156000,None,None,None,None,None,805398000,None,None,None,0.417,819229000,818745000,309791000,328392000,780539000,None,None,None,None,None,None,None,2.413,33.66,13.45,None,None,None,None,None,-3473589000,None,0.338,None,395412000,2025-10-29,quarterly,8.81,USD,post-market,393823000,2137710000,0.204,0.992,0.13,94.57,424922000,None,None,1196605000,931.36,1186.47,2.3229,4575911000,3543243000,1002481000,1002481000,None,None,2070627000,3567991000,40.16,None,1286.81,547.89
2025-12-28,KLAC,31.86,12524317000.0,40.16,None,1.437,37.91,100304000,None,1129191000,1129191000,-486403000,-569494000,-237019000,None,-156513000,None,None,None,199000,204097000,None,942091000,942091000,95192000,None,None,439899000,None,None,69436000,92127000,7.2,0.0056,158976000,158976000,None,0.208,0.2,309791000,379227000,8.61,2022-03-31,35.09,70341000,7676811000.0,1128536000,377858000,1507000,70341000,70341000,None,0,None,449156000,None,None,None,None,None,730660000,None,None,None,0.417,818878000,818745000,309791000,328392000,780539000,None,None,None,None,None,None,None,2.413,33.66,13.45,None,None,None,None,None,-564666000,None,0.338,None,395412000,2025-10-29,quarterly,8.81,USD,post-market,393823000,2137710000,0.204,0.992,0.13,94.57,424922000,None,None,1196605000,931.36,1186.47,2.3229,4575911000,3543243000,1002481000,1002481000,None,None,2070627000,3567991000,40.16,None,1286.81,547.89
2025-12-28,KLAC,31.86,12524317000.0,40.16,None,1.437,37.91,64901000,None,1129191000,1129191000,-557846000,-106264000,146688000,None,-101701000,None,None,None,199000,204097000,None,942091000,942091000,95192000,None,None,439899000,None,None,69436000,85545000,7.2,0.0056,159129000,159129000,None,0.208,0.2,309791000,379227000,8.61,2021-12-31,35.09,70341000,7676811000.0,1128536000,377858000,1507000,70341000,70341000,None,0,None,449156000,None,None,None,None,None,717517000,None,None,None,0.417,810798000,818745000,309791000,328392000,780539000,None,None,None,None,None,None,None,2.413,33.66,13.45,None,None,None,None,None,-429874000,None,0.338,None,395412000,2025-10-29,quarterly,8.81,USD,post-market,393823000,2137710000,0.204,0.992,0.13,94.57,424922000,None,None,1196605000,931.36,1186.47,2.3229,4575911000,3543243000,1002481000,1002481000,None,None,2070627000,3567991000,40.16,None,1286.81,547.89
2025-12-28,KLAC,31.86,12524317000.0,40.16,None,1.437,37.91,68955000,None,1129191000,1129191000,-609030000,-175306000,79461000,None,-138189000,None,None,None,199000,204097000,None,942091000,942091000,95192000,None,None,439899000,None,None,69436000,84824000,7.2,0.0056,162821000,162821000,None,0.208,0.2,309791000,379227000,8.61,2021-09-30,35.09,70341000,7676811000.0,1128536000,377858000,1507000,70341000,70341000,None,0,None,449156000,None,None,None,None,None,1068485000,None,None,None,0.417,863797000,818745000,309791000,328392000,780539000,None,None,None,None,None,None,None,2.413,33.66,13.45,None,None,None,None,None,-399677000,None,0.338,None,395412000,2025-10-29,quarterly,8.81,USD,post-market,393823000,2137710000,0.204,0.992,0.13,94.57,424922000,None,None,1196605000,931.36,1186.47,2.3229,4575911000,3543243000,1002481000,1002481000,None,None,2070627000,3567991000,40.16,None,1286.81,547.89
2025-12-28,KLAC,31.86,12524317000.0,40.16,None,1.437,37.91,55376000,None,1129191000,1129191000,-392845000,-93604000,-20825000,None,-123725000,None,None,None,199000,204097000,None,942091000,942091000,95192000,None,None,439899000,None,None,69436000,84647000,7.2,0.0056,139267000,139267000,None,0.208,0.2,309791000,379227000,8.61,2021-06-30,35.09,70341000,7676811000.0,1128536000,377858000,1507000,70341000,70341000,None,0,None,449156000,None,None,None,None,None,633058000,None,None,None,0.417,465624000,818745000,309791000,328392000,780539000,None,None,None,None,None,None,None,2.413,33.66,13.45,None,None,None,None,None,-299777000,None,0.338,None,395412000,2025-10-29,quarterly,8.81,USD,post-market,393823000,2137710000,0.204,0.992,0.13,94.57,424922000,None,None,1196605000,931.36,1186.47,2.3229,4575911000,3543243000,1002481000,1002481000,None,None,2070627000,3567991000,40.16,None,1286.81,547.89
2025-12-28,KLAC,31.86,12524317000.0,40.16,None,1.437,37.91,61183000,None,1129191000,1129191000,-439453000,-176588000,30109000,None,-34169000,None,None,None,199000,204097000,None,942091000,942091000,95192000,None,None,439899000,None,None,69436000,84365000,7.2,0.0056,139338000,139338000,None,0.208,0.2,309791000,379227000,8.61,2021-03-31,35.09,70341000,7676811000.0,1128536000,377858000,1507000,70341000,70341000,None,0,None,449156000,None,None,None,None,None,567170000,None,None,None,0.417,646150000,818745000,309791000,328392000,780539000,None,None,None,None,None,None,None,2.413,33.66,13.45,None,None,None,None,None,-273441000,None,0.338,None,395412000,2025-10-29,quarterly,8.81,USD,post-market,393823000,2137710000,0.204,0.992,0.13,94.57,424922000,None,None,1196605000,931.36,1186.47,2.3229,4575911000,3543243000,1002481000,1002481000,None,None,2070627000,3567991000,40.16,None,1286.81,547.89
2025-12-28,KLAC,31.86,12524317000.0,40.16,None,1.437,37.91,59144000,None,1129191000,1129191000,-261377000,-95892000,203812000,None,-26215000,None,None,None,199000,204097000,None,942091000,942091000,95192000,None,None,439899000,None,None,69436000,84257000,7.2,0.0056,139584000,139584000,None,0.208,0.2,309791000,379227000,8.61,2020-12-31,35.09,70341000,7676811000.0,1128536000,377858000,1507000,70341000,70341000,None,0,None,449156000,None,None,None,None,None,456983000,None,None,None,0.417,561081000,818745000,309791000,328392000,780539000,None,None,None,None,None,None,None,2.413,33.66,13.45,None,None,None,None,None,-177492000,None,0.338,None,395412000,2025-10-29,quarterly,8.81,USD,post-market,393823000,2137710000,0.204,0.992,0.13,94.57,424922000,None,None,1196605000,931.36,1186.47,2.3229,4575911000,3543243000,1002481000,1002481000,None,None,2070627000,3567991000,40.16,None,1286.81,547.89
2025-12-28,KLAC,31.86,12524317000.0,40.16,None,1.437,37.91,55925000,None,1129191000,1129191000,-404206000,-134320000,-26355000,None,-85991000,None,None,None,199000,204097000,None,942091000,942091000,95192000,None,None,439899000,None,None,69436000,80066000,7.2,0.0056,141164000,141164000,None,0.208,0.2,309791000,379227000,8.61,2020-09-30,35.09,70341000,7676811000.0,1128536000,377858000,1507000,70341000,70341000,None,0,None,449156000,None,None,None,None,None,420142000,None,None,None,0.417,512171000,818745000,309791000,328392000,780539000,None,None,None,None,None,None,None,2.413,33.66,13.45,None,None,None,None,None,-187897000,None,0.338,None,395412000,2025-10-29,quarterly,8.81,USD,post-market,393823000,2137710000,0.204,0.992,0.13,94.57,424922000,None,None,1196605000,931.36,1186.47,2.3229,4575911000,3543243000,1002481000,1002481000,None,None,2070627000,3567991000,40.16,None,1286.81,547.89
2025-12-28,KLAC,31.86,12524317000.0,40.16,None,1.437,37.91,41790000,None,1129191000,1129191000,-61355000,-105821000,285670000,None,-56609000,None,None,None,199000,204097000,None,942091000,942091000,95192000,None,None,439899000,None,None,69436000,78937000,7.2,0.0056,132762000,132762000,None,0.208,0.2,309791000,379227000,8.61,2020-06-30,35.09,70341000,7676811000.0,1128536000,377858000,1507000,70341000,70341000,None,0,None,449156000,None,None,None,None,None,410315000,None,None,None,0.417,452846000,818745000,309791000,328392000,780539000,None,None,None,None,None,None,None,2.413,33.66,13.45,None,None,None,None,None,-25285000,None,0.338,None,395412000,2025-10-29,quarterly,8.81,USD,post-market,393823000,2137710000,0.204,0.992,0.13,94.57,424922000,None,None,1196605000,931.36,1186.47,2.3229,4575911000,3543243000,1002481000,1002481000,None,None,2070627000,3567991000,40.16,None,1286.81,547.89
2025-12-28,KLAC,31.86,12524317000.0,40.16,None,1.437,37.91,43445000,None,1129191000,1129191000,-432637000,1788000,11179000,None,-11640000,None,None,73103000,199000,204097000,None,942091000,942091000,95192000,None,None,439899000,None,None,69436000,81990000,7.2,0.0056,133327000,133327000,None,0.208,0.2,309791000,379227000,8.61,2020-03-31,35.09,70341000,7676811000.0,1128536000,377858000,1507000,70341000,70341000,None,0,None,449156000,None,None,None,None,None,78009000,None,None,None,0.417,442028000,818745000,309791000,328392000,780539000,None,None,None,None,None,None,None,2.413,33.66,13.45,None,None,None,None,None,-315995000,None,0.338,None,395412000,2025-10-29,quarterly,8.81,USD,post-market,393823000,2137710000,0.204,0.992,0.13,94.57,424922000,None,None,1196605000,931.36,1186.47,2.3229,4575911000,3543243000,1002481000,1002481000,None,None,2070627000,3567991000,40.16,None,1286.81,547.89
2025-12-28,KLAC,31.86,12524317000.0,40.16,None,1.437,37.91,34874000,None,1129191000,1129191000,-432030000,-8148000,-52447000,None,-1477000,None,None,-126682000,199000,204097000,None,942091000,942091000,95192000,None,None,439899000,None,None,69436000,88534000,7.2,0.0056,134696000,134696000,None,0.208,0.2,309791000,379227000,8.61,2019-12-31,35.09,70341000,7676811000.0,1128536000,377858000,1507000,70341000,70341000,None,0,None,449156000,None,None,None,None,None,380305000,None,None,None,0.417,387731000,818745000,309791000,328392000,780539000,None,None,None,None,None,None,None,2.413,33.66,13.45,None,None,None,None,None,-284593000,None,0.338,None,395412000,2025-10-29,quarterly,8.81,USD,post-market,393823000,2137710000,0.204,0.992,0.13,94.57,424922000,None,None,1196605000,931.36,1186.47,2.3229,4575911000,3543243000,1002481000,1002481000,None,None,2070627000,3567991000,40.16,None,1286.81,547.89
2025-12-28,KLAC,31.86,12524317000.0,40.16,None,1.437,37.91,32566000,None,1129191000,1129191000,-373613000,-146693000,-24061000,None,-5091000,None,None,-75214000,199000,204097000,None,942091000,942091000,95192000,None,None,439899000,None,None,69436000,98588000,7.2,0.0056,121636000,121636000,None,0.208,0.2,309791000,379227000,8.61,2019-09-30,35.09,70341000,7676811000.0,1128536000,377858000,1507000,70341000,70341000,None,0,None,449156000,None,None,None,None,None,346396000,None,None,None,0.417,496245000,818745000,309791000,328392000,780539000,None,None,None,None,None,None,None,2.413,33.66,13.45,None,None,None,None,None,-228496000,None,0.338,None,395412000,2025-10-29,quarterly,8.81,USD,post-market,393823000,2137710000,0.204,0.992,0.13,94.57,424922000,None,None,1196605000,931.36,1186.47,2.3229,4575911000,3543243000,1002481000,1002481000,None,None,2070627000,3567991000,40.16,None,1286.81,547.89
2025-12-28,KLAC,31.86,12524317000.0,40.16,None,1.437,37.91,55846000,None,1129191000,1129191000,-432146000,30439000,-76246000,None,13179000,None,None,-53565000,199000,204097000,None,942091000,942091000,95192000,None,None,439899000,None,None,69436000,127886000,7.2,0.0056,121363000,121363000,None,0.208,0.2,309791000,379227000,8.61,2019-06-30,35.09,70341000,7676811000.0,1128536000,377858000,1507000,70341000,70341000,None,0,None,449156000,None,None,None,None,None,217328000,None,None,None,0.417,325461000,818745000,309791000,328392000,780539000,None,None,None,None,None,None,None,2.413,33.66,13.45,None,None,None,None,None,-344986000,None,0.338,None,395412000,2025-10-29,quarterly,8.81,USD,post-market,393823000,2137710000,0.204,0.992,0.13,94.57,424922000,None,None,1196605000,931.36,1186.47,2.3229,4575911000,3543243000,1002481000,1002481000,None,None,2070627000,3567991000,40.16,None,1286.81,547.89
2025-12-28,KLAC,31.86,12524317000.0,40.16,None,1.437,37.91,25956000,None,1129191000,1129191000,869285000,-1734903000,-701709000,None,-1893000,None,None,-72796000,199000,204097000,None,942091000,942091000,95192000,None,None,439899000,None,None,69436000,73445000,7.2,0.0056,113581000,113581000,None,0.208,0.2,309791000,379227000,8.61,2019-03-31,35.09,70341000,7676811000.0,1128536000,377858000,1507000,70341000,70341000,None,0,None,449156000,None,None,None,None,None,192645000,None,None,None,0.417,163594000,818745000,309791000,328392000,780539000,None,None,None,None,None,None,None,2.413,33.66,13.45,None,None,None,None,None,-200029000,None,0.338,None,395412000,2025-10-29,quarterly,8.81,USD,post-market,393823000,2137710000,0.204,0.992,0.13,94.57,424922000,None,None,1196605000,931.36,1186.47,2.3229,4575911000,3543243000,1002481000,1002481000,None,None,2070627000,3567991000,40.16,None,1286.81,547.89
2025-12-28,KLAC,31.86,12524317000.0,40.16,None,1.437,37.91,26366000,None,1129191000,1129191000,-347452000,208611000,144468000,1137000,-15109000,None,None,-55869000,199000,204097000,None,942091000,942091000,95192000,None,None,439899000,None,None,69436000,15806000,7.2,0.0056,114562000,114562000,None,0.208,0.2,309791000,379227000,8.61,2018-12-31,35.09,70341000,7676811000.0,1128536000,377858000,1507000,70341000,70341000,None,0,None,449156000,None,None,None,None,None,369100000,None,None,None,0.417,282172000,818745000,309791000,328392000,780539000,None,None,None,None,None,None,None,2.413,33.66,13.45,None,None,None,None,None,-250213000,None,0.338,None,395412000,2025-10-29,quarterly,8.81,USD,post-market,393823000,2137710000,0.204,0.992,0.13,94.57,424922000,None,None,1196605000,931.36,1186.47,2.3229,4575911000,3543243000,1002481000,1002481000,None,None,2070627000,3567991000,40.16,None,1286.81,547.89
2025-12-28,KLAC,31.86,12524317000.0,40.16,None,1.437,37.91,22330000,None,1129191000,1129191000,-449692000,314871000,245132000,-1452000,-55738000,None,None,36079000,199000,204097000,None,942091000,942091000,95192000,None,None,439899000,None,None,69436000,16087000,7.2,0.0056,122757000,122757000,None,0.208,0.2,309791000,379227000,8.61,2018-09-30,35.09,70341000,7676811000.0,1128536000,377858000,1507000,70341000,70341000,None,0,None,449156000,None,None,None,None,None,395944000,None,None,None,0.417,381405000,818745000,309791000,328392000,780539000,None,None,None,None,None,None,None,2.413,33.66,13.45,None,None,None,None,None,-299974000,None,0.338,None,395412000,2025-10-29,quarterly,8.81,USD,post-market,393823000,2137710000,0.204,0.992,0.13,94.57,424922000,None,None,1196605000,931.36,1186.47,2.3229,4575911000,3543243000,1002481000,1002481000,None,None,2070627000,3567991000,40.16,None,1286.81,547.89
2025-12-28,KLAC,31.86,12524317000.0,40.16,None,1.437,37.91,22842000,None,1129191000,1129191000,-341386000,126775000,148700000,-10202000,-73211000,None,None,2095000,199000,204097000,None,942091000,942091000,95192000,None,None,439899000,None,None,69436000,14989000,7.2,0.0056,117035000,117035000,None,0.208,0.2,309791000,379227000,8.61,2018-06-30,35.09,70341000,7676811000.0,1128536000,377858000,1507000,70341000,70341000,None,0,None,449156000,None,None,None,None,None,348767000,None,None,None,0.417,373513000,818745000,309791000,328392000,780539000,None,None,None,None,None,None,None,2.413,33.66,13.45,None,None,None,None,None,-38091000,None,0.338,None,395412000,2025-10-29,quarterly,8.81,USD,post-market,393823000,2137710000,0.204,0.992,0.13,94.57,424922000,None,None,1196605000,931.36,1186.47,2.3229,4575911000,3543243000,1002481000,1002481000,None,None,2070627000,3567991000,40.16,None,1286.81,547.89
2025-12-28,KLAC,31.86,12524317000.0,40.16,None,1.437,37.91,14994000,None,1129191000,1129191000,-202288000,25894000,182288000,6075000,-60487000,None,None,90906000,199000,204097000,None,942091000,942091000,95192000,None,None,439899000,None,None,69436000,16283000,7.2,0.0056,92128000,92128000,None,0.208,0.2,309791000,379227000,8.61,2018-03-31,35.09,70341000,7676811000.0,1128536000,377858000,1507000,70341000,70341000,None,0,None,449156000,None,None,None,None,None,306881000,None,None,None,0.417,352607000,818745000,309791000,328392000,780539000,None,None,None,None,None,None,None,2.413,33.66,13.45,None,None,None,None,None,-84724000,None,0.338,None,395412000,2025-10-29,quarterly,8.81,USD,post-market,393823000,2137710000,0.204,0.992,0.13,94.57,424922000,None,None,1196605000,931.36,1186.47,2.3229,4575911000,3543243000,1002481000,1002481000,None,None,2070627000,3567991000,40.16,None,1286.81,547.89
2025-12-28,KLAC,31.86,12524317000.0,40.16,None,1.437,37.91,13369000,None,1129191000,1129191000,-406297000,25955000,-247303000,3668000,-24240000,None,None,-73877000,199000,204097000,None,942091000,942091000,95192000,None,None,439899000,None,None,69436000,16130000,7.2,0.0056,92575000,92575000,None,0.208,0.2,309791000,379227000,8.61,2017-12-31,35.09,70341000,7676811000.0,1128536000,377858000,1507000,70341000,70341000,None,0,None,449156000,None,None,None,None,None,-134319000,None,None,None,0.417,129371000,818745000,309791000,328392000,780539000,None,None,None,None,None,None,None,2.413,33.66,13.45,None,None,None,None,None,-40427000,None,0.338,None,395412000,2025-10-29,quarterly,8.81,USD,post-market,393823000,2137710000,0.204,0.992,0.13,94.57,424922000,None,None,1196605000,931.36,1186.47,2.3229,4575911000,3543243000,1002481000,1002481000,None,None,2070627000,3567991000,40.16,None,1286.81,547.89
2025-12-28,KLAC,31.86,12524317000.0,40.16,None,1.437,37.91,15756000,None,1129191000,1129191000,-320132000,112994000,167646000,1155000,-20194000,None,None,-95621000,199000,204097000,None,942091000,942091000,95192000,None,None,439899000,None,None,69436000,15282000,7.2,0.0056,100327000,100327000,None,0.208,0.2,309791000,379227000,8.61,2017-09-30,35.09,70341000,7676811000.0,1128536000,377858000,1507000,70341000,70341000,None,0,None,449156000,None,None,None,None,None,280936000,None,None,None,0.417,373629000,818745000,309791000,328392000,780539000,None,None,None,None,None,None,None,2.413,33.66,13.45,None,None,None,None,None,-39927000,None,0.338,None,395412000,2025-10-29,quarterly,8.81,USD,post-market,393823000,2137710000,0.204,0.992,0.13,94.57,424922000,None,None,1196605000,931.36,1186.47,2.3229,4575911000,3543243000,1002481000,1002481000,None,None,2070627000,3567991000,40.16,None,1286.81,547.89
2025-12-28,KLAC,31.86,12524317000.0,40.16,None,1.437,37.91,10668000,None,1129191000,1129191000,-112974000,-154359000,197244000,1940000,-32464000,None,None,167034000,199000,204097000,None,942091000,942091000,95192000,None,None,439899000,None,None,69436000,14324000,7.2,0.0056,84637000,84637000,None,0.208,0.2,309791000,379227000,8.61,2017-06-30,35.09,70341000,7676811000.0,1128536000,377858000,1507000,70341000,70341000,None,0,None,449156000,None,None,None,None,None,256162000,None,None,None,0.417,462637000,818745000,309791000,328392000,780539000,None,None,None,None,None,None,None,2.413,33.66,13.45,None,None,None,None,None,-25002000,None,0.338,None,395412000,2025-10-29,quarterly,8.81,USD,post-market,393823000,2137710000,0.204,0.992,0.13,94.57,424922000,None,None,1196605000,931.36,1186.47,2.3229,4575911000,3543243000,1002481000,1002481000,None,None,2070627000,3567991000,40.16,None,1286.81,547.89
2025-12-28,KLAC,31.86,12524317000.0,40.16,None,1.437,37.91,9414000,None,1129191000,1129191000,-112228000,-98371000,18774000,4535000,-28288000,None,None,-64509000,199000,204097000,None,942091000,942091000,95192000,None,None,439899000,None,None,69436000,14198000,7.2,0.0056,85514000,85514000,None,0.208,0.2,309791000,379227000,8.61,2017-03-31,35.09,70341000,7676811000.0,1128536000,377858000,1507000,70341000,70341000,None,0,None,449156000,None,None,None,None,None,253562000,None,None,None,0.417,224838000,818745000,309791000,328392000,780539000,None,None,None,None,None,None,None,2.413,33.66,13.45,None,None,None,None,None,-1714000,None,0.338,None,395412000,2025-10-29,quarterly,8.81,USD,post-market,393823000,2137710000,0.204,0.992,0.13,94.57,424922000,None,None,1196605000,931.36,1186.47,2.3229,4575911000,3543243000,1002481000,1002481000,None,None,2070627000,3567991000,40.16,None,1286.81,547.89
2025-12-28,KLAC,31.86,12524317000.0,40.16,None,1.437,37.91,8629000,None,1129191000,1129191000,-100914000,-140333000,-29292000,-10458000,13132000,None,None,-24386000,199000,204097000,None,942091000,942091000,95192000,None,None,439899000,None,None,69436000,14892000,7.2,0.0056,84529000,84529000,None,0.208,0.2,309791000,379227000,8.61,2016-12-31,35.09,70341000,7676811000.0,1128536000,377858000,1507000,70341000,70341000,None,0,None,449156000,None,None,None,None,None,238251000,None,None,None,0.417,222413000,818745000,309791000,328392000,780539000,None,None,None,None,None,None,None,2.413,33.66,13.45,None,None,None,None,None,-79000,None,0.338,None,395412000,2025-10-29,quarterly,8.81,USD,post-market,393823000,2137710000,0.204,0.992,0.13,94.57,424922000,None,None,1196605000,931.36,1186.47,2.3229,4575911000,3543243000,1002481000,1002481000,None,None,2070627000,3567991000,40.16,None,1286.81,547.89
2025-12-28,KLAC,31.86,12524317000.0,40.16,None,1.437,37.91,9883000,None,1129191000,1129191000,-146689000,-167823000,-142163000,2572000,1187000,None,None,-38241000,199000,204097000,None,942091000,942091000,95192000,None,None,439899000,None,None,69436000,14422000,7.2,0.0056,89313000,89313000,None,0.208,0.2,309791000,379227000,8.61,2016-09-30,35.09,70341000,7676811000.0,1128536000,377858000,1507000,70341000,70341000,None,0,None,449156000,None,None,None,None,None,178101000,None,None,None,0.417,169777000,818745000,309791000,328392000,780539000,None,None,None,None,None,None,None,2.413,33.66,13.45,None,None,None,None,None,-17376000,None,0.338,None,395412000,2025-10-29,quarterly,8.81,USD,post-market,393823000,2137710000,0.204,0.992,0.13,94.57,424922000,None,None,1196605000,931.36,1186.47,2.3229,4575911000,3543243000,1002481000,1002481000,None,None,2070627000,3567991000,40.16,None,1286.81,547.89
2025-12-28,KLAC,31.86,12524317000.0,40.16,None,1.437,37.91,7508000,None,1129191000,1129191000,-105191000,-69253000,182514000,2865000,26397000,None,None,21400000,199000,204097000,None,942091000,942091000,95192000,None,None,439899000,None,None,69436000,14888000,7.2,0.0056,81120000,81120000,None,0.208,0.2,309791000,379227000,8.61,2016-06-30,35.09,70341000,7676811000.0,1128536000,377858000,1507000,70341000,70341000,None,0,None,449156000,None,None,None,None,None,271541000,None,None,None,0.417,354093000,818745000,309791000,328392000,780539000,None,None,None,None,None,None,None,2.413,33.66,13.45,None,None,None,None,None,-219000,None,0.338,None,395412000,2025-10-29,quarterly,8.81,USD,post-market,393823000,2137710000,0.204,0.992,0.13,94.57,424922000,None,None,1196605000,931.36,1186.47,2.3229,4575911000,3543243000,1002481000,1002481000,None,None,2070627000,3567991000,40.16,None,1286.81,547.89
2025-12-28,KLAC,31.86,12524317000.0,40.16,None,1.437,37.91,8954000,None,1129191000,1129191000,-118174000,40872000,39383000,5188000,-26065000,None,None,-186715000,199000,204097000,None,942091000,942091000,95192000,None,None,439899000,None,None,69436000,15780000,7.2,0.0056,82109000,82109000,None,0.208,0.2,309791000,379227000,8.61,2016-03-31,35.09,70341000,7676811000.0,1128536000,377858000,1507000,70341000,70341000,None,0,None,449156000,None,None,None,None,None,175777000,None,None,None,0.417,111497000,818745000,309791000,328392000,780539000,None,None,None,None,None,None,None,2.413,33.66,13.45,None,None,None,None,None,-1702000,None,0.338,None,395412000,2025-10-29,quarterly,8.81,USD,post-market,393823000,2137710000,0.204,0.992,0.13,94.57,424922000,None,None,1196605000,931.36,1186.47,2.3229,4575911000,3543243000,1002481000,1002481000,None,None,2070627000,3567991000,40.16,None,1286.81,547.89
2025-12-28,KLAC,31.86,12524317000.0,40.16,None,1.437,37.91,7938000,None,1129191000,1129191000,-117704000,141168000,122894000,-894000,-36668000,None,None,32098000,199000,204097000,None,942091000,942091000,95192000,None,None,439899000,None,None,69436000,16529000,7.2,0.0056,81380000,81380000,None,0.208,0.2,309791000,379227000,8.61,2015-12-31,35.09,70341000,7676811000.0,1128536000,377858000,1507000,70341000,70341000,None,0,None,449156000,None,None,None,None,None,152207000,None,None,None,0.417,100324000,818745000,309791000,328392000,780539000,None,None,None,None,None,None,None,2.413,33.66,13.45,None,None,None,None,None,-39119000,None,0.338,None,395412000,2025-10-29,quarterly,8.81,USD,post-market,393823000,2137710000,0.204,0.992,0.13,94.57,424922000,None,None,1196605000,931.36,1186.47,2.3229,4575911000,3543243000,1002481000,1002481000,None,None,2070627000,3567991000,40.16,None,1286.81,547.89
2025-12-28,KLAC,31.86,12524317000.0,40.16,None,1.437,37.91,7341000,None,1129191000,1129191000,-295633000,31900000,-74328000,-4377000,-31243000,None,None,124925000,199000,204097000,None,942091000,942091000,95192000,None,None,439899000,None,None,69436000,19735000,7.2,0.0056,101674000,101674000,None,0.208,0.2,309791000,379227000,8.61,2015-09-30,35.09,70341000,7676811000.0,1128536000,377858000,1507000,70341000,70341000,None,0,None,449156000,None,None,None,None,None,104897000,None,None,None,0.417,193782000,818745000,309791000,328392000,780539000,None,None,None,None,None,None,None,2.413,33.66,13.45,None,None,None,None,None,-142592000,None,0.338,None,395412000,2025-10-29,quarterly,8.81,USD,post-market,393823000,2137710000,0.204,0.992,0.13,94.57,424922000,None,None,1196605000,931.36,1186.47,2.3229,4575911000,3543243000,1002481000,1002481000,None,None,2070627000,3567991000,40.16,None,1286.81,547.89
2025-12-28,KLAC,31.86,12524317000.0,40.16,None,1.437,37.91,9237000,None,1129191000,1129191000,-259678000,157841000,216133000,491000,16498000,None,None,43714000,199000,204097000,None,942091000,942091000,95192000,None,None,439899000,None,None,69436000,19966000,7.2,0.0056,79653000,79653000,None,0.208,0.2,309791000,379227000,8.61,2015-06-30,35.09,70341000,7676811000.0,1128536000,377858000,1507000,70341000,70341000,None,0,None,449156000,None,None,None,None,None,142019000,None,None,None,0.417,317479000,818745000,309791000,328392000,780539000,None,None,None,None,None,None,None,2.413,33.66,13.45,None,None,None,None,None,-167858000,None,0.338,None,395412000,2025-10-29,quarterly,8.81,USD,post-market,393823000,2137710000,0.204,0.992,0.13,94.57,424922000,None,None,1196605000,931.36,1186.47,2.3229,4575911000,3543243000,1002481000,1002481000,None,None,2070627000,3567991000,40.16,None,1286.81,547.89
2025-12-28,KLAC,31.86,12524317000.0,40.16,None,1.437,37.91,10326000,None,1129191000,1129191000,-261712000,59065000,37027000,-2743000,23745000,None,None,-1213000,199000,204097000,None,942091000,942091000,95192000,None,None,439899000,None,None,69436000,20510000,7.2,0.0056,82250000,82250000,None,0.208,0.2,309791000,379227000,8.61,2015-03-31,35.09,70341000,7676811000.0,1128536000,377858000,1507000,70341000,70341000,None,0,None,449156000,None,None,None,None,None,131638000,None,None,None,0.417,242417000,818745000,309791000,328392000,780539000,None,None,None,None,None,None,None,2.413,33.66,13.45,None,None,None,None,None,-168670000,None,0.338,None,395412000,2025-10-29,quarterly,8.81,USD,post-market,393823000,2137710000,0.204,0.992,0.13,94.57,424922000,None,None,1196605000,931.36,1186.47,2.3229,4575911000,3543243000,1002481000,1002481000,None,None,2070627000,3567991000,40.16,None,1286.81,547.89
2025-12-28,KLAC,31.86,12524317000.0,40.16,None,1.437,37.91,12783000,None,1129191000,1129191000,-566062000,475767000,-84818000,-5607000,10702000,None,None,-200282000,199000,204097000,None,942091000,942091000,95192000,None,None,439899000,None,None,69436000,18901000,7.2,0.0056,2796739000,2796739000,None,0.208,0.2,309791000,379227000,8.61,2014-12-31,35.09,70341000,7676811000.0,1128536000,377858000,1507000,70341000,70341000,None,0,None,449156000,None,None,None,None,None,20268000,None,None,None,0.417,11084000,818745000,309791000,328392000,780539000,None,None,None,None,None,None,None,2.413,33.66,13.45,None,None,None,None,None,-141521000,None,0.338,None,395412000,2025-10-29,quarterly,8.81,USD,post-market,393823000,2137710000,0.204,0.992,0.13,94.57,424922000,None,None,1196605000,931.36,1186.47,2.3229,4575911000,3543243000,1002481000,1002481000,None,None,2070627000,3567991000,40.16,None,1286.81,547.89
2025-12-28,KLAC,31.86,12524317000.0,40.16,None,1.437,37.91,13445000,None,1129191000,1129191000,-215520000,225548000,38822000,-6132000,-23445000,None,None,39261000,199000,204097000,None,942091000,942091000,95192000,None,None,439899000,None,None,69436000,21159000,7.2,0.0056,82413000,82413000,None,0.208,0.2,309791000,379227000,8.61,2014-09-30,35.09,70341000,7676811000.0,1128536000,377858000,1507000,70341000,70341000,None,0,None,449156000,None,None,None,None,None,72233000,None,None,None,0.417,34926000,818745000,309791000,328392000,780539000,None,None,None,None,None,None,None,2.413,33.66,13.45,None,None,None,None,None,-124839000,None,0.338,None,395412000,2025-10-29,quarterly,8.81,USD,post-market,393823000,2137710000,0.204,0.992,0.13,94.57,424922000,None,None,1196605000,931.36,1186.47,2.3229,4575911000,3543243000,1002481000,1002481000,None,None,2070627000,3567991000,40.16,None,1286.81,547.89
2025-12-28,KLAC,31.86,12524317000.0,40.16,None,1.437,37.91,13066000,None,1129191000,1129191000,-114527000,-280724000,-145362000,1249000,21308000,None,None,66784000,199000,204097000,None,942091000,942091000,95192000,None,None,439899000,None,None,69436000,22010000,7.2,0.0056,74466000,74466000,None,0.208,0.2,309791000,379227000,8.61,2014-06-30,35.09,70341000,7676811000.0,1128536000,377858000,1507000,70341000,70341000,None,0,None,449156000,None,None,None,None,None,128731000,None,None,None,0.417,248640000,818745000,309791000,328392000,780539000,None,None,None,None,None,None,None,2.413,33.66,13.45,None,None,None,None,None,-60157000,None,0.338,None,395412000,2025-10-29,quarterly,8.81,USD,post-market,393823000,2137710000,0.204,0.992,0.13,94.57,424922000,None,None,1196605000,931.36,1186.47,2.3229,4575911000,3543243000,1002481000,1002481000,None,None,2070627000,3567991000,40.16,None,1286.81,547.89
2025-12-28,KLAC,31.86,12524317000.0,40.16,None,1.437,37.91,18220000,None,1129191000,1129191000,-123041000,-132597000,-17159000,752000,-14738000,None,None,16598000,199000,204097000,None,942091000,942091000,95192000,None,None,439899000,None,None,69436000,20614000,7.2,0.0056,74805000,74805000,None,0.208,0.2,309791000,379227000,8.61,2014-03-31,35.09,70341000,7676811000.0,1128536000,377858000,1507000,70341000,70341000,None,0,None,449156000,None,None,None,None,None,203581000,None,None,None,0.417,237727000,818745000,309791000,328392000,780539000,None,None,None,None,None,None,None,2.413,33.66,13.45,None,None,None,None,None,-59880000,None,0.338,None,395412000,2025-10-29,quarterly,8.81,USD,post-market,393823000,2137710000,0.204,0.992,0.13,94.57,424922000,None,None,1196605000,931.36,1186.47,2.3229,4575911000,3543243000,1002481000,1002481000,None,None,2070627000,3567991000,40.16,None,1286.81,547.89
2025-12-28,KLAC,31.86,12524317000.0,40.16,None,1.437,37.91,14465000,None,1129191000,1129191000,-97586000,-126120000,-111567000,-3132000,-2938000,None,None,-136562000,199000,204097000,None,942091000,942091000,95192000,None,None,439899000,None,None,69436000,19811000,7.2,0.0056,74983000,74983000,None,0.208,0.2,309791000,379227000,8.61,2013-12-31,35.09,70341000,7676811000.0,1128536000,377858000,1507000,70341000,70341000,None,0,None,449156000,None,None,None,None,None,139246000,None,None,None,0.417,115271000,818745000,309791000,328392000,780539000,None,None,None,None,None,None,None,2.413,33.66,13.45,None,None,None,None,None,-60302000,None,0.338,None,395412000,2025-10-29,quarterly,8.81,USD,post-market,393823000,2137710000,0.204,0.992,0.13,94.57,424922000,None,None,1196605000,931.36,1186.47,2.3229,4575911000,3543243000,1002481000,1002481000,None,None,2070627000,3567991000,40.16,None,1286.81,547.89
2025-12-28,KLAC,31.86,12524317000.0,40.16,None,1.437,37.91,21751000,None,1129191000,1129191000,-123733000,-136668000,-80441000,2712000,-29805000,None,None,85771000,199000,204097000,None,942091000,942091000,95192000,None,None,439899000,None,None,69436000,20637000,7.2,0.0056,74617000,74617000,None,0.208,0.2,309791000,379227000,8.61,2013-09-30,35.09,70341000,7676811000.0,1128536000,377858000,1507000,70341000,70341000,None,0,None,449156000,None,None,None,None,None,111197000,None,None,None,0.417,177248000,818745000,309791000,328392000,780539000,None,None,None,None,None,None,None,2.413,33.66,13.45,None,None,None,None,None,-60504000,None,0.338,None,395412000,2025-10-29,quarterly,8.81,USD,post-market,393823000,2137710000,0.204,0.992,0.13,94.57,424922000,None,None,1196605000,931.36,1186.47,2.3229,4575911000,3543243000,1002481000,1002481000,None,None,2070627000,3567991000,40.16,None,1286.81,547.89
2025-12-28,KLAC,31.86,12524317000.0,40.16,None,1.437,37.91,18910000,None,1129191000,1129191000,-104202000,-16408000,51189000,-3770000,14116000,None,None,-73102000,199000,204097000,None,942091000,942091000,95192000,None,None,439899000,None,None,69436000,20425000,7.2,0.0056,66181000,66181000,None,0.208,0.2,309791000,379227000,8.61,2013-06-30,35.09,70341000,7676811000.0,1128536000,377858000,1507000,70341000,70341000,None,0,None,449156000,None,None,None,None,None,134770000,None,None,None,0.417,175569000,818745000,309791000,328392000,780539000,None,None,None,None,None,None,None,2.413,33.66,13.45,None,None,None,None,None,-68311000,None,0.338,None,395412000,2025-10-29,quarterly,8.81,USD,post-market,393823000,2137710000,0.204,0.992,0.13,94.57,424922000,None,None,1196605000,931.36,1186.47,2.3229,4575911000,3543243000,1002481000,1002481000,None,None,2070627000,3567991000,40.16,None,1286.81,547.89
2025-12-28,KLAC,31.86,12524317000.0,40.16,None,1.437,37.91,18300000,None,1129191000,1129191000,-86075000,-155637000,184129000,-9372000,11138000,None,None,65492000,199000,204097000,None,942091000,942091000,95192000,None,None,439899000,None,None,69436000,21168000,7.2,0.0056,66561000,66561000,None,0.208,0.2,309791000,379227000,8.61,2013-03-31,35.09,70341000,7676811000.0,1128536000,377858000,1507000,70341000,70341000,None,0,None,449156000,None,None,None,None,None,166382000,None,None,None,0.417,414783000,818745000,309791000,328392000,780539000,None,None,None,None,None,None,None,2.413,33.66,13.45,None,None,None,None,None,-68343000,None,0.338,None,395412000,2025-10-29,quarterly,8.81,USD,post-market,393823000,2137710000,0.204,0.992,0.13,94.57,424922000,None,None,1196605000,931.36,1186.47,2.3229,4575911000,3543243000,1002481000,1002481000,None,None,2070627000,3567991000,40.16,None,1286.81,547.89
2025-12-28,KLAC,31.86,12524317000.0,40.16,None,1.437,37.91,17091000,None,1129191000,1129191000,-114602000,97719000,40130000,None,28822000,None,None,None,199000,204097000,None,942091000,942091000,95192000,None,None,439899000,None,None,69436000,21925000,7.2,0.0056,66522000,66522000,None,0.208,0.2,309791000,379227000,8.61,2012-12-31,35.09,70341000,7676811000.0,1128536000,377858000,1507000,70341000,70341000,None,0,None,449156000,None,None,None,None,None,106630000,None,None,None,0.417,77443000,818745000,309791000,328392000,780539000,None,None,None,None,None,None,None,2.413,33.66,13.45,None,None,None,None,None,-68283000,None,0.338,None,395412000,2025-10-29,quarterly,8.81,USD,post-market,393823000,2137710000,0.204,0.992,0.13,94.57,424922000,None,None,1196605000,931.36,1186.47,2.3229,4575911000,3543243000,1002481000,1002481000,None,None,2070627000,3567991000,40.16,None,1286.81,547.89
2025-12-28,KLAC,31.86,12524317000.0,40.16,None,1.437,37.91,20272000,None,1129191000,1129191000,-123631000,-167121000,-41352000,4007000,-39289000,None,None,166855000,199000,204097000,None,942091000,942091000,95192000,None,None,439899000,None,None,69436000,24016000,7.2,0.0056,66629000,66629000,None,0.208,0.2,309791000,379227000,8.61,2012-09-30,35.09,70341000,7676811000.0,1128536000,377858000,1507000,70341000,70341000,None,0,None,449156000,None,None,None,None,None,135367000,None,None,None,0.417,245393000,818745000,309791000,328392000,780539000,None,None,None,None,None,None,None,2.413,33.66,13.45,None,None,None,None,None,-68317000,None,0.338,None,395412000,2025-10-29,quarterly,8.81,USD,post-market,393823000,2137710000,0.204,0.992,0.13,94.57,424922000,None,None,1196605000,931.36,1186.47,2.3229,4575911000,3543243000,1002481000,1002481000,None,None,2070627000,3567991000,40.16,None,1286.81,547.89
2025-12-28,KLAC,31.86,12524317000.0,40.16,None,1.437,37.91,16272000,None,1129191000,1129191000,-86012000,-199111000,-12619000,-802000,-6610000,None,None,-61632000,199000,204097000,None,942091000,942091000,95192000,None,None,439899000,None,None,69436000,23282000,7.2,0.0056,58476000,58476000,None,0.208,0.2,309791000,379227000,8.61,2012-06-30,35.09,70341000,7676811000.0,1128536000,377858000,1507000,70341000,70341000,None,0,None,449156000,None,None,None,None,None,247877000,None,None,None,0.417,273306000,818745000,309791000,328392000,780539000,None,None,None,None,None,None,None,2.413,33.66,13.45,None,None,None,None,None,-66958000,None,0.338,None,395412000,2025-10-29,quarterly,8.81,USD,post-market,393823000,2137710000,0.204,0.992,0.13,94.57,424922000,None,None,1196605000,931.36,1186.47,2.3229,4575911000,3543243000,1002481000,1002481000,None,None,2070627000,3567991000,40.16,None,1286.81,547.89
2025-12-28,KLAC,31.86,12524317000.0,40.16,None,1.437,37.91,14278000,None,1129191000,1129191000,-51182000,-269132000,-61073000,-2853000,-9694000,None,None,-97698000,199000,204097000,None,942091000,942091000,95192000,None,None,439899000,None,None,69436000,22400000,7.2,0.0056,58524000,58524000,None,0.208,0.2,309791000,379227000,8.61,2012-03-31,35.09,70341000,7676811000.0,1128536000,377858000,1507000,70341000,70341000,None,0,None,449156000,None,None,None,None,None,205346000,None,None,None,0.417,262094000,818745000,309791000,328392000,780539000,None,None,None,None,None,None,None,2.413,33.66,13.45,None,None,None,None,None,-66934000,None,0.338,None,395412000,2025-10-29,quarterly,8.81,USD,post-market,393823000,2137710000,0.204,0.992,0.13,94.57,424922000,None,None,1196605000,931.36,1186.47,2.3229,4575911000,3543243000,1002481000,1002481000,None,None,2070627000,3567991000,40.16,None,1286.81,547.89
2025-12-28,KLAC,31.86,12524317000.0,40.16,None,1.437,37.91,14918000,None,1129191000,1129191000,-93829000,-11940000,79039000,-2424000,-33142000,None,None,-83819000,199000,204097000,None,942091000,942091000,95192000,None,None,439899000,None,None,69436000,23267000,7.2,0.0056,58101000,58101000,None,0.208,0.2,309791000,379227000,8.61,2011-12-31,35.09,70341000,7676811000.0,1128536000,377858000,1507000,70341000,70341000,None,0,None,449156000,None,None,None,None,None,110797000,None,None,None,0.417,187232000,818745000,309791000,328392000,780539000,None,None,None,None,None,None,None,2.413,33.66,13.45,None,None,None,None,None,-63580000,None,0.338,None,395412000,2025-10-29,quarterly,8.81,USD,post-market,393823000,2137710000,0.204,0.992,0.13,94.57,424922000,None,None,1196605000,931.36,1186.47,2.3229,4575911000,3543243000,1002481000,1002481000,None,None,2070627000,3567991000,40.16,None,1286.81,547.89
2025-12-28,KLAC,31.86,12524317000.0,40.16,None,1.437,37.91,12128000,None,1129191000,1129191000,-133080000,-48708000,34618000,-2579000,-43699000,None,None,129227000,199000,204097000,None,942091000,942091000,95192000,None,None,439899000,None,None,69436000,23184000,7.2,0.0056,58460000,58460000,None,0.208,0.2,309791000,379227000,8.61,2011-09-30,35.09,70341000,7676811000.0,1128536000,377858000,1507000,70341000,70341000,None,0,None,449156000,None,None,None,None,None,191995000,None,None,None,0.417,218985000,818745000,309791000,328392000,780539000,None,None,None,None,None,None,None,2.413,33.66,13.45,None,None,None,None,None,-66392000,None,0.338,None,395412000,2025-10-29,quarterly,8.81,USD,post-market,393823000,2137710000,0.204,0.992,0.13,94.57,424922000,None,None,1196605000,931.36,1186.47,2.3229,4575911000,3543243000,1002481000,1002481000,None,None,2070627000,3567991000,40.16,None,1286.81,547.89
2025-12-28,KLAC,31.86,12524317000.0,40.16,None,1.437,37.91,14607000,None,1129191000,1129191000,-82322000,-138866000,72571000,3957000,-20125000,None,None,-13918000,199000,204097000,None,942091000,942091000,95192000,None,None,439899000,None,None,69436000,22533000,7.2,0.0056,41862000,41862000,None,0.208,0.2,309791000,379227000,8.61,2011-06-30,35.09,70341000,7676811000.0,1128536000,377858000,1507000,70341000,70341000,None,0,None,449156000,None,None,None,None,None,245017000,None,None,None,0.417,289802000,818745000,309791000,328392000,780539000,None,None,None,None,None,None,None,2.413,33.66,13.45,None,None,None,None,None,-57974000,None,0.338,None,395412000,2025-10-29,quarterly,8.81,USD,post-market,393823000,2137710000,0.204,0.992,0.13,94.57,424922000,None,None,1196605000,931.36,1186.47,2.3229,4575911000,3543243000,1002481000,1002481000,None,None,2070627000,3567991000,40.16,None,1286.81,547.89
2025-12-28,KLAC,31.86,12524317000.0,40.16,None,1.437,37.91,13829000,None,1129191000,1129191000,-26538000,-177256000,42654000,2537000,-46856000,None,None,-35069000,199000,204097000,None,942091000,942091000,95192000,None,None,439899000,None,None,69436000,21075000,7.2,0.0056,41942000,41942000,None,0.208,0.2,309791000,379227000,8.61,2011-03-31,35.09,70341000,7676811000.0,1128536000,377858000,1507000,70341000,70341000,None,0,None,449156000,None,None,None,None,None,209783000,None,None,None,0.417,243911000,818745000,309791000,328392000,780539000,None,None,None,None,None,None,None,2.413,33.66,13.45,None,None,None,None,None,-57697000,None,0.338,None,395412000,2025-10-29,quarterly,8.81,USD,post-market,393823000,2137710000,0.204,0.992,0.13,94.57,424922000,None,None,1196605000,931.36,1186.47,2.3229,4575911000,3543243000,1002481000,1002481000,None,None,2070627000,3567991000,40.16,None,1286.81,547.89
2025-12-28,KLAC,31.86,12524317000.0,40.16,None,1.437,37.91,11552000,None,1129191000,1129191000,-80790000,-57543000,57720000,2128000,-39710000,None,None,-28890000,199000,204097000,None,942091000,942091000,95192000,None,None,439899000,None,None,69436000,21653000,7.2,0.0056,41809000,41809000,None,0.208,0.2,309791000,379227000,8.61,2010-12-31,35.09,70341000,7676811000.0,1128536000,377858000,1507000,70341000,70341000,None,0,None,449156000,None,None,None,None,None,185492000,None,None,None,0.417,193925000,818745000,309791000,328392000,780539000,None,None,None,None,None,None,None,2.413,33.66,13.45,None,None,None,None,None,-57017000,None,0.338,None,395412000,2025-10-29,quarterly,8.81,USD,post-market,393823000,2137710000,0.204,0.992,0.13,94.57,424922000,None,None,1196605000,931.36,1186.47,2.3229,4575911000,3543243000,1002481000,1002481000,None,None,2070627000,3567991000,40.16,None,1286.81,547.89
2025-12-28,KLAC,31.86,12524317000.0,40.16,None,1.437,37.91,11163000,None,1129191000,1129191000,-110505000,14155000,8466000,9288000,-63450000,None,None,-50342000,199000,204097000,None,942091000,942091000,95192000,None,None,439899000,None,None,69436000,20783000,7.2,0.0056,41785000,41785000,None,0.208,0.2,309791000,379227000,8.61,2010-09-30,35.09,70341000,7676811000.0,1128536000,377858000,1507000,70341000,70341000,None,0,None,449156000,None,None,None,None,None,154196000,None,None,None,0.417,95528000,818745000,309791000,328392000,780539000,None,None,None,None,None,None,None,2.413,33.66,13.45,None,None,None,None,None,-62156000,None,0.338,None,395412000,2025-10-29,quarterly,8.81,USD,post-market,393823000,2137710000,0.204,0.992,0.13,94.57,424922000,None,None,1196605000,931.36,1186.47,2.3229,4575911000,3543243000,1002481000,1002481000,None,None,2070627000,3567991000,40.16,None,1286.81,547.89
2025-12-28,KLAC,31.86,12524317000.0,40.16,None,1.437,37.91,5791000,None,1129191000,1129191000,-95578000,976000,None,None,-26461000,None,None,None,199000,204097000,None,942091000,942091000,95192000,None,None,439899000,None,None,69436000,19554000,7.2,0.0056,25386000,25386000,None,0.208,0.2,309791000,379227000,8.61,2010-06-30,35.09,70341000,7676811000.0,1128536000,377858000,1507000,70341000,70341000,None,0,None,449156000,None,None,None,None,None,113085000,None,None,None,0.417,83278000,818745000,309791000,328392000,780539000,None,None,None,None,None,None,None,2.413,33.66,13.45,None,None,None,None,None,-81645000,None,0.338,None,395412000,2025-10-29,quarterly,8.81,USD,post-market,393823000,2137710000,0.204,0.992,0.13,94.57,424922000,None,None,1196605000,931.36,1186.47,2.3229,4575911000,3543243000,1002481000,1002481000,None,None,2070627000,3567991000,40.16,None,1286.81,547.89
2025-12-28,KLAC,31.86,12524317000.0,40.16,None,1.437,37.91,10041000,None,1129191000,1129191000,-80719000,-32211000,None,None,-25604000,None,None,None,199000,204097000,None,942091000,942091000,95192000,None,None,439899000,None,None,69436000,21420000,7.2,0.0056,25731000,25731000,None,0.208,0.2,309791000,379227000,8.61,2010-03-31,35.09,70341000,7676811000.0,1128536000,377858000,1507000,70341000,70341000,None,0,None,449156000,None,None,None,None,None,57016000,None,None,None,0.417,127672000,818745000,309791000,328392000,780539000,None,None,None,None,None,None,None,2.413,33.66,13.45,None,None,None,None,None,-54630000,None,0.338,None,395412000,2025-10-29,quarterly,8.81,USD,post-market,393823000,2137710000,0.204,0.992,0.13,94.57,424922000,None,None,1196605000,931.36,1186.47,2.3229,4575911000,3543243000,1002481000,1002481000,None,None,2070627000,3567991000,40.16,None,1286.81,547.89
2025-12-28,KLAC,31.86,12524317000.0,40.16,None,1.437,37.91,10735000,None,1129191000,1129191000,-15512000,-156608000,None,None,-2621000,None,None,None,199000,204097000,None,942091000,942091000,95192000,None,None,439899000,None,None,69436000,23240000,7.2,0.0056,25686000,25686000,None,0.208,0.2,309791000,379227000,8.61,2009-12-31,35.09,70341000,7676811000.0,1128536000,377858000,1507000,70341000,70341000,None,0,None,449156000,None,None,None,None,None,21794000,None,None,None,0.417,163601000,818745000,309791000,328392000,780539000,None,None,None,None,None,None,None,2.413,33.66,13.45,None,None,None,None,None,None,None,0.338,None,395412000,2025-10-29,quarterly,8.81,USD,post-market,393823000,2137710000,0.204,0.992,0.13,94.57,424922000,None,None,1196605000,931.36,1186.47,2.3229,4575911000,3543243000,1002481000,1002481000,None,None,2070627000,3567991000,40.16,None,1286.81,547.89
2025-12-28,KLAC,31.86,12524317000.0,40.16,None,1.437,37.91,3635000,None,1129191000,1129191000,-24522000,-40121000,None,None,26971000,None,None,None,199000,204097000,None,942091000,942091000,95192000,None,None,439899000,None,None,69436000,23134000,7.2,0.0056,25606000,25606000,None,0.208,0.2,309791000,379227000,8.61,2009-09-30,35.09,70341000,7676811000.0,1128536000,377858000,1507000,70341000,70341000,None,0,None,449156000,None,None,None,None,None,20405000,None,None,None,0.417,73249000,818745000,309791000,328392000,780539000,None,None,None,None,None,None,None,2.413,33.66,13.45,None,None,None,None,None,None,None,0.338,None,395412000,2025-10-29,quarterly,8.81,USD,post-market,393823000,2137710000,0.204,0.992,0.13,94.57,424922000,None,None,1196605000,931.36,1186.47,2.3229,4575911000,3543243000,1002481000,1002481000,None,None,2070627000,3567991000,40.16,None,1286.81,547.89
2025-12-28,KLAC,31.86,12524317000.0,40.16,None,1.437,37.91,1980000,None,1129191000,1129191000,-13068000,-207088000,None,None,53111000,None,None,None,199000,204097000,None,942091000,942091000,95192000,None,None,439899000,None,None,69436000,25732000,7.2,0.0056,25490000,25490000,None,0.208,0.2,309791000,379227000,8.61,2009-06-30,35.09,70341000,7676811000.0,1128536000,377858000,1507000,70341000,70341000,None,0,None,449156000,None,None,None,None,None,-25576000,None,None,None,0.417,73438000,818745000,309791000,328392000,780539000,None,None,None,None,None,None,None,2.413,33.66,13.45,None,None,None,None,None,None,None,0.338,None,395412000,2025-10-29,quarterly,8.81,USD,post-market,393823000,2137710000,0.204,0.992,0.13,94.57,424922000,None,None,1196605000,931.36,1186.47,2.3229,4575911000,3543243000,1002481000,1002481000,None,None,2070627000,3567991000,40.16,None,1286.81,547.89
2025-12-28,KLAC,31.86,12524317000.0,40.16,None,1.437,37.91,3147000,None,1129191000,1129191000,-26793000,-23670000,None,None,53555000,None,None,None,199000,204097000,None,942091000,942091000,95192000,None,None,439899000,None,None,69436000,31762000,7.2,0.0056,25484000,25484000,None,0.208,0.2,309791000,379227000,8.61,2009-03-31,35.09,70341000,7676811000.0,1128536000,377858000,1507000,70341000,70341000,None,0,None,449156000,None,None,None,None,None,-82827000,None,None,None,0.417,76489000,818745000,309791000,328392000,780539000,None,None,None,None,None,None,None,2.413,33.66,13.45,None,None,None,None,None,None,None,0.338,None,395412000,2025-10-29,quarterly,8.81,USD,post-market,393823000,2137710000,0.204,0.992,0.13,94.57,424922000,None,None,1196605000,931.36,1186.47,2.3229,4575911000,3543243000,1002481000,1002481000,None,None,2070627000,3567991000,40.16,None,1286.81,547.89
2025-12-28,KLAC,31.86,12524317000.0,40.16,None,1.437,37.91,6967000,None,1129191000,1129191000,-53261000,2925000,None,None,30322000,None,None,None,199000,204097000,None,942091000,942091000,95192000,None,None,439899000,None,None,69436000,35646000,7.2,0.0056,25335000,25335000,None,0.208,0.2,309791000,379227000,8.61,2008-12-31,35.09,70341000,7676811000.0,1128536000,377858000,1507000,70341000,70341000,None,0,None,449156000,None,None,None,None,None,-434254000,None,None,None,0.417,-35600000,818745000,309791000,328392000,780539000,None,None,None,None,None,None,None,2.413,33.66,13.45,None,None,None,None,None,-49046000,None,0.338,None,395412000,2025-10-29,quarterly,8.81,USD,post-market,393823000,2137710000,0.204,0.992,0.13,94.57,424922000,None,None,1196605000,931.36,1186.47,2.3229,4575911000,3543243000,1002481000,1002481000,None,None,2070627000,3567991000,40.16,None,1286.81,547.89
2025-12-28,KLAC,31.86,12524317000.0,40.16,None,1.437,37.91,10132000,None,1129191000,1129191000,-205995000,-257067000,None,None,-16739000,None,None,None,199000,204097000,None,942091000,942091000,95192000,None,None,439899000,None,None,69436000,42708000,7.2,0.0056,25840000,25840000,None,0.208,0.2,309791000,379227000,8.61,2008-09-30,35.09,70341000,7676811000.0,1128536000,377858000,1507000,70341000,70341000,None,0,None,449156000,None,None,None,None,None,19289000,None,None,None,0.417,81357000,818745000,309791000,328392000,780539000,None,None,None,None,None,None,None,2.413,33.66,13.45,None,None,None,None,None,-177469000,None,0.338,None,395412000,2025-10-29,quarterly,8.81,USD,post-market,393823000,2137710000,0.204,0.992,0.13,94.57,424922000,None,None,1196605000,931.36,1186.47,2.3229,4575911000,3543243000,1002481000,1002481000,None,None,2070627000,3567991000,40.16,None,1286.81,547.89
2025-12-28,KLAC,31.86,12524317000.0,40.16,None,1.437,37.91,9629000,None,1129191000,1129191000,614316000,-230339000,None,None,13059000,None,None,None,199000,204097000,None,942091000,942091000,95192000,None,None,439899000,None,None,69436000,46469000,7.2,0.0056,26354000,26354000,None,0.208,0.2,309791000,379227000,8.61,2008-06-30,35.09,70341000,7676811000.0,1128536000,377858000,1507000,70341000,70341000,None,0,None,449156000,None,None,None,None,None,76010000,None,None,None,0.417,188374000,818745000,309791000,328392000,780539000,None,None,None,None,None,None,None,2.413,33.66,13.45,None,None,None,None,None,-121510000,None,0.338,None,395412000,2025-10-29,quarterly,8.81,USD,post-market,393823000,2137710000,0.204,0.992,0.13,94.57,424922000,None,None,1196605000,931.36,1186.47,2.3229,4575911000,3543243000,1002481000,1002481000,None,None,2070627000,3567991000,40.16,None,1286.81,547.89
2025-12-28,KLAC,31.86,12524317000.0,40.16,None,1.437,37.91,10202000,None,1129191000,1129191000,-199416000,49099000,None,None,29630000,None,None,None,199000,204097000,None,942091000,942091000,95192000,None,None,439899000,None,None,69436000,26610000,7.2,0.0056,26557000,26557000,None,0.208,0.2,309791000,379227000,8.61,2008-03-31,35.09,70341000,7676811000.0,1128536000,377858000,1507000,70341000,70341000,None,0,None,449156000,None,None,None,None,None,110980000,None,None,None,0.417,148212000,818745000,309791000,328392000,780539000,None,None,None,None,None,None,None,2.413,33.66,13.45,None,None,None,None,None,-179889000,None,0.338,None,395412000,2025-10-29,quarterly,8.81,USD,post-market,393823000,2137710000,0.204,0.992,0.13,94.57,424922000,None,None,1196605000,931.36,1186.47,2.3229,4575911000,3543243000,1002481000,1002481000,None,None,2070627000,3567991000,40.16,None,1286.81,547.89
2025-12-28,KLAC,31.86,12524317000.0,40.16,None,1.437,37.91,22609000,None,1129191000,1129191000,-121340000,29312000,None,None,17782000,None,None,None,199000,204097000,None,942091000,942091000,95192000,None,None,439899000,None,None,69436000,28345000,7.2,0.0056,27151000,27151000,None,0.208,0.2,309791000,379227000,8.61,2007-12-31,35.09,70341000,7676811000.0,1128536000,377858000,1507000,70341000,70341000,None,0,None,449156000,None,None,None,None,None,83935000,None,None,None,0.417,126427000,818745000,309791000,328392000,780539000,None,None,None,None,None,None,None,2.413,33.66,13.45,None,None,None,None,None,-126237000,None,0.338,None,395412000,2025-10-29,quarterly,8.81,USD,post-market,393823000,2137710000,0.204,0.992,0.13,94.57,424922000,None,None,1196605000,931.36,1186.47,2.3229,4575911000,3543243000,1002481000,1002481000,None,None,2070627000,3567991000,40.16,None,1286.81,547.89
2025-12-28,KLAC,31.86,12524317000.0,40.16,None,1.437,37.91,14883000,None,1129191000,1129191000,-612498000,204427000,None,None,39697000,None,None,None,199000,204097000,None,942091000,942091000,95192000,None,None,439899000,None,None,69436000,24952000,7.2,0.0056,28459000,28459000,None,0.208,0.2,309791000,379227000,8.61,2007-09-30,35.09,70341000,7676811000.0,1128536000,377858000,1507000,70341000,70341000,None,0,None,449156000,None,None,None,None,None,88158000,None,None,None,0.417,205162000,818745000,309791000,328392000,780539000,None,None,None,None,None,None,None,2.413,33.66,13.45,None,None,None,None,None,-683534000,None,0.338,None,395412000,2025-10-29,quarterly,8.81,USD,post-market,393823000,2137710000,0.204,0.992,0.13,94.57,424922000,None,None,1196605000,931.36,1186.47,2.3229,4575911000,3543243000,1002481000,1002481000,None,None,2070627000,3567991000,40.16,None,1286.81,547.89
2025-12-28,KLAC,31.86,12524317000.0,40.16,None,1.437,37.91,29141000,None,1129191000,1129191000,75757000,-121308000,None,None,40690000,None,None,None,199000,204097000,None,942091000,942091000,95192000,None,None,439899000,None,None,69436000,36138000,7.2,0.0056,23037000,23037000,None,0.208,0.2,309791000,379227000,8.61,2007-06-30,35.09,70341000,7676811000.0,1128536000,377858000,1507000,70341000,70341000,None,0,None,449156000,None,None,None,None,None,147342000,None,None,None,0.417,155470000,818745000,309791000,328392000,780539000,None,None,None,None,None,None,None,2.413,33.66,13.45,None,None,None,None,None,-44879000,None,0.338,None,395412000,2025-10-29,quarterly,8.81,USD,post-market,393823000,2137710000,0.204,0.992,0.13,94.57,424922000,None,None,1196605000,931.36,1186.47,2.3229,4575911000,3543243000,1002481000,1002481000,None,None,2070627000,3567991000,40.16,None,1286.81,547.89
2025-12-28,KLAC,31.86,12524317000.0,40.16,None,1.437,37.91,22834000,None,1129191000,1129191000,-680502000,223805000,None,None,37223000,None,None,None,199000,204097000,None,942091000,942091000,95192000,None,None,439899000,None,None,69436000,29305000,7.2,0.0056,23893000,23893000,None,0.208,0.2,309791000,379227000,8.61,2007-03-31,35.09,70341000,7676811000.0,1128536000,377858000,1507000,70341000,70341000,None,0,None,449156000,None,None,None,None,None,154785000,None,None,None,0.417,198608000,818745000,309791000,328392000,780539000,None,None,None,None,None,None,None,2.413,33.66,13.45,None,None,None,None,None,None,None,0.338,None,395412000,2025-10-29,quarterly,8.81,USD,post-market,393823000,2137710000,0.204,0.992,0.13,94.57,424922000,None,None,1196605000,931.36,1186.47,2.3229,4575911000,3543243000,1002481000,1002481000,None,None,2070627000,3567991000,40.16,None,1286.81,547.89
2025-12-28,KLAC,31.86,12524317000.0,40.16,None,1.437,37.91,19494000,None,1129191000,1129191000,-23967000,-467598000,None,None,-25794000,None,None,None,199000,204097000,None,942091000,942091000,95192000,None,None,439899000,None,None,69436000,29049000,7.2,0.0056,23967000,23967000,None,0.208,0.2,309791000,379227000,8.61,2006-12-31,35.09,70341000,7676811000.0,1128536000,377858000,1507000,70341000,70341000,None,0,None,449156000,None,None,None,None,None,90049000,None,None,None,0.417,149640000,818745000,309791000,328392000,780539000,None,None,None,None,None,None,None,2.413,33.66,13.45,None,None,None,None,None,-78285000,None,0.338,None,395412000,2025-10-29,quarterly,8.81,USD,post-market,393823000,2137710000,0.204,0.992,0.13,94.57,424922000,None,None,1196605000,931.36,1186.47,2.3229,4575911000,3543243000,1002481000,1002481000,None,None,2070627000,3567991000,40.16,None,1286.81,547.89
2025-12-28,KLAC,31.86,12524317000.0,40.16,None,1.437,37.91,12313000,None,1129191000,1129191000,-4515000,None,None,None,-43104000,None,None,None,199000,204097000,None,942091000,942091000,95192000,None,None,439899000,None,None,69436000,14798000,7.2,0.0056,24160000,24160000,None,0.208,0.2,309791000,379227000,8.61,2006-09-30,35.09,70341000,7676811000.0,1128536000,377858000,1507000,70341000,70341000,None,0,None,449156000,None,None,None,None,None,135922000,None,None,None,0.417,106968000,818745000,309791000,328392000,780539000,None,None,None,None,None,None,None,2.413,33.66,13.45,None,None,None,None,None,None,None,0.338,None,395412000,2025-10-29,quarterly,8.81,USD,post-market,393823000,2137710000,0.204,0.992,0.13,94.57,424922000,None,None,1196605000,931.36,1186.47,2.3229,4575911000,3543243000,1002481000,1002481000,None,None,2070627000,3567991000,40.16,None,1286.81,547.89
2025-12-28,KLAC,31.86,12524317000.0,40.16,None,1.437,37.91,14686000,None,1129191000,1129191000,-72085000,225070000,None,None,-11826000,None,None,None,199000,204097000,None,942091000,942091000,95192000,None,None,439899000,None,None,69436000,17941000,7.2,0.0056,23887000,23887000,None,0.208,0.2,309791000,379227000,8.61,2006-06-30,35.09,70341000,7676811000.0,1128536000,377858000,1507000,70341000,70341000,None,0,None,449156000,None,None,None,None,None,128982000,None,None,None,0.417,133786000,818745000,309791000,328392000,780539000,None,None,None,None,None,None,None,2.413,33.66,13.45,None,None,None,None,None,-78285000,None,0.338,None,395412000,2025-10-29,quarterly,8.81,USD,post-market,393823000,2137710000,0.204,0.992,0.13,94.57,424922000,None,None,1196605000,931.36,1186.47,2.3229,4575911000,3543243000,1002481000,1002481000,None,None,2070627000,3567991000,40.16,None,1286.81,547.89
2025-12-28,KLAC,31.86,12524317000.0,40.16,None,1.437,37.91,20339000,None,1129191000,1129191000,-31066000,-59260000,None,None,-26893000,None,None,None,199000,204097000,None,942091000,942091000,95192000,None,None,439899000,None,None,69436000,16629000,7.2,0.0056,24011000,24011000,None,0.208,0.2,309791000,379227000,8.61,2006-03-31,35.09,70341000,7676811000.0,1128536000,377858000,1507000,70341000,70341000,None,0,None,449156000,None,None,None,None,None,96684000,None,None,None,0.417,111671000,818745000,309791000,328392000,780539000,None,None,None,None,None,None,None,2.413,33.66,13.45,None,None,None,None,None,-58770000,None,0.338,None,395412000,2025-10-29,quarterly,8.81,USD,post-market,393823000,2137710000,0.204,0.992,0.13,94.57,424922000,None,None,1196605000,931.36,1186.47,2.3229,4575911000,3543243000,1002481000,1002481000,None,None,2070627000,3567991000,40.16,None,1286.81,547.89
2025-12-28,KLAC,31.86,12524317000.0,40.16,None,1.437,37.91,20736000,None,1129191000,1129191000,11745000,109238000,None,None,-13401000,None,None,None,199000,204097000,None,942091000,942091000,95192000,None,None,439899000,None,None,69436000,17752000,7.2,0.0056,23741000,23741000,None,0.208,0.2,309791000,379227000,8.61,2005-12-31,35.09,70341000,7676811000.0,1128536000,377858000,1507000,70341000,70341000,None,0,None,449156000,None,None,None,None,None,76605000,None,None,None,0.417,60655000,818745000,309791000,328392000,780539000,None,None,None,None,None,None,None,2.413,33.66,13.45,None,None,None,None,None,-48874000,None,0.338,None,395412000,2025-10-29,quarterly,8.81,USD,post-market,393823000,2137710000,0.204,0.992,0.13,94.57,424922000,None,None,1196605000,931.36,1186.47,2.3229,4575911000,3543243000,1002481000,1002481000,None,None,2070627000,3567991000,40.16,None,1286.81,547.89
2025-12-28,KLAC,31.86,12524317000.0,40.16,None,1.437,37.91,18049000,None,1129191000,1129191000,3015000,69611000,None,None,-37967000,None,None,None,199000,204097000,None,942091000,942091000,95192000,None,None,439899000,None,None,69436000,17814000,7.2,0.0056,23709000,23709000,None,0.208,0.2,309791000,379227000,8.61,2005-09-30,35.09,70341000,7676811000.0,1128536000,377858000,1507000,70341000,70341000,None,0,None,449156000,None,None,None,None,None,75487000,None,None,None,0.417,12489000,818745000,309791000,328392000,780539000,None,None,None,None,None,None,None,2.413,33.66,13.45,None,None,None,None,None,-35488000,None,0.338,None,395412000,2025-10-29,quarterly,8.81,USD,post-market,393823000,2137710000,0.204,0.992,0.13,94.57,424922000,None,None,1196605000,931.36,1186.47,2.3229,4575911000,3543243000,1002481000,1002481000,None,None,2070627000,3567991000,40.16,None,1286.81,547.89
2025-12-28,KLAC,31.86,12524317000.0,40.16,None,1.437,37.91,340209000,None,1129191000,1129191000,-3785687000,-202481000,None,None,-155170000,None,None,None,199000,204097000,None,942091000,942091000,95192000,None,None,439899000,None,None,69436000,394088000,7.2,0.0056,904594000,904594000,None,0.208,0.2,309791000,379227000,8.61,2025-06-30,35.09,70341000,7676811000.0,1128536000,377858000,1507000,70341000,70341000,None,0,None,449156000,None,None,None,None,None,4061643000,None,None,None,0.417,4081903000,818745000,309791000,328392000,780539000,None,None,None,None,None,None,None,2.413,33.66,13.45,None,None,None,None,None,-2149946000,None,0.338,None,395412000,2025-10-29,annual,8.81,USD,post-market,393823000,2137710000,0.204,0.992,0.13,94.57,424922000,None,None,1196605000,931.36,1186.47,2.3229,4575911000,3543243000,1002481000,1002481000,None,None,2070627000,3567991000,40.16,None,1286.81,547.89
2025-12-28,KLAC,31.86,12524317000.0,40.16,None,1.437,37.91,277384000,None,1129191000,1129191000,-1776017000,-1476985000,None,None,-164092000,None,None,None,199000,204097000,None,942091000,942091000,95192000,None,None,439899000,None,None,69436000,401730000,7.2,0.0056,773041000,773041000,None,0.208,0.2,309791000,379227000,8.61,2024-06-30,35.09,70341000,7676811000.0,1128536000,377858000,1507000,70341000,70341000,None,0,None,449156000,None,None,None,None,None,2761896000,None,None,None,0.417,3308575000,818745000,309791000,328392000,780539000,None,None,None,None,None,None,None,2.413,33.66,13.45,None,None,None,None,None,-1735746000,None,0.338,None,395412000,2025-10-29,annual,8.81,USD,post-market,393823000,2137710000,0.204,0.992,0.13,94.57,424922000,None,None,1196605000,931.36,1186.47,2.3229,4575911000,3543243000,1002481000,1002481000,None,None,2070627000,3567991000,40.16,None,1286.81,547.89
2025-12-28,KLAC,31.86,12524317000.0,40.16,None,1.437,37.91,341591000,None,1129191000,1129191000,-511321000,-482571000,356945000,None,-144654000,None,None,None,199000,204097000,None,942091000,942091000,95192000,None,None,439899000,None,None,69436000,104813000,7.2,0.0056,179510000,179510000,None,0.208,0.2,309791000,379227000,8.61,2023-06-30,35.09,70341000,7676811000.0,1128536000,377858000,1507000,70341000,70341000,None,0,None,449156000,None,None,None,None,None,684654000,None,None,None,0.417,3669805000,818745000,309791000,328392000,780539000,None,None,None,None,None,None,None,2.413,33.66,13.45,None,None,None,None,None,-388825000,None,0.338,None,395412000,2025-10-29,annual,8.81,USD,post-market,393823000,2137710000,0.204,0.992,0.13,94.57,424922000,None,None,1196605000,931.36,1186.47,2.3229,4575911000,3543243000,1002481000,1002481000,None,None,2070627000,3567991000,40.16,None,1286.81,547.89
2025-12-28,KLAC,31.86,12524317000.0,40.16,None,1.437,37.91,307320000,None,1129191000,1129191000,-603726000,-876458000,179239000,None,-170600000,None,None,None,199000,204097000,None,942091000,942091000,95192000,None,None,439899000,None,None,69436000,100848000,7.2,0.0056,157602000,157602000,None,0.208,0.2,309791000,379227000,8.61,2022-06-30,35.09,70341000,7676811000.0,1128536000,377858000,1507000,70341000,70341000,None,0,None,449156000,None,None,None,None,None,805398000,None,None,None,0.417,3312702000,818745000,309791000,328392000,780539000,None,None,None,None,None,None,None,2.413,33.66,13.45,None,None,None,None,None,-2573589000,None,0.338,None,395412000,2025-10-29,annual,8.81,USD,post-market,393823000,2137710000,0.204,0.992,0.13,94.57,424922000,None,None,1196605000,931.36,1186.47,2.3229,4575911000,3543243000,1002481000,1002481000,None,None,2070627000,3567991000,40.16,None,1286.81,547.89
2025-12-28,KLAC,31.86,12524317000.0,40.16,None,1.437,37.91,231627000,None,1129191000,1129191000,-1497881000,-500404000,186741000,None,-270100000,None,None,None,199000,204097000,None,942091000,942091000,95192000,None,None,439899000,None,None,69436000,333335000,7.2,0.0056,559353000,559353000,None,0.208,0.2,309791000,379227000,8.61,2021-06-30,35.09,70341000,7676811000.0,1128536000,377858000,1507000,70341000,70341000,None,0,None,449156000,None,None,None,None,None,2077353000,None,None,None,0.417,2185024000,818745000,309791000,328392000,780539000,None,None,None,None,None,None,None,2.413,33.66,13.45,None,None,None,None,None,-938607000,None,0.338,None,395412000,2025-10-29,annual,8.81,USD,post-market,393823000,2137710000,0.204,0.992,0.13,94.57,424922000,None,None,1196605000,931.36,1186.47,2.3229,4575911000,3543243000,1002481000,1002481000,None,None,2070627000,3567991000,40.16,None,1286.81,547.89
2025-12-28,KLAC,31.86,12524317000.0,40.16,None,1.437,37.91,152675000,None,1129191000,1129191000,-1299635000,-258874000,220341000,None,-74817000,None,None,None,199000,204097000,None,942091000,942091000,95192000,None,None,439899000,None,None,69436000,348049000,7.2,0.0056,522421000,522421000,None,0.208,0.2,309791000,379227000,8.61,2020-06-30,35.09,70341000,7676811000.0,1128536000,377858000,1507000,70341000,70341000,None,0,None,449156000,None,None,None,None,None,1215025000,None,None,None,0.417,1778850000,818745000,309791000,328392000,780539000,None,None,None,None,None,None,None,2.413,33.66,13.45,None,None,None,None,None,-829084000,None,0.338,None,395412000,2025-10-29,annual,8.81,USD,post-market,393823000,2137710000,0.204,0.992,0.13,94.57,424922000,None,None,1196605000,931.36,1186.47,2.3229,4575911000,3543243000,1002481000,1002481000,None,None,2070627000,3567991000,40.16,None,1286.81,547.89
2025-12-28,KLAC,31.86,12524317000.0,40.16,None,1.437,37.91,130498000,None,1129191000,1129191000,-360005000,-1180982000,-388355000,None,-59561000,None,None,-146151000,199000,204097000,None,942091000,942091000,95192000,None,None,439899000,None,None,69436000,233224000,7.2,0.0056,472263000,472263000,None,0.208,0.2,309791000,379227000,8.61,2019-06-30,35.09,70341000,7676811000.0,1128536000,377858000,1507000,70341000,70341000,None,0,None,449156000,None,None,None,None,None,1175017000,None,None,None,0.417,1152632000,818745000,309791000,328392000,780539000,None,None,None,None,None,None,None,2.413,33.66,13.45,None,None,None,None,None,-1095202000,None,0.338,None,395412000,2025-10-29,annual,8.81,USD,post-market,393823000,2137710000,0.204,0.992,0.13,94.57,424922000,None,None,1196605000,931.36,1186.47,2.3229,4575911000,3543243000,1002481000,1002481000,None,None,2070627000,3567991000,40.16,None,1286.81,547.89
2025-12-28,KLAC,31.86,12524317000.0,40.16,None,1.437,37.91,66947000,None,1129191000,1129191000,-1270103000,291618000,251331000,696000,-179605000,None,None,-76497000,199000,204097000,None,942091000,942091000,95192000,None,None,439899000,None,None,69436000,62684000,7.2,0.0056,402065000,402065000,None,0.208,0.2,309791000,379227000,8.61,2018-06-30,35.09,70341000,7676811000.0,1128536000,377858000,1507000,70341000,70341000,None,0,None,449156000,None,None,None,None,None,802265000,None,None,None,0.417,1229120000,818745000,309791000,328392000,780539000,None,None,None,None,None,None,None,2.413,33.66,13.45,None,None,None,None,None,-203169000,None,0.338,None,395412000,2025-10-29,annual,8.81,USD,post-market,393823000,2137710000,0.204,0.992,0.13,94.57,424922000,None,None,1196605000,931.36,1186.47,2.3229,4575911000,3543243000,1002481000,1002481000,None,None,2070627000,3567991000,40.16,None,1286.81,547.89
2025-12-28,KLAC,31.86,12524317000.0,40.16,None,1.437,37.91,38594000,None,1129191000,1129191000,-472805000,-560886000,44563000,-1411000,-46549000,None,None,39898000,199000,204097000,None,942091000,942091000,95192000,None,None,439899000,None,None,69436000,57836000,7.2,0.0056,343993000,343993000,None,0.208,0.2,309791000,379227000,8.61,2017-06-30,35.09,70341000,7676811000.0,1128536000,377858000,1507000,70341000,70341000,None,0,None,449156000,None,None,None,None,None,926076000,None,None,None,0.417,1079665000,818745000,309791000,328392000,780539000,None,None,None,None,None,None,None,2.413,33.66,13.45,None,None,None,None,None,-25002000,None,0.338,None,395412000,2025-10-29,annual,8.81,USD,post-market,393823000,2137710000,0.204,0.992,0.13,94.57,424922000,None,None,1196605000,931.36,1186.47,2.3229,4575911000,3543243000,1002481000,1002481000,None,None,2070627000,3567991000,40.16,None,1286.81,547.89
2025-12-28,KLAC,31.86,12524317000.0,40.16,None,1.437,37.91,31741000,None,1129191000,1129191000,-636702000,144687000,270463000,2782000,-67579000,None,None,-8292000,199000,204097000,None,942091000,942091000,95192000,None,None,439899000,None,None,69436000,66932000,7.2,0.0056,346283000,346283000,None,0.208,0.2,309791000,379227000,8.61,2016-06-30,35.09,70341000,7676811000.0,1128536000,377858000,1507000,70341000,70341000,None,0,None,449156000,None,None,None,None,None,704422000,None,None,None,0.417,759696000,818745000,309791000,328392000,780539000,None,None,None,None,None,None,None,2.413,33.66,13.45,None,None,None,None,None,-181711000,None,0.338,None,395412000,2025-10-29,annual,8.81,USD,post-market,393823000,2137710000,0.204,0.992,0.13,94.57,424922000,None,None,1196605000,931.36,1186.47,2.3229,4575911000,3543243000,1002481000,1002481000,None,None,2070627000,3567991000,40.16,None,1286.81,547.89
2025-12-28,KLAC,31.86,12524317000.0,40.16,None,1.437,37.91,45791000,None,1129191000,1129191000,-1302972000,918221000,207164000,-13991000,27500000,None,None,-118520000,199000,204097000,None,942091000,942091000,95192000,None,None,439899000,None,None,69436000,80536000,7.2,0.0056,3041055000,3041055000,None,0.208,0.2,309791000,379227000,8.61,2015-06-30,35.09,70341000,7676811000.0,1128536000,377858000,1507000,70341000,70341000,None,0,None,449156000,None,None,None,None,None,366158000,None,None,None,0.417,605906000,818745000,309791000,328392000,780539000,None,None,None,None,None,None,None,2.413,33.66,13.45,None,None,None,None,None,-602888000,None,0.338,None,395412000,2025-10-29,annual,8.81,USD,post-market,393823000,2137710000,0.204,0.992,0.13,94.57,424922000,None,None,1196605000,931.36,1186.47,2.3229,4575911000,3543243000,1002481000,1002481000,None,None,2070627000,3567991000,40.16,None,1286.81,547.89
2025-12-28,KLAC,31.86,12524317000.0,40.16,None,1.437,37.91,67502000,None,1129191000,1129191000,-458887000,-676109000,-354529000,1581000,-26173000,None,None,32591000,199000,204097000,None,942091000,942091000,95192000,None,None,439899000,None,None,69436000,83072000,7.2,0.0056,298871000,298871000,None,0.208,0.2,309791000,379227000,8.61,2014-06-30,35.09,70341000,7676811000.0,1128536000,377858000,1507000,70341000,70341000,None,0,None,449156000,None,None,None,None,None,582755000,None,None,None,0.417,778886000,818745000,309791000,328392000,780539000,None,None,None,None,None,None,None,2.413,33.66,13.45,None,None,None,None,None,-240843000,None,0.338,None,395412000,2025-10-29,annual,8.81,USD,post-market,393823000,2137710000,0.204,0.992,0.13,94.57,424922000,None,None,1196605000,931.36,1186.47,2.3229,4575911000,3543243000,1002481000,1002481000,None,None,2070627000,3567991000,40.16,None,1286.81,547.89
2025-12-28,KLAC,31.86,12524317000.0,40.16,None,1.437,37.91,74573000,None,1129191000,1129191000,-428510000,-241447000,234096000,-9135000,14787000,None,None,159245000,199000,204097000,None,942091000,942091000,95192000,None,None,439899000,None,None,69436000,87534000,7.2,0.0056,265893000,265893000,None,0.208,0.2,309791000,379227000,8.61,2013-06-30,35.09,70341000,7676811000.0,1128536000,377858000,1507000,70341000,70341000,None,0,None,449156000,None,None,None,None,None,543149000,None,None,None,0.417,913188000,818745000,309791000,328392000,780539000,None,None,None,None,None,None,None,2.413,33.66,13.45,None,None,None,None,None,-273254000,None,0.338,None,395412000,2025-10-29,annual,8.81,USD,post-market,393823000,2137710000,0.204,0.992,0.13,94.57,424922000,None,None,1196605000,931.36,1186.47,2.3229,4575911000,3543243000,1002481000,1002481000,None,None,2070627000,3567991000,40.16,None,1286.81,547.89
2025-12-28,KLAC,31.86,12524317000.0,40.16,None,1.437,37.91,57596000,None,1129191000,1129191000,-364103000,-528891000,39965000,-8658000,-93145000,None,None,-113922000,199000,204097000,None,942091000,942091000,95192000,None,None,439899000,None,None,69436000,92133000,7.2,0.0056,233561000,233561000,None,0.208,0.2,309791000,379227000,8.61,2012-06-30,35.09,70341000,7676811000.0,1128536000,377858000,1507000,70341000,70341000,None,0,None,449156000,None,None,None,None,None,756015000,None,None,None,0.417,941617000,818745000,309791000,328392000,780539000,None,None,None,None,None,None,None,2.413,33.66,13.45,None,None,None,None,None,-263864000,None,0.338,None,395412000,2025-10-29,annual,8.81,USD,post-market,393823000,2137710000,0.204,0.992,0.13,94.57,424922000,None,None,1196605000,931.36,1186.47,2.3229,4575911000,3543243000,1002481000,1002481000,None,None,2070627000,3567991000,40.16,None,1286.81,547.89
2025-12-28,KLAC,31.86,12524317000.0,40.16,None,1.437,37.91,51151000,None,1129191000,1129191000,-300155000,-359510000,181411000,17910000,-170141000,None,None,-128219000,199000,204097000,None,942091000,942091000,95192000,None,None,439899000,None,None,69436000,86044000,7.2,0.0056,167398000,167398000,None,0.208,0.2,309791000,379227000,8.61,2011-06-30,35.09,70341000,7676811000.0,1128536000,377858000,1507000,70341000,70341000,None,0,None,449156000,None,None,None,None,None,794488000,None,None,None,0.417,823166000,818745000,309791000,328392000,780539000,None,None,None,None,None,None,None,2.413,33.66,13.45,None,None,None,None,None,-234844000,None,0.338,None,395412000,2025-10-29,annual,8.81,USD,post-market,393823000,2137710000,0.204,0.992,0.13,94.57,424922000,None,None,1196605000,931.36,1186.47,2.3229,4575911000,3543243000,1002481000,1002481000,None,None,2070627000,3567991000,40.16,None,1286.81,547.89
2025-12-28,KLAC,31.86,12524317000.0,40.16,None,1.437,37.91,30202000,None,1129191000,1129191000,-216331000,-227964000,None,None,-27715000,None,None,None,199000,204097000,None,942091000,942091000,95192000,None,None,439899000,None,None,69436000,87348000,7.2,0.0056,102409000,102409000,None,0.208,0.2,309791000,379227000,8.61,2010-06-30,35.09,70341000,7676811000.0,1128536000,377858000,1507000,70341000,70341000,None,0,None,449156000,None,None,None,None,None,212300000,None,None,None,0.417,447800000,818745000,309791000,328392000,780539000,None,None,None,None,None,None,None,2.413,33.66,13.45,None,None,None,None,None,-136275000,None,0.338,None,395412000,2025-10-29,annual,8.81,USD,post-market,393823000,2137710000,0.204,0.992,0.13,94.57,424922000,None,None,1196605000,931.36,1186.47,2.3229,4575911000,3543243000,1002481000,1002481000,None,None,2070627000,3567991000,40.16,None,1286.81,547.89
2025-12-28,KLAC,31.86,12524317000.0,40.16,None,1.437,37.91,22226000,None,1129191000,1129191000,-299117000,-484900000,None,None,120249000,None,None,None,199000,204097000,None,942091000,942091000,95192000,None,None,439899000,None,None,69436000,135848000,7.2,0.0056,102149000,102149000,None,0.208,0.2,309791000,379227000,8.61,2009-06-30,35.09,70341000,7676811000.0,1128536000,377858000,1507000,70341000,70341000,None,0,None,449156000,None,None,None,None,None,-523368000,None,None,None,0.417,195684000,818745000,309791000,328392000,780539000,None,None,None,None,None,None,None,2.413,33.66,13.45,None,None,None,None,None,-226515000,None,0.338,None,395412000,2025-10-29,annual,8.81,USD,post-market,393823000,2137710000,0.204,0.992,0.13,94.57,424922000,None,None,1196605000,931.36,1186.47,2.3229,4575911000,3543243000,1002481000,1002481000,None,None,2070627000,3567991000,40.16,None,1286.81,547.89
2025-12-28,KLAC,31.86,12524317000.0,40.16,None,1.437,37.91,57323000,None,1129191000,1129191000,-318938000,52499000,None,None,100168000,None,None,None,199000,204097000,None,942091000,942091000,95192000,None,None,439899000,None,None,69436000,126376000,7.2,0.0056,108521000,108521000,None,0.208,0.2,309791000,379227000,8.61,2008-06-30,35.09,70341000,7676811000.0,1128536000,377858000,1507000,70341000,70341000,None,0,None,449156000,None,None,None,None,None,359083000,None,None,None,0.417,668175000,818745000,309791000,328392000,780539000,None,None,None,None,None,None,None,2.413,33.66,13.45,None,None,None,None,None,-1111170000,None,0.338,None,395412000,2025-10-29,annual,8.81,USD,post-market,393823000,2137710000,0.204,0.992,0.13,94.57,424922000,None,None,1196605000,931.36,1186.47,2.3229,4575911000,3543243000,1002481000,1002481000,None,None,2070627000,3567991000,40.16,None,1286.81,547.89
2025-12-28,KLAC,31.86,12524317000.0,40.16,None,1.437,37.91,83782000,None,1129191000,1129191000,-633227000,-399268000,None,None,9015000,None,None,None,199000,204097000,None,942091000,942091000,95192000,None,None,439899000,None,None,69436000,109290000,7.2,0.0056,95057000,95057000,None,0.208,0.2,309791000,379227000,8.61,2007-06-30,35.09,70341000,7676811000.0,1128536000,377858000,1507000,70341000,70341000,None,0,None,449156000,None,None,None,None,None,528098000,None,None,None,0.417,610686000,818745000,309791000,328392000,780539000,None,None,None,None,None,None,None,2.413,33.66,13.45,None,None,None,None,None,-808461000,None,0.338,None,395412000,2025-10-29,annual,8.81,USD,post-market,393823000,2137710000,0.204,0.992,0.13,94.57,424922000,None,None,1196605000,931.36,1186.47,2.3229,4575911000,3543243000,1002481000,1002481000,None,None,2070627000,3567991000,40.16,None,1286.81,547.89
2025-12-28,KLAC,31.86,12524317000.0,40.16,None,1.437,37.91,73810000,None,1129191000,1129191000,-84959000,225070000,None,None,-87676000,None,None,None,199000,204097000,None,942091000,942091000,95192000,None,None,439899000,None,None,69436000,69436000,7.2,0.0056,95348000,95348000,None,0.208,0.2,309791000,379227000,8.61,2006-06-30,35.09,70341000,7676811000.0,1128536000,377858000,1507000,70341000,70341000,None,0,None,449156000,None,None,None,None,None,380452000,None,None,None,0.417,315169000,818745000,309791000,328392000,780539000,None,None,None,None,None,None,None,2.413,33.66,13.45,None,None,None,None,None,-221417000,None,0.338,None,395412000,2025-10-29,annual,8.81,USD,post-market,393823000,2137710000,0.204,0.992,0.13,94.57,424922000,None,None,1196605000,931.36,1186.47,2.3229,4575911000,3543243000,1002481000,1002481000,None,None,2070627000,3567991000,40.16,None,1286.81,547.89
