date,symbol,eps,revenue_ttm,pe_ratio,accumulateddepreciationamortizationppe,beta,book_value,capitalexpenditures,capitalleaseobligations,cashandcashequivalentsatcarryingvalue,cashandshortterminvestments,cashflowfromfinancing,cashflowfrominvestment,changeincashandcashequivalents,changeinexchangerate,changeininventory,changeinoperatingassets,changeinoperatingliabilities,changeinreceivables,commonstock,commonstocksharesoutstanding,comprehensiveincomenetoftax,costofgoodsandservicessold,costofrevenue,currentaccountspayable,currentdebt,currentlongtermdebt,currentnetreceivables,deferredrevenue,depreciation,depreciationandamortization,depreciationdepletionandamortization,dividend_per_share,dividend_yield,dividendpayout,dividendpayoutcommonstock,dividendpayoutpreferredstock,earnings_growth_yoy,earnings_surprise,ebit,ebitda,estimated_eps,fiscaldateending,forward_pe,goodwill,gross_profit_ttm,grossprofit,incomebeforetax,incometaxexpense,intangibleassets,intangibleassetsexcludinggoodwill,interestanddebtexpense,interestexpense,interestincome,inventory,investmentincomenet,investments,longtermdebt,longtermdebtnoncurrent,longterminvestments,netincome,netincomefromcontinuingoperations,netinterestincome,noninterestincome,operating_margin_ttm,operatingcashflow,operatingexpenses,operatingincome,othercurrentassets,othercurrentliabilities,othernoncurrentassets,othernoncurrentliabilities,othernonoperatingincome,paymentsforoperatingactivities,paymentsforrepurchaseofcommonstock,paymentsforrepurchaseofequity,paymentsforrepurchaseofpreferredstock,peg_ratio,price_to_book,price_to_sales_ttm,proceedsfromissuanceofcommonstock,proceedsfromissuanceoflongtermdebtandcapitalsecuritiesnet,proceedsfromissuanceofpreferredstock,proceedsfromoperatingactivities,proceedsfromrepaymentsofshorttermdebt,proceedsfromrepurchaseofequity,proceedsfromsaleoftreasurystock,profit_margin,profitloss,propertyplantequipment,report_date,report_type,reported_eps,reportedcurrency,reporttime,researchanddevelopment,retainedearnings,return_on_assets_ttm,return_on_equity_ttm,revenue_growth_yoy,revenue_per_share_ttm,sellinggeneralandadministrative,shortlongtermdebttotal,shorttermdebt,shortterminvestments,sma_200,sma_50,surprise_pct,totalassets,totalcurrentassets,totalcurrentliabilities,totalliabilities,totalnoncurrentassets,totalnoncurrentliabilities,totalrevenue,totalshareholderequity,trailing_pe,treasurystock,week_52_high,week_52_low
1996-03-31,KMB,,,,,,,,,,,,,,,,,,,,,,,,,,,,,,,,,,,,,,0.01,,,0.55,,,,,,,,,,,,,,,,,,,,,,,,,,,,,,,,,,,,,,,,,,,,,,,,,1996-04-18,,0.56,,pre-market,,,,,,,,,,,,,1.8182,,,,,,,,,,,,
1996-06-30,KMB,,,,,,,,,,,,,,,,,,,,,,,,,,,,,,,,,,,,,,0.0,,,0.57,,,,,,,,,,,,,,,,,,,,,,,,,,,,,,,,,,,,,,,,,,,,,,,,,1996-07-24,,0.57,,pre-market,,,,,,,,,,,,,0.0,,,,,,,,,,,,
1996-09-30,KMB,,,,,,,,,,,,,,,,,,,,,,,,,,,,,,,,,,,,,,0.02,,,0.6,,,,,,,,,,,,,,,,,,,,,,,,,,,,,,,,,,,,,,,,,,,,,,,,,1996-10-22,,0.62,,pre-market,,,,,,,,,,,,,3.3333,,,,,,,,,,,,
1996-12-31,KMB,,,,,,,,,,,,,,,,,,,,,,,,,,,,,,,,,,,,,,-0.02,,,0.65,,,,,,,,,,,,,,,,,,,,,,,,,,,,,,,,,,,,,,,,,,,,,,,,,1997-01-28,,0.63,,pre-market,,,,,,,,,,,,,-3.0769,,,,,,,,,,,,
1997-03-31,KMB,,,,,,,,,,,,,,,,,,,,,,,,,,,,,,,,,,,,,,0.0,,,0.65,,,,,,,,,,,,,,,,,,,,,,,,,,,,,,,,,,,,,,,,,,,,,,,,,1997-04-17,,0.65,,pre-market,,,,,,,,,,,,,0.0,,,,,,,,,,,,
1997-06-30,KMB,,,,,,,,,,,,,,,,,,,,,,,,,,,,,,,,,,,,,,-0.04,,,0.62,,,,,,,,,,,,,,,,,,,,,,,,,,,,,,,,,,,,,,,,,,,,,,,,,1997-07-21,,0.58,,pre-market,,,,,,,,,,,,,-6.4516,,,,,,,,,,,,
1997-09-30,KMB,,,,,,,,,,,,,,,,,,,,,,,,,,,,,,,,,,,,,,0.0,,,0.57,,,,,,,,,,,,,,,,,,,,,,,,,,,,,,,,,,,,,,,,,,,,,,,,,1997-10-21,,0.57,,pre-market,,,,,,,,,,,,,0.0,,,,,,,,,,,,
1997-12-31,KMB,,,,,,,,,,,,,,,,,,,,,,,,,,,,,,,,,,,,,,0.0,,,0.62,,,,,,,,,,,,,,,,,,,,,,,,,,,,,,,,,,,,,,,,,,,,,,,,,1998-01-27,,0.62,,pre-market,,,,,,,,,,,,,0.0,,,,,,,,,,,,
1998-03-31,KMB,,,,,,,,,,,,,,,,,,,,,,,,,,,,,,,,,,,,,,0.01,,,0.55,,,,,,,,,,,,,,,,,,,,,,,,,,,,,,,,,,,,,,,,,,,,,,,,,1998-04-21,,0.56,,pre-market,,,,,,,,,,,,,1.8182,,,,,,,,,,,,
1998-06-30,KMB,,,,,,,,,,,,,,,,,,,,,,,,,,,,,,,,,,,,,,0.0,,,0.59,,,,,,,,,,,,,,,,,,,,,,,,,,,,,,,,,,,,,,,,,,,,,,,,,1998-07-22,,0.59,,pre-market,,,,,,,,,,,,,0.0,,,,,,,,,,,,
1998-09-30,KMB,,,,,,,,,,,,,,,,,,,,,,,,,,,,,,,,,,,,,,0.01,,,0.62,,,,,,,,,,,,,,,,,,,,,,,,,,,,,,,,,,,,,,,,,,,,,,,,,1998-10-22,,0.63,,pre-market,,,,,,,,,,,,,1.6129,,,,,,,,,,,,
1998-12-31,KMB,,,,,,,,,,,,,,,,,,,,,,,,,,,,,,,,,,,,,,0.02,,,0.67,,,,,,,,,,,,,,,,,,,,,,,,,,,,,,,,,,,,,,,,,,,,,,,,,1999-01-26,,0.69,,pre-market,,,,,,,,,,,,,2.9851,,,,,,,,,,,,
1999-03-31,KMB,,,,,,,,,,,,,,,,,,,,,,,,,,,,,,,,,,,,,,0.13,,,0.65,,,,,,,,,,,,,,,,,,,,,,,,,,,,,,,,,,,,,,,,,,,,,,,,,1999-04-21,,0.78,,pre-market,,,,,,,,,,,,,20.0,,,,,,,,,,,,
1999-06-30,KMB,,,,,,,,,,,,,,,,,,,,,,,,,,,,,,,,,,,,,,0.04,,,0.69,,,,,,,,,,,,,,,,,,,,,,,,,,,,,,,,,,,,,,,,,,,,,,,,,1999-07-21,,0.73,,pre-market,,,,,,,,,,,,,5.7971,,,,,,,,,,,,
1999-09-30,KMB,,,,,,,,,,,,,,,,,,,,,,,,,,,,,,,,,,,,,,0.16,,,0.73,,,,,,,,,,,,,,,,,,,,,,,,,,,,,,,,,,,,,,,,,,,,,,,,,1999-10-20,,0.89,,pre-market,,,,,,,,,,,,,21.9178,,,,,,,,,,,,
1999-12-31,KMB,,,,,,,,,,,,,,,,,,,,,,,,,,,,,,,,,,,,,,0.01,,,0.76,,,,,,,,,,,,,,,,,,,,,,,,,,,,,,,,,,,,,,,,,,,,,,,,,2000-01-25,,0.77,,pre-market,,,,,,,,,,,,,1.3158,,,,,,,,,,,,
2000-03-31,KMB,,,,,,,,,,,,,,,,,,,,,,,,,,,,,,,,,,,,,,0.01,,,0.79,,,,,,,,,,,,,,,,,,,,,,,,,,,,,,,,,,,,,,,,,,,,,,,,,2000-04-13,,0.8,,pre-market,,,,,,,,,,,,,1.2658,,,,,,,,,,,,
2000-06-30,KMB,,,,,,,,,,,,,,,,,,,,,,,,,,,,,,,,,,,,,,0.01,,,0.8,,,,,,,,,,,,,,,,,,,,,,,,,,,,,,,,,,,,,,,,,,,,,,,,,2000-07-25,,0.81,,pre-market,,,,,,,,,,,,,1.25,,,,,,,,,,,,
2000-09-30,KMB,,,,,,,,,,,,,,,,,,,,,,,,,,,,,,,,,,,,,,0.0,,,0.84,,,,,,,,,,,,,,,,,,,,,,,,,,,,,,,,,,,,,,,,,,,,,,,,,2000-10-23,,0.84,,post-market,,,,,,,,,,,,,0.0,,,,,,,,,,,,
2000-12-31,KMB,,,,,,,,,,,,,,,,,,,,,,,,,,,,,,,,,,,,,,0.0,,,0.87,,,,,,,,,,,,,,,,,,,,,,,,,,,,,,,,,,,,,,,,,,,,,,,,,2001-01-23,,0.87,,post-market,,,,,,,,,,,,,0.0,,,,,,,,,,,,
2001-03-31,KMB,,,,,,,,,,,,,,,,,,,,,,,,,,,,,,,,,,,,,,-0.01,,,0.85,,,,,,,,,,,,,,,,,,,,,,,,,,,,,,,,,,,,,,,,,,,,,,,,,2001-04-23,,0.84,,post-market,,,,,,,,,,,,,-1.1765,,,,,,,,,,,,
2001-06-30,KMB,,,,,,,,,,,,,,,,,,,,,,,,,,,,,,,,,,,,,,0.0,,,0.81,,,,,,,,,,,,,,,,,,,,,,,,,,,,,,,,,,,,,,,,,,,,,,,,,2001-07-24,,0.81,,pre-market,,,,,,,,,,,,,0.0,,,,,,,,,,,,
2001-09-30,KMB,,,,,,,,,,,,,,,,,,,,,,,,,,,,,,,,,,,,,,0.0,,,0.8,,,,,,,,,,,,,,,,,,,,,,,,,,,,,,,,,,,,,,,,,,,,,,,,,2001-10-23,,0.8,,pre-market,,,,,,,,,,,,,0.0,,,,,,,,,,,,
2001-12-31,KMB,,,,,,,,,,,,,,,,,,,,,,,,,,,,,,,,,,,,,,0.02,,,0.8,,,,,,,,,,,,,,,,,,,,,,,,,,,,,,,,,,,,,,,,,,,,,,,,,2002-01-24,,0.82,,pre-market,,,,,,,,,,,,,2.5,,,,,,,,,,,,
2002-03-31,KMB,,,,,,,,,,,,,,,,,,,,,,,,,,,,,,,,,,,,,,0.04,,,0.83,,,,,,,,,,,,,,,,,,,,,,,,,,,,,,,,,,,,,,,,,,,,,,,,,2002-04-23,,0.87,,pre-market,,,,,,,,,,,,,4.8193,,,,,,,,,,,,
2002-06-30,KMB,,,,,,,,,,,,,,,,,,,,,,,,,,,,,,,,,,,,,,0.01,,,0.85,,,,,,,,,,,,,,,,,,,,,,,,,,,,,,,,,,,,,,,,,,,,,,,,,2002-07-23,,0.86,,pre-market,,,,,,,,,,,,,1.1765,,,,,,,,,,,,
2002-09-30,KMB,,,,,,,,,,,,,,,,,,,,,,,,,,,,,,,,,,,,,,-0.02,,,0.89,,,,,,,,,,,,,,,,,,,,,,,,,,,,,,,,,,,,,,,,,,,,,,,,,2002-10-22,,0.87,,pre-market,,,,,,,,,,,,,-2.2472,,,,,,,,,,,,
2002-12-31,KMB,,,,,,,,,,,,,,,,,,,,,,,,,,,,,,,,,,,,,,0.02,,,0.74,,,,,,,,,,,,,,,,,,,,,,,,,,,,,,,,,,,,,,,,,,,,,,,,,2003-01-27,,0.76,,pre-market,,,,,,,,,,,,,2.7027,,,,,,,,,,,,
2003-03-31,KMB,,,,,,,,,,,,,,,,,,,,,,,,,,,,,,,,,,,,,,0.03,,,0.77,,,,,,,,,,,,,,,,,,,,,,,,,,,,,,,,,,,,,,,,,,,,,,,,,2003-04-22,,0.8,,pre-market,,,,,,,,,,,,,3.8961,,,,,,,,,,,,
2003-06-30,KMB,,,,,,,,,,,,,,,,,,,,,,,,,,,,,,,,,,,,,,0.01,,,0.81,,,,,,,,,,,,,,,,,,,,,,,,,,,,,,,,,,,,,,,,,,,,,,,,,2003-07-23,,0.82,,pre-market,,,,,,,,,,,,,1.2346,,,,,,,,,,,,
2003-09-30,KMB,,,,,,,,,,,,,,,,,,,,,,,,,,,,,,,,,,,,,,0.01,,,0.84,,,,,,,,,,,,,,,,,,,,,,,,,,,,,,,,,,,,,,,,,,,,,,,,,2003-10-22,,0.85,,pre-market,,,,,,,,,,,,,1.1905,,,,,,,,,,,,
2003-12-31,KMB,,,,,,,,,,,,,,,,,,,,,,,,,,,,,,,,,,,,,,0.03,,,0.88,,,,,,,,,,,,,,,,,,,,,,,,,,,,,,,,,,,,,,,,,,,,,,,,,2004-01-26,,0.91,,pre-market,,,,,,,,,,,,,3.4091,,,,,,,,,,,,
2004-03-31,KMB,,,,,,,,,,,,,,,,,,,,,,,,,,,,,,,,,,,,,,0.01,,,0.9,,,,,,,,,,,,,,,,,,,,,,,,,,,,,,,,,,,,,,,,,,,,,,,,,2004-04-22,,0.91,,pre-market,,,,,,,,,,,,,1.1111,,,,,,,,,,,,
2004-06-30,KMB,,,,,,,,,,,,,,,,,,,,,,,,,,,,,,,,,,,,,,0.01,,,0.89,,,,,,,,,,,,,,,,,,,,,,,,,,,,,,,,,,,,,,,,,,,,,,,,,2004-07-22,,0.9,,pre-market,,,,,,,,,,,,,1.1236,,,,,,,,,,,,
2004-09-30,KMB,,,,,,,,,,,,,,,,,,,,,,,,,,,,,,,,,,,,,,-0.02,,,0.91,,,,,,,,,,,,,,,,,,,,,,,,,,,,,,,,,,,,,,,,,,,,,,,,,2004-10-25,,0.89,,pre-market,,,,,,,,,,,,,-2.1978,,,,,,,,,,,,
2004-12-31,KMB,,,,,,,,,,,,,,,,,,,,,,,,,,,,,,,,,,,,,,0.01,,,0.9,,,,,,,,,,,,,,,,,,,,,,,,,,,,,,,,,,,,,,,,,,,,,,,,,2005-01-24,,0.91,,pre-market,,,,,,,,,,,,,1.1111,,,,,,,,,,,,
2005-03-31,KMB,,,,,,,,,,,,,,,,,,,,,,,,,,,,,,,,,,,,,,0.0,,,0.93,,,,,,,,,,,,,,,,,,,,,,,,,,,,,,,,,,,,,,,,,,,,,,,,,2005-04-25,,0.93,,pre-market,,,,,,,,,,,,,0.0,,,,,,,,,,,,
2005-06-30,KMB,,,,,,,,,,,,,,,,,,,,,,,,,,,,,,,,,,,,,,0.01,,,0.94,,,,,,,,,,,,,,,,,,,,,,,,,,,,,,,,,,,,,,,,,,,,,,,,,2005-07-22,,0.95,,pre-market,,,,,,,,,,,,,1.0638,,,,,,,,,,,,
2005-09-30,KMB,,,,,,,,,,,,,,,,,,,,,,,,,,,,,,,,,,,,,,0.0,,,0.95,,,,,,,,,,,,,,,,,,,,,,,,,,,,,,,,,,,,,,,,,,,,,,,,,2005-10-24,,0.95,,pre-market,,,,,,,,,,,,,0.0,,,,,,,,,,,,
2005-12-31,KMB,,,,,,,,,,,,,,,,,,,,,,,,,,,,,,,,,,,,,,0.0,,,0.95,,,,,,,,,,,,,,,,,,,,,,,,,,,,,,,,,,,,,,,,,,,,,,,,,2006-01-24,,0.95,,pre-market,,,,,,,,,,,,,0.0,,,,,,,,,,,,
2006-03-31,KMB,,,,,,,,,,,,,,,,,,,,,,,,,,,,,,,,,,,,,,0.01,,,0.92,,,,,,,,,,,,,,,,,,,,,,,,,,,,,,,,,,,,,,,,,,,,,,,,,2006-04-24,,0.93,,pre-market,,,,,,,,,,,,,1.087,,,,,,,,,,,,
2006-06-30,KMB,,,,,,,,,,,,,,,,,,,,,,,,,,,,,,,,,,,,,,0.01,,,0.94,,,,,,,,,,,,,,,,,,,,,,,,,,,,,,,,,,,,,,,,,,,,,,,,,2006-07-26,,0.95,,pre-market,,,,,,,,,,,,,1.0638,,,,,,,,,,,,
2006-09-30,KMB,,,,,,,,,,,,,,,,,,,,,,,,,,,,,,,,,,,,,,0.01,,,0.98,,,,,,,,,,,,,,,,,,,,,,,,,,,,,,,,,,,,,,,,,,,,,,,,,2006-10-23,,0.99,,pre-market,,,,,,,,,,,,,1.0204,,,,,,,,,,,,
2006-12-31,KMB,,,,,,,,,,,,,,,,,,,,,,,,,,,,,,,,,,,,,,0.01,,,1.02,,,,,,,,,,,,,,,,,,,,,,,,,,,,,,,,,,,,,,,,,,,,,,,,,2007-01-25,,1.03,,pre-market,,,,,,,,,,,,,0.9804,,,,,,,,,,,,
2007-03-31,KMB,,,,,,,,,,,,,,,,,,,,,,,,,,,,,,,,,,,,,,0.02,,,1.01,,,,,,,,,,,,,,,,,,,,,,,,,,,,,,,,,,,,,,,,,,,,,,,,,2007-04-23,,1.03,,pre-market,,,,,,,,,,,,,1.9802,,,,,,,,,,,,
2007-06-30,KMB,,,,,,,,,,,,,,,,,,,,,,,,,,,,,,,,,,,,,,0.01,,,1.03,,,,,,,,,,,,,,,,,,,,,,,,,,,,,,,,,,,,,,,,,,,,,,,,,2007-07-24,,1.04,,pre-market,,,,,,,,,,,,,0.9709,,,,,,,,,,,,
2007-09-30,KMB,,,,,,,,,,,,,,,,,,,,,,,,,,,,,,,,,,,,,,0.01,,,1.06,,,,,,,,,,,,,,,,,,,,,,,,,,,,,,,,,,,,,,,,,,,,,,,,,2007-10-22,,1.07,,pre-market,,,,,,,,,,,,,0.9434,,,,,,,,,,,,
2007-12-31,KMB,,,,,,,,,,,,,,,,,,,,,,,,,,,,,,,,,,,,,,0.0,,,1.11,,,,,,,,,,,,,,,,,,,,,,,,,,,,,,,,,,,,,,,,,,,,,,,,,2008-01-24,,1.11,,pre-market,,,,,,,,,,,,,0.0,,,,,,,,,,,,
2008-03-31,KMB,,,,,,,,,,,,,,,,,,,,,,,,,,,,,,,,,,,,,,0.01,,,1.07,,,,,,,,,,,,,,,,,,,,,,,,,,,,,,,,,,,,,,,,,,,,,,,,,2008-04-22,,1.08,,pre-market,,,,,,,,,,,,,0.9346,,,,,,,,,,,,
2008-06-30,KMB,,,,,,,,,,,,,,,,,,,,,,,,,,,,,,,,,,,,,,0.0,,,1.03,,,,,,,,,,,,,,,,,,,,,,,,,,,,,,,,,,,,,,,,,,,,,,,,,2008-07-24,,1.03,,pre-market,,,,,,,,,,,,,0.0,,,,,,,,,,,,
2008-09-30,KMB,,,,,,,,,,,,,,,,,,,,,,,,,,,,,,,,,,,,,,0.01,,,1.01,,,,,,,,,,,,,,,,,,,,,,,,,,,,,,,,,,,,,,,,,,,,,,,,,2008-10-22,,1.02,,pre-market,,,,,,,,,,,,,0.9901,,,,,,,,,,,,
2008-12-31,KMB,,,,,,,,,,,,,,,,,,,,,,,,,,,,,,,,,,,,,,-0.02,,,1.03,,,,,,,,,,,,,,,,,,,,,,,,,,,,,,,,,,,,,,,,,,,,,,,,,2009-01-26,,1.01,,pre-market,,,,,,,,,,,,,-1.9417,,,,,,,,,,,,
2009-03-31,KMB,,,,,,,,,,,,,,,,,,,,,,,,,,,,,,,,,,,,,,0.01,,,0.97,,,,,,,,,,,,,,,,,,,,,,,,,,,,,,,,,,,,,,,,,,,,,,,,,2009-04-22,,0.98,,pre-market,,,,,,,,,,,,,1.0309,,,,,,,,,,,,
2009-06-30,KMB,,,,,,,,,,,,,,,,,,,,,,,,,,,,,,,,,,,,,,0.15,,,1.01,,,,,,,,,,,,,,,,,,,,,,,,,,,,,,,,,,,,,,,,,,,,,,,,,2009-07-23,,1.16,,pre-market,,,,,,,,,,,,,14.8515,,,,,,,,,,,,
2009-09-30,KMB,,,,,,,,,,,,,,,,,,,,,,,,,,,,,,,,,,,,,,0.26,,,1.16,,,,,,,,,,,,,,,,,,,,,,,,,,,,,,,,,,,,,,,,,,,,,,,,,2009-10-22,,1.42,,pre-market,,,,,,,,,,,,,22.4138,,,,,,,,,,,,
2009-12-31,KMB,,,,,,,,,,,,,,,,,,,,,,,,,,,,,,,,,,,,,,-0.08,,,1.26,,,,,,,,,,,,,,,,,,,,,,,,,,,,,,,,,,,,,,,,,,,,,,,,,2010-01-22,,1.18,,pre-market,,,,,,,,,,,,,-6.3492,,,,,,,,,,,,
2010-03-31,KMB,,,,,,,,,,,,,,,,,,,,,,,,,,,,,,,,,,,,,,-0.02,,,1.16,,,,,,,,,,,,,,,,,,,,,,,,,,,,,,,,,,,,,,,,,,,,,,,,,2010-04-22,,1.14,,pre-market,,,,,,,,,,,,,-1.7241,,,,,,,,,,,,
2010-06-30,KMB,,,,,,,,,,,,,,,,,,,,,,,,,,,,,,,,,,,,,,0.06,,,1.14,,,,,,,,,,,,,,,,,,,,,,,,,,,,,,,,,,,,,,,,,,,,,,,,,2010-07-23,,1.2,,pre-market,,,,,,,,,,,,,5.2632,,,,,,,,,,,,
2010-09-30,KMB,,,,,,,,,,,,,,,,,,,,,,,,,,,,,,,,,,,,,,-0.15,,,1.29,,,,,,,,,,,,,,,,,,,,,,,,,,,,,,,,,,,,,,,,,,,,,,,,,2010-10-26,,1.14,,pre-market,,,,,,,,,,,,,-11.6279,,,,,,,,,,,,
2010-12-31,KMB,,,,,,,,,,,,,,,,,,,,,,,,,,,,,,,,,,,,,,0.06,,,1.14,,,,,,,,,,,,,,,,,,,,,,,,,,,,,,,,,,,,,,,,,,,,,,,,,2011-01-25,,1.2,,pre-market,,,,,,,,,,,,,5.2632,,,,,,,,,,,,
2011-03-31,KMB,,,,,,,,,,,,,,,,,,,,,,,,,,,,,,,,,,,,,,-0.09,,,1.18,,,,,,,,,,,,,,,,,,,,,,,,,,,,,,,,,,,,,,,,,,,,,,,,,2011-04-25,,1.09,,pre-market,,,,,,,,,,,,,-7.6271,,,,,,,,,,,,
2011-06-30,KMB,,,,,,,,,,,,,,,,,,,,,,,,,,,,,,,,,,,,,,0.03,,,1.15,,,,,,,,,,,,,,,,,,,,,,,,,,,,,,,,,,,,,,,,,,,,,,,,,2011-07-25,,1.18,,pre-market,,,,,,,,,,,,,2.6087,,,,,,,,,,,,
2011-09-30,KMB,,,,,,,,,,,,,,,,,,,,,,,,,,,,,,,,,,,,,,0.0,,,1.26,,,,,,,,,,,,,,,,,,,,,,,,,,,,,,,,,,,,,,,,,,,,,,,,,2011-10-24,,1.26,,pre-market,,,,,,,,,,,,,0.0,,,,,,,,,,,,
2011-12-31,KMB,,,,,,,,,,,,,,,,,,,,,,,,,,,,,,,,,,,,,,-0.02,,,1.3,,,,,,,,,,,,,,,,,,,,,,,,,,,,,,,,,,,,,,,,,,,,,,,,,2012-01-24,,1.28,,pre-market,,,,,,,,,,,,,-1.5385,,,,,,,,,,,,
2012-03-31,KMB,,,,,,,,,,,,,,,,,,,,,,,,,,,,,,,,,,,,,,0.07,,,1.17,,,,,,,,,,,,,,,,,,,,,,,,,,,,,,,,,,,,,,,,,,,,,,,,,2012-04-20,,1.24,,pre-market,,,,,,,,,,,,,5.9829,,,,,,,,,,,,
2012-06-30,KMB,,,,,,,,,,,,,,,,,,,,,,,,,,,,,,,,,,,,,,0.02,,,1.28,,,,,,,,,,,,,,,,,,,,,,,,,,,,,,,,,,,,,,,,,,,,,,,,,2012-07-26,,1.3,,pre-market,,,,,,,,,,,,,1.5625,,,,,,,,,,,,
2012-09-30,KMB,,,,,,,,,,,,,,,,,,,,,,,,,,,,,,,,,,,,,,0.02,,,1.32,,,,,,,,,,,,,,,,,,,,,,,,,,,,,,,,,,,,,,,,,,,,,,,,,2012-10-24,,1.34,,pre-market,,,,,,,,,,,,,1.5152,,,,,,,,,,,,
2012-12-31,KMB,,,,,,,,,,,,,,,,,,,,,,,,,,,,,,,,,,,,,,0.01,,,1.36,,,,,,,,,,,,,,,,,,,,,,,,,,,,,,,,,,,,,,,,,,,,,,,,,2013-01-25,,1.37,,pre-market,,,,,,,,,,,,,0.7353,,,,,,,,,,,,
2013-03-31,KMB,,,,,,,,,,,,,,,,,,,,,,,,,,,,,,,,,,,,,,0.15,,,1.33,,,,,,,,,,,,,,,,,,,,,,,,,,,,,,,,,,,,,,,,,,,,,,,,,2013-04-19,,1.48,,pre-market,,,,,,,,,,,,,11.2782,,,,,,,,,,,,
2013-06-30,KMB,,,,,,,,,,,,,,,,,,,,,,,,,,,,,,,,,,,,,,0.02,,,1.39,,,,,,,,,,,,,,,,,,,,,,,,,,,,,,,,,,,,,,,,,,,,,,,,,2013-07-22,,1.41,,pre-market,,,,,,,,,,,,,1.4388,,,,,,,,,,,,
2013-09-30,KMB,,,,,,,,,,,,,,,,,,,,,,,,,,,,,,,,,,,,,,0.04,,,1.4,,,,,,,,,,,,,,,,,,,,,,,,,,,,,,,,,,,,,,,,,,,,,,,,,2013-10-22,,1.44,,pre-market,,,,,,,,,,,,,2.8571,,,,,,,,,,,,
2013-12-31,KMB,,,,,,,,,,,,,,,,,,,,,,,,,,,,,,,,,,,,,,0.05,,,1.39,,,,,,,,,,,,,,,,,,,,,,,,,,,,,,,,,,,,,,,,,,,,,,,,,2014-01-24,,1.44,,pre-market,,,,,,,,,,,,,3.5971,,,,,,,,,,,,
2014-03-31,KMB,,,,,,,,,,,,,,,,,,,,,,,,,,,,,,,,,,,,,,0.01,,,1.47,,,,,,,,,,,,,,,,,,,,,,,,,,,,,,,,,,,,,,,,,,,,,,,,,2014-04-21,,1.48,,pre-market,,,,,,,,,,,,,0.6803,,,,,,,,,,,,
2014-06-30,KMB,,,,,,,,,,,,,,,,,,,,,,,,,,,,,,,,,,,,,,-0.01,,,1.5,,,,,,,,,,,,,,,,,,,,,,,,,,,,,,,,,,,,,,,,,,,,,,,,,2014-07-22,,1.49,,pre-market,,,,,,,,,,,,,-0.6667,,,,,,,,,,,,
2014-09-30,KMB,,,,,,,,,,,,,,,,,,,,,,,,,,,,,,,,,,,,,,0.07,,,1.54,,,,,,,,,,,,,,,,,,,,,,,,,,,,,,,,,,,,,,,,,,,,,,,,,2014-10-21,,1.61,,pre-market,,,,,,,,,,,,,4.5455,,,,,,,,,,,,
2014-12-31,KMB,,,,,,,,,,,,,,,,,,,,,,,,,,,,,,,,,,,,,,-0.02,,,1.37,,,,,,,,,,,,,,,,,,,,,,,,,,,,,,,,,,,,,,,,,,,,,,,,,2015-01-23,,1.35,,pre-market,,,,,,,,,,,,,-1.4599,,,,,,,,,,,,
2015-03-31,KMB,,,,,,,,,,,,,,,,,,,,,,,,,,,,,,,,,,,,,,0.09,,,1.33,,,,,,,,,,,,,,,,,,,,,,,,,,,,,,,,,,,,,,,,,,,,,,,,,2015-04-21,,1.42,,pre-market,,,,,,,,,,,,,6.7669,,,,,,,,,,,,
2015-06-30,KMB,,,,,,,,,,,,,,,,,,,,,,,,,,,,,,,,,,,,,,0.05,,,1.36,,,,,,,,,,,,,,,,,,,,,,,,,,,,,,,,,,,,,,,,,,,,,,,,,2015-07-23,,1.41,,pre-market,,,,,,,,,,,,,3.6765,,,,,,,,,,,,
2015-09-30,KMB,,,,,,,,,,,,,,,,,,,,,,,,,,,,,,,,,,,,,,0.02,,,1.49,,,,,,,,,,,,,,,,,,,,,,,,,,,,,,,,,,,,,,,,,,,,,,,,,2015-10-21,,1.51,,pre-market,,,,,,,,,,,,,1.3423,,,,,,,,,,,,
2015-12-31,KMB,,,,,,,,,,,,,,,,,,,,,,,,,,,,,,,,,,,,,,-0.01,,,1.43,,,,,,,,,,,,,,,,,,,,,,,,,,,,,,,,,,,,,,,,,,,,,,,,,2016-01-25,,1.42,,pre-market,,,,,,,,,,,,,-0.6993,,,,,,,,,,,,
2016-03-31,KMB,,,,,,,,,,,,,,,,,,,,,,,,,,,,,,,,,,,,,,0.02,,,1.51,,,,,,,,,,,,,,,,,,,,,,,,,,,,,,,,,,,,,,,,,,,,,,,,,2016-04-22,,1.53,,pre-market,,,,,,,,,,,,,1.3245,,,,,,,,,,,,
2016-06-30,KMB,,,,,,,,,,,,,,,,,,,,,,,,,,,,,,,,,,,,,,0.06,,,1.47,,,,,,,,,,,,,,,,,,,,,,,,,,,,,,,,,,,,,,,,,,,,,,,,,2016-07-25,,1.53,,pre-market,,,,,,,,,,,,,4.0816,,,,,,,,,,,,
2016-09-30,KMB,,,,,,,,,,,,,,,,,,,,,,,,,,,,,,,,,,,,,,-0.02,,,1.54,,,,,,,,,,,,,,,,,,,,,,,,,,,,,,,,,,,,,,,,,,,,,,,,,2016-10-24,,1.52,,pre-market,,,,,,,,,,,,,-1.2987,,,,,,,,,,,,
2016-12-31,KMB,,,,,,,,,,,,,,,,,,,,,,,,,,,,,,,,,,,,,,0.04,,,1.41,,,,,,,,,,,,,,,,,,,,,,,,,,,,,,,,,,,,,,,,,,,,,,,,,2017-01-24,,1.45,,pre-market,,,,,,,,,,,,,2.8369,,,,,,,,,,,,
2017-03-31,KMB,,,,,,,,,,,,,,,,,,,,,,,,,,,,,,,,,,,,,,0.02,,,1.55,,,,,,,,,,,,,,,,,,,,,,,,,,,,,,,,,,,,,,,,,,,,,,,,,2017-04-24,,1.57,,pre-market,,,,,,,,,,,,,1.2903,,,,,,,,,,,,
2017-06-30,KMB,,,,,,,,,,,,,,,,,,,,,,,,,,,,,,,,,,,,,,0.0,,,1.49,,,,,,,,,,,,,,,,,,,,,,,,,,,,,,,,,,,,,,,,,,,,,,,,,2017-07-25,,1.49,,pre-market,,,,,,,,,,,,,0.0,,,,,,,,,,,,
2017-09-30,KMB,,,,,,,,,,,,,,,,,,,,,,,,,,,,,,,,,,,,,,0.06,,,1.54,,,,,,,,,,,,,,,,,,,,,,,,,,,,,,,,,,,,,,,,,,,,,,,,,2017-10-23,,1.6,,pre-market,,,,,,,,,,,,,3.8961,,,,,,,,,,,,
2017-12-31,KMB,,,,,,,,,,,,,,,,,,,,,,,,,,,,,,,,,,,,,,0.03,,,1.54,,,,,,,,,,,,,,,,,,,,,,,,,,,,,,,,,,,,,,,,,,,,,,,,,2018-01-23,,1.57,,pre-market,,,,,,,,,,,,,1.9481,,,,,,,,,,,,
2018-03-31,KMB,,,,,,,,,,,,,,,,,,,,,,,,,,,,,,,,,,,,,,0.03,,,1.68,,,,,,,,,,,,,,,,,,,,,,,,,,,,,,,,,,,,,,,,,,,,,,,,,2018-04-23,,1.71,,pre-market,,,,,,,,,,,,,1.7857,,,,,,,,,,,,
2018-06-30,KMB,,,,,,,,,,,,,,,,,,,,,,,,,,,,,,,,,,,,,,0.02,,,1.57,,,,,,,,,,,,,,,,,,,,,,,,,,,,,,,,,,,,,,,,,,,,,,,,,2018-07-24,,1.59,,pre-market,,,,,,,,,,,,,1.2739,,,,,,,,,,,,
2018-09-30,KMB,,,,,,,,,,,,,,,,,,,,,,,,,,,,,,,,,,,,,,0.08,,,1.63,,,,,,,,,,,,,,,,,,,,,,,,,,,,,,,,,,,,,,,,,,,,,,,,,2018-10-22,,1.71,,pre-market,,,,,,,,,,,,,4.908,,,,,,,,,,,,
2018-12-31,KMB,,,,,,,,,,,,,,,,,,,,,,,,,,,,,,,,,,,,,,-0.06,,,1.66,,,,,,,,,,,,,,,,,,,,,,,,,,,,,,,,,,,,,,,,,,,,,,,,,2019-01-23,,1.6,,pre-market,,,,,,,,,,,,,-3.6145,,,,,,,,,,,,
2019-03-31,KMB,,,,,,,,,,,,,,,,,,,,,,,,,,,,,,,,,,,,,,0.11,,,1.55,,,,,,,,,,,,,,,,,,,,,,,,,,,,,,,,,,,,,,,,,,,,,,,,,2019-04-22,,1.66,,pre-market,,,,,,,,,,,,,7.0968,,,,,,,,,,,,
2019-06-30,KMB,,,,,,,,,,,,,,,,,,,,,,,,,,,,,,,,,,,,,,0.05,,,1.62,,,,,,,,,,,,,,,,,,,,,,,,,,,,,,,,,,,,,,,,,,,,,,,,,2019-07-23,,1.67,,pre-market,,,,,,,,,,,,,3.0864,,,,,,,,,,,,
2019-09-30,KMB,,,,,,,,,,,,,,,,,,,,,,,,,,,,,,,,,,,,,,0.05,,,1.79,,,,,,,,,,,,,,,,,,,,,,,,,,,,,,,,,,,,,,,,,,,,,,,,,2019-10-22,,1.84,,pre-market,,,,,,,,,,,,,2.7933,,,,,,,,,,,,
2019-12-31,KMB,,,,,,,,,,,,,,,,,,,,,,,,,,,,,,,,,,,,,,0.01,,,1.7,,,,,,,,,,,,,,,,,,,,,,,,,,,,,,,,,,,,,,,,,,,,,,,,,2020-01-23,,1.71,,pre-market,,,,,,,,,,,,,0.5882,,,,,,,,,,,,
2020-03-31,KMB,,,,,,,,,,,,,,,,,,,,,,,,,,,,,,,,,,,,,,0.17,,,1.96,,,,,,,,,,,,,,,,,,,,,,,,,,,,,,,,,,,,,,,,,,,,,,,,,2020-04-22,,2.13,,pre-market,,,,,,,,,,,,,8.6735,,,,,,,,,,,,
2020-06-30,KMB,,,,,,,,,,,,,,,,,,,,,,,,,,,,,,,,,,,,,,0.43,,,1.77,,,,,,,,,,,,,,,,,,,,,,,,,,,,,,,,,,,,,,,,,,,,,,,,,2020-07-23,,2.2,,pre-market,,,,,,,,,,,,,24.2938,,,,,,,,,,,,
2020-09-30,KMB,,,,,,,,,,,,,,,,,,,,,,,,,,,,,,,,,,,,,,-0.01,,,1.73,,,,,,,,,,,,,,,,,,,,,,,,,,,,,,,,,,,,,,,,,,,,,,,,,2020-10-22,,1.72,,pre-market,,,,,,,,,,,,,-0.578,,,,,,,,,,,,
2020-12-31,KMB,,,,,,,,,,,,,,,,,,,,,,,,,,,,,,,,,,,,,,0.07,,,1.62,,,,,,,,,,,,,,,,,,,,,,,,,,,,,,,,,,,,,,,,,,,,,,,,,2021-01-25,,1.69,,pre-market,,,,,,,,,,,,,4.321,,,,,,,,,,,,
2021-03-31,KMB,,,,,,,,,,,,,,,,,,,,,,,,,,,,,,,,,,,,,,-0.12,,,1.92,,,,,,,,,,,,,,,,,,,,,,,,,,,,,,,,,,,,,,,,,,,,,,,,,2021-04-23,,1.8,,pre-market,,,,,,,,,,,,,-6.25,,,,,,,,,,,,
2021-06-30,KMB,,,,,,,,,,,,,,,,,,,,,,,,,,,,,,,,,,,,,,-0.24,,,1.71,,,,,,,,,,,,,,,,,,,,,,,,,,,,,,,,,,,,,,,,,,,,,,,,,2021-07-23,,1.47,,pre-market,,,,,,,,,,,,,-14.0351,,,,,,,,,,,,
2021-09-30,KMB,,,,,,,,,,,,,,,,,,,,,,,,,,,,,,,,,,,,,,-0.03,,,1.65,,,,,,,,,,,,,,,,,,,,,,,,,,,,,,,,,,,,,,,,,,,,,,,,,2021-10-25,,1.62,,pre-market,,,,,,,,,,,,,-1.8182,,,,,,,,,,,,
2021-12-31,KMB,,,,,,,,,,,,,,,,,,,,,,,,,,,,,,,,,,,,,,0.05,,,1.25,,,,,,,,,,,,,,,,,,,,,,,,,,,,,,,,,,,,,,,,,,,,,,,,,2022-01-26,,1.3,,pre-market,,,,,,,,,,,,,4.0,,,,,,,,,,,,
2022-03-31,KMB,,,,,,,,,,,,,,,,,,,,,,,,,,,,,,,,,,,,,,0.12,,,1.23,,,,,,,,,,,,,,,,,,,,,,,,,,,,,,,,,,,,,,,,,,,,,,,,,2022-04-22,,1.35,,pre-market,,,,,,,,,,,,,9.7561,,,,,,,,,,,,
2022-06-30,KMB,,,,,,,,,,,,,,,,,,,,,,,,,,,,,,,,,,,,,,0.02,,,1.32,,,,,,,,,,,,,,,,,,,,,,,,,,,,,,,,,,,,,,,,,,,,,,,,,2022-07-26,,1.34,,pre-market,,,,,,,,,,,,,1.5152,,,,,,,,,,,,
2022-09-30,KMB,,,,,,,,,,,,,,,,,,,,,,,,,,,,,,,,,,,,,,-0.05,,,1.45,,,,,,,,,,,,,,,,,,,,,,,,,,,,,,,,,,,,,,,,,,,,,,,,,2022-10-25,,1.4,,pre-market,,,,,,,,,,,,,-3.4483,,,,,,,,,,,,
2022-12-31,KMB,,,,,,,,,,,,,,,,,,,,,,,,,,,,,,,,,,,,,,0.03,,,1.51,,,,,,,,,,,,,,,,,,,,,,,,,,,,,,,,,,,,,,,,,,,,,,,,,2023-01-25,,1.54,,pre-market,,,,,,,,,,,,,1.9868,,,,,,,,,,,,
2023-03-31,KMB,,,,,,,,,,,,,,,,,,,,,,,,,,,,,,,,,,,,,,0.35,,,1.32,,,,,,,,,,,,,,,,,,,,,,,,,,,,,,,,,,,,,,,,,,,,,,,,,2023-04-25,,1.67,,pre-market,,,,,,,,,,,,,26.5152,,,,,,,,,,,,
2023-06-30,KMB,,,,,,,,,,,,,,,,,,,,,,,,,,,,,,,,,,,,,,0.17,,,1.48,,,,,,,,,,,,,,,,,,,,,,,,,,,,,,,,,,,,,,,,,,,,,,,,,2023-07-25,,1.65,,pre-market,,,,,,,,,,,,,11.4865,,,,,,,,,,,,
2023-09-30,KMB,,,,,,,,,,,,,,,,,,,,,,,,,,,,,,,,,,,,,,0.15,,,1.59,,,,,,,,,,,,,,,,,,,,,,,,,,,,,,,,,,,,,,,,,,,,,,,,,2023-10-24,,1.74,,pre-market,,,,,,,,,,,,,9.434,,,,,,,,,,,,
2023-12-31,KMB,,,,,,,,,,,,,,,,,,,,,,,,,,,,,,,,,,,,,,-0.03,,,1.54,,,,,,,,,,,,,,,,,,,,,,,,,,,,,,,,,,,,,,,,,,,,,,,,,2024-01-24,,1.51,,pre-market,,,,,,,,,,,,,-1.9481,,,,,,,,,,,,
2024-03-31,KMB,,,,,,,,,,,,,,,,,,,,,,,,,,,,,,,,,,,,,,0.37,,,1.64,,,,,,,,,,,,,,,,,,,,,,,,,,,,,,,,,,,,,,,,,,,,,,,,,2024-04-23,,2.01,,pre-market,,,,,,,,,,,,,22.561,,,,,,,,,,,,
2024-06-30,KMB,,,,,,,,,,,,,,,,,,,,,,,,,,,,,,,,,,,,,,0.25,,,1.71,,,,,,,,,,,,,,,,,,,,,,,,,,,,,,,,,,,,,,,,,,,,,,,,,2024-07-23,,1.96,,pre-market,,,,,,,,,,,,,14.6199,,,,,,,,,,,,
2024-09-30,KMB,,,,,,,,,,,,,,,,,,,,,,,,,,,,,,,,,,,,,,0.12,,,1.71,,,,,,,,,,,,,,,,,,,,,,,,,,,,,,,,,,,,,,,,,,,,,,,,,2024-10-22,,1.83,,pre-market,,,,,,,,,,,,,7.0175,,,,,,,,,,,,
2024-12-31,KMB,,,,,,,,,,,,,,,,,,,,,,,,,,,,,,,,,,,,,,-0.01,,,1.51,,,,,,,,,,,,,,,,,,,,,,,,,,,,,,,,,,,,,,,,,,,,,,,,,2025-01-28,,1.5,,pre-market,,,,,,,,,,,,,-0.6623,,,,,,,,,,,,
2025-03-31,KMB,,,,,,,,,,,,,,,,,,,,,,,,,,,,,,,,,,,,,,0.04,,,1.89,,,,,,,,,,,,,,,,,,,,,,,,,,,,,,,,,,,,,,,,,,,,,,,,,2025-04-22,,1.93,,pre-market,,,,,,,,,,,,,2.1164,,,,,,,,,,,,
2025-06-30,KMB,,,,,,,,,,,,,,,,,,,,,,,,,,,,,,,,,,,,,,-0.03,,,1.66,,,,,,,,,,,,,,,,,,,,,,,,,,,,,,,,,,,,,,,,,,,,,,,,,2025-08-01,,1.63,,pre-market,,,,,,,,,,,,,-1.8072,,,,,,,,,,,,
2025-09-30,KMB,,,,,,,,,,,,,,,,,,,,,,,,,,,,,,,,,,,,,,0.07,,,1.75,,,,,,,,,,,,,,,,,,,,,,,,,,,,,,,,,,,,,,,,,,,,,,,,,2025-10-30,,1.82,,pre-market,,,,,,,,,,,,,4.0,,,,,,,,,,,,
2025-12-28,KMB,5.91,19723999000.0,17.09,,0.26,4.014,,,,,,,,,,,,,,,,,,,,,,,,,,5.0,0.0495,,,,-0.502,0.07,,,1.75,,13.16,,7031000000.0,,,,,,,,,,,,,,,,,,,0.167,,,,,,,,,,,,,6.93,25.17,1.7,,,,,,,,0.0998,,,2025-10-30,,1.82,,pre-market,,,0.113,1.369,0.001,59.4,,,,,125.95,107.34,4.0,,,,,,,,,17.09,,145.82,98.03
2025-12-28,KMB,5.91,19723999000.0,17.09,,0.26,4.014,,,,,,,,,,,,,,,None,2657000000,2657000000,,,,,,None,176000000,,5.0,0.0495,,,,-0.502,0.07,657000000,833000000,1.75,2025-09-30,13.16,,7031000000.0,1476000000,592000000,248000000,,,None,65000000,6000000,,None,,,,,446000000,344000000,-59000000,None,0.167,,855000000,621000000,,,,,None,,,,,6.93,25.17,1.7,,,,,,,,0.0998,,,2025-10-30,quarterly,1.82,USD,pre-market,None,,0.113,1.369,0.001,59.4,855000000,,,,125.95,107.34,4.0,,,,,,,4133000000,,17.09,,145.82,98.03
2025-12-28,KMB,5.91,19723999000.0,17.09,,0.26,4.014,,,,,,,,,,,,,,,None,2707000000,2707000000,,,,,,None,222000000,,5.0,0.0495,,,,-0.502,0.07,580000000,802000000,1.75,2025-06-30,13.16,,7031000000.0,1456000000,513000000,69000000,,,None,67000000,5000000,,None,,,,,509000000,444000000,-62000000,None,0.167,,864000000,592000000,,,,,None,,,,,6.93,25.17,1.7,,,,,,,,0.0998,,,2025-10-30,quarterly,1.82,USD,pre-market,None,,0.113,1.369,0.001,59.4,863000000,,,,125.95,107.34,4.0,,,,,,,4163000000,,17.09,,145.82,98.03
2025-12-28,KMB,5.91,19723999000.0,17.09,,0.26,4.014,,,,,,,,,,,,,,,None,3107000000,3107000000,,,,,,None,218000000,,5.0,0.0495,,,,-0.502,0.07,758000000,976000000,1.75,2025-03-31,13.16,,7031000000.0,1733000000,694000000,165000000,,,None,64000000,7000000,,None,,,,,567000000,573000000,-57000000,None,0.167,,964000000,769000000,,,,,None,,,,,6.93,25.17,1.7,,,,,,,,0.0998,,,2025-10-30,quarterly,1.82,USD,pre-market,None,,0.113,1.369,0.001,59.4,941000000,,,,125.95,107.34,4.0,,,,,,,4840000000,,17.09,,145.82,98.03
2025-12-28,KMB,5.91,19723999000.0,17.09,,0.26,4.014,,,,,,,,,,,,,,,None,3253000000,3253000000,,,,,,None,217000000,,5.0,0.0495,,,,-0.502,0.07,543000000,760000000,1.75,2024-12-31,13.16,,7031000000.0,1675000000,479000000,71000000,,,None,64000000,11000000,,None,,,,,447000000,452000000,-53000000,None,0.167,,1127000000,548000000,,,,,None,,,,,6.93,25.17,1.7,,,,,,,,0.0998,,,2025-10-30,quarterly,1.82,USD,pre-market,338000000,,0.113,1.369,0.001,59.4,1109000000,,,,125.95,107.34,4.0,,,,,,,4928000000,,17.09,,145.82,98.03
2025-12-28,KMB,5.91,19723999000.0,17.09,,0.26,4.014,,,,,,,,,,,,,,,None,3168000000,3168000000,,,,,,None,191000000,,5.0,0.0495,,,,-0.502,0.07,1157000000,1348000000,1.75,2024-09-30,13.16,,7031000000.0,1784000000,1090000000,223000000,,,None,67000000,18000000,,None,,,,,907000000,915000000,-49000000,None,0.167,,630000000,1154000000,,,,,None,,,,,6.93,25.17,1.7,,,,,,,,0.0998,,,2025-10-30,quarterly,1.82,USD,pre-market,None,,0.113,1.369,0.001,59.4,1097000000,,,,125.95,107.34,4.0,,,,,,,4952000000,,17.09,,145.82,98.03
2025-12-28,KMB,5.91,19723999000.0,17.09,,0.26,4.014,,,,,,,,,,,,,,,None,3219000000,3219000000,,,,,,None,188000000,,5.0,0.0495,,,,-0.502,0.07,649000000,837000000,1.75,2024-06-30,13.16,,7031000000.0,1810000000,577000000,87000000,,,None,72000000,9000000,,None,,,,,544000000,553000000,-63000000,None,0.167,,1066000000,744000000,,,,,None,,,,,6.93,25.17,1.7,,,,,,,,0.0998,,,2025-10-30,quarterly,1.82,USD,pre-market,None,,0.113,1.369,0.001,59.4,1066000000,,,,125.95,107.34,4.0,,,,,,,5029000000,,17.09,,145.82,98.03
2025-12-28,KMB,5.91,19723999000.0,17.09,,0.26,4.014,,,,,,,,,,,,,,,None,3238000000,3238000000,,,,,,None,185000000,,5.0,0.0495,,,,-0.502,0.07,848000000,1033000000,1.75,2024-03-31,13.16,,7031000000.0,1911000000,781000000,184000000,,,None,67000000,10000000,,None,,,,,647000000,658000000,-57000000,None,0.167,,1058000000,853000000,,,,,None,,,,,6.93,25.17,1.7,,,,,,,,0.0998,,,2025-10-30,quarterly,1.82,USD,pre-market,None,,0.113,1.369,0.001,59.4,1039000000,,,,125.95,107.34,4.0,,,,,,,5149000000,,17.09,,145.82,98.03
2025-12-28,KMB,5.91,19723999000.0,17.09,,0.26,4.014,,,,,,,,,,,,,,,None,3233000000,3233000000,,,,,,None,187000000,,5.0,0.0495,,,,-0.502,0.07,684000000,871000000,1.75,2023-12-31,13.16,,7031000000.0,1737000000,614000000,155000000,,,None,70000000,32000000,,None,,,,,509000000,512000000,-38000000,None,0.167,,1067000000,670000000,,,,,None,,,,,6.93,25.17,1.7,,,,,,,,0.0998,,,2025-10-30,quarterly,1.82,USD,pre-market,312000000,,0.113,1.369,0.001,59.4,993000000,,,,125.95,107.34,4.0,,,,,,,4970000000,,17.09,,145.82,98.03
2025-12-28,KMB,5.91,19723999000.0,17.09,,0.26,4.014,,,,,,,,,,,,,,,None,3294000000,3294000000,,,,,,None,189000000,,5.0,0.0495,,,,-0.502,0.07,772000000,961000000,1.75,2023-09-30,13.16,,7031000000.0,1838000000,698000000,157000000,,,None,74000000,18000000,,None,,,,,587000000,591000000,-56000000,None,0.167,,1064000000,774000000,,,,,None,,,,,6.93,25.17,1.7,,,,,,,,0.0998,,,2025-10-30,quarterly,1.82,USD,pre-market,None,,0.113,1.369,0.001,59.4,1029000000,,,,125.95,107.34,4.0,,,,,,,5132000000,,17.09,,145.82,98.03
2025-12-28,KMB,5.91,19723999000.0,17.09,,0.26,4.014,,,,,,,,,,,,,,,None,3403000000,3403000000,,,,,,None,189000000,,5.0,0.0495,,,,-0.502,0.07,80000000,269000000,1.75,2023-06-30,13.16,,7031000000.0,1731000000,4000000,-32000000,,,None,76000000,9000000,,None,,,,,102000000,86000000,-67000000,None,0.167,,1618000000,113000000,,,,,-42000000,,,,,6.93,25.17,1.7,,,,,,,,0.0998,,,2025-10-30,quarterly,1.82,USD,pre-market,None,,0.113,1.369,0.001,59.4,1015000000,,,,125.95,107.34,4.0,,,,,,,5134000000,,17.09,,145.82,98.03
2025-12-28,KMB,5.91,19723999000.0,17.09,,0.26,4.014,,,,,,,,,,,,,,,None,3469000000,3469000000,,,,,,None,188000000,,5.0,0.0495,,,,-0.502,0.07,778000000,966000000,1.75,2023-03-31,13.16,,7031000000.0,1726000000,705000000,173000000,,,None,73000000,7000000,,None,,,,,566000000,671000000,-66000000,None,0.167,,939000000,787000000,,,,,-16000000,,,,,6.93,25.17,1.7,,,,,,,,0.0998,,,2025-10-30,quarterly,1.82,USD,pre-market,None,,0.113,1.369,0.001,59.4,924000000,,,,125.95,107.34,4.0,,,,,,,5195000000,,17.09,,145.82,98.03
2025-12-28,KMB,5.91,19723999000.0,17.09,,0.26,4.014,,,,,,,,,,,,,,,None,3337000000,3337000000,,,,,,None,186000000,,5.0,0.0495,,,,-0.502,0.07,695000000,881000000,1.75,2022-12-31,13.16,,7031000000.0,1627000000,619000000,139000000,,,None,76000000,69000000,,None,,,,,507000000,515000000,-69000000,None,0.167,,915000000,712000000,,,,,None,,,,,6.93,25.17,1.7,,,,,,,,0.0998,,,2025-10-30,quarterly,1.82,USD,pre-market,292000000,,0.113,1.369,0.001,59.4,916000000,,,,125.95,107.34,4.0,,,,,,,4964000000,,17.09,,145.82,98.03
2025-12-28,KMB,5.91,19723999000.0,17.09,,0.26,4.014,,,,,,,,,,,,,,,None,3510000000,3510000000,,,,,,None,188000000,,5.0,0.0495,,,,-0.502,0.07,641000000,829000000,1.75,2022-09-30,13.16,,7031000000.0,1543000000,568000000,127000000,,,None,73000000,4000000,,None,,,,,467000000,583000000,-69000000,None,0.167,,888000000,655000000,,,,,-18000000,,,,,6.93,25.17,1.7,,,,,,,,0.0998,,,2025-10-30,quarterly,1.82,USD,pre-market,None,,0.113,1.369,0.001,59.4,873000000,,,,125.95,107.34,4.0,,,,,,,5053000000,,17.09,,145.82,98.03
2025-12-28,KMB,5.91,19723999000.0,17.09,,0.26,4.014,,,,,,,,,,,,,,,None,3534000000,3534000000,,,,,,None,192000000,,5.0,0.0495,,,,-0.502,0.07,595000000,787000000,1.75,2022-06-30,13.16,,7031000000.0,1529000000,527000000,115000000,,,None,68000000,1000000,,None,,,,,437000000,441000000,-67000000,None,0.167,,908000000,621000000,,,,,-27000000,,,,,6.93,25.17,1.7,,,,,,,,0.0998,,,2025-10-30,quarterly,1.82,USD,pre-market,None,,0.113,1.369,0.001,59.4,906000000,,,,125.95,107.34,4.0,,,,,,,5063000000,,17.09,,145.82,98.03
2025-12-28,KMB,5.91,19723999000.0,17.09,,0.26,4.014,,,,,,,,,,,,,,,None,3575000000,3575000000,,,,,,None,188000000,,5.0,0.0495,,,,-0.502,0.07,691000000,879000000,1.75,2022-03-31,13.16,,7031000000.0,1520000000,626000000,114000000,,,None,65000000,2000000,,None,,,,,523000000,640000000,-63000000,None,0.167,,827000000,693000000,,,,,-4000000,,,,,6.93,25.17,1.7,,,,,,,,0.0998,,,2025-10-30,quarterly,1.82,USD,pre-market,None,,0.113,1.369,0.001,59.4,886000000,,,,125.95,107.34,4.0,,,,,,,5095000000,,17.09,,145.82,98.03
2025-12-28,KMB,5.91,19723999000.0,17.09,,0.26,4.014,,,,,,,,,,,,,,,None,3529000000,3529000000,,,,,,None,194000000,,5.0,0.0495,,,,-0.502,0.07,508000000,702000000,1.75,2021-12-31,13.16,,7031000000.0,1436000000,444000000,93000000,,,None,64000000,2000000,,None,,,,,357000000,361000000,-62000000,None,0.167,,915000000,521000000,,,,,None,,,,,6.93,25.17,1.7,,,,,,,,0.0998,,,2025-10-30,quarterly,1.82,USD,pre-market,269000000,,0.113,1.369,0.001,59.4,911000000,,,,125.95,107.34,4.0,,,,,,,4965000000,,17.09,,145.82,98.03
2025-12-28,KMB,5.91,19723999000.0,17.09,,0.26,4.014,,,,,,,,,,,,,,,None,3527000000,3527000000,,,,,,None,194000000,,5.0,0.0495,,,,-0.502,0.07,648000000,842000000,1.75,2021-09-30,13.16,,7031000000.0,1483000000,584000000,126000000,,,None,64000000,1000000,,None,,,,,469000000,479000000,-63000000,None,0.167,,826000000,657000000,,,,,-10000000,,,,,6.93,25.17,1.7,,,,,,,,0.0998,,,2025-10-30,quarterly,1.82,USD,pre-market,None,,0.113,1.369,0.001,59.4,819000000,,,,125.95,107.34,4.0,,,,,,,5010000000,,17.09,,145.82,98.03
2025-12-28,KMB,5.91,19723999000.0,17.09,,0.26,4.014,,,,,,,,,,,,,,,None,3242000000,3242000000,,,,,,None,189000000,,5.0,0.0495,,,,-0.502,0.07,560000000,749000000,1.75,2021-06-30,13.16,,7031000000.0,1480000000,495000000,113000000,,,None,65000000,2000000,,None,,,,,404000000,410000000,-63000000,None,0.167,,867000000,613000000,,,,,-55000000,,,,,6.93,25.17,1.7,,,,,,,,0.0998,,,2025-10-30,quarterly,1.82,USD,pre-market,None,,0.113,1.369,0.001,59.4,854000000,,,,125.95,107.34,4.0,,,,,,,4722000000,,17.09,,145.82,98.03
2025-12-28,KMB,5.91,19723999000.0,17.09,,0.26,4.014,,,,,,,,,,,,,,,None,3154000000,3154000000,,,,,,None,189000000,,5.0,0.0495,,,,-0.502,0.07,765000000,954000000,1.75,2021-03-31,13.16,,7031000000.0,1589000000,702000000,147000000,,,None,63000000,1000000,,None,,,,,584000000,680000000,-62000000,None,0.167,,819000000,770000000,,,,,-6000000,,,,,6.93,25.17,1.7,,,,,,,,0.0998,,,2025-10-30,quarterly,1.82,USD,pre-market,None,,0.113,1.369,0.001,59.4,815000000,,,,125.95,107.34,4.0,,,,,,,4743000000,,17.09,,145.82,98.03
2025-12-28,KMB,5.91,19723999000.0,17.09,,0.26,4.014,,,,,,,,,,,,,,,None,3126000000,3126000000,,,,,,None,190000000,,5.0,0.0495,,,,-0.502,0.07,738000000,928000000,1.75,2020-12-31,13.16,,7031000000.0,1710000000,674000000,166000000,,,None,64000000,2000000,,None,,,,,539000000,546000000,-62000000,None,0.167,,961000000,749000000,,,,,None,,,,,6.93,25.17,1.7,,,,,,,,0.0998,,,2025-10-30,quarterly,1.82,USD,pre-market,276000000,,0.113,1.369,0.001,59.4,873000000,,,,125.95,107.34,4.0,,,,,,,4836000000,,17.09,,145.82,98.03
2025-12-28,KMB,5.91,19723999000.0,17.09,,0.26,4.014,,,,,,,,,,,,,,,None,3093000000,3093000000,,,,,,None,192000000,,5.0,0.0495,,,,-0.502,0.07,628000000,820000000,1.75,2020-09-30,13.16,,7031000000.0,1590000000,566000000,114000000,,,None,62000000,60000000,,None,,,,,472000000,574000000,-60000000,None,0.167,,924000000,666000000,,,,,-40000000,,,,,6.93,25.17,1.7,,,,,,,,0.0998,,,2025-10-30,quarterly,1.82,USD,pre-market,None,,0.113,1.369,0.001,59.4,919000000,,,,125.95,107.34,4.0,,,,,,,4683000000,,17.09,,145.82,98.03
2025-12-28,KMB,5.91,19723999000.0,17.09,,0.26,4.014,,,,,,,,,,,,,,,None,2835000000,2835000000,,,,,,None,201000000,,5.0,0.0495,,,,-0.502,0.07,921000000,1122000000,1.75,2020-06-30,13.16,,7031000000.0,1777000000,856000000,199000000,,,None,65000000,2000000,,None,,,,,681000000,785000000,-63000000,None,0.167,,852000000,925000000,,,,,-6000000,,,,,6.93,25.17,1.7,,,,,,,,0.0998,,,2025-10-30,quarterly,1.82,USD,pre-market,None,,0.113,1.369,0.001,59.4,844000000,,,,125.95,107.34,4.0,,,,,,,4612000000,,17.09,,145.82,98.03
2025-12-28,KMB,5.91,19723999000.0,17.09,,0.26,4.014,,,,,,,,,,,,,,,None,3218000000,3218000000,,,,,,None,213000000,,5.0,0.0495,,,,-0.502,0.07,895000000,1108000000,1.75,2020-03-31,13.16,,7031000000.0,1791000000,834000000,197000000,,,None,61000000,2000000,,None,,,,,660000000,675000000,-59000000,None,0.167,,887000000,904000000,,,,,29000000,,,,,6.93,25.17,1.7,,,,,,,,0.0998,,,2025-10-30,quarterly,1.82,USD,pre-market,None,,0.113,1.369,0.001,59.4,873000000,,,,125.95,107.34,4.0,,,,,,,5009000000,,17.09,,145.82,98.03
2025-12-28,KMB,5.91,19723999000.0,17.09,,0.26,4.014,,,,,,,,,,,,,,,None,3017000000,3017000000,,,,,,None,217000000,,5.0,0.0495,,,,-0.502,0.07,696000000,913000000,1.75,2019-12-31,13.16,,7031000000.0,1566000000,633000000,109000000,,,None,63000000,3000000,,None,,,,,547000000,556000000,-60000000,None,0.167,,815000000,751000000,,,,,-23000000,,,,,6.93,25.17,1.7,,,,,,,,0.0998,,,2025-10-30,quarterly,1.82,USD,pre-market,284000000,,0.113,1.369,0.001,59.4,859000000,,,,125.95,107.34,4.0,,,,,,,4583000000,,17.09,,145.82,98.03
2025-12-28,KMB,5.91,19723999000.0,17.09,,0.26,4.014,,,,,,,,,,,,,,,None,3085000000,3085000000,,,,,,None,230000000,,5.0,0.0495,,,,-0.502,0.07,907000000,1137000000,1.75,2019-09-30,13.16,,7031000000.0,1555000000,841000000,192000000,,,None,66000000,3000000,,None,,,,,671000000,680000000,-63000000,None,0.167,,640000000,915000000,,,,,23000000,,,,,6.93,25.17,1.7,,,,,,,,0.0998,,,2025-10-30,quarterly,1.82,USD,pre-market,None,,0.113,1.369,0.001,59.4,815000000,,,,125.95,107.34,4.0,,,,,,,4640000000,,17.09,,145.82,98.03
2025-12-28,KMB,5.91,19723999000.0,17.09,,0.26,4.014,,,,,,,,,,,,,,,None,3108000000,3108000000,,,,,,None,236000000,,5.0,0.0495,,,,-0.502,0.07,661000000,897000000,1.75,2019-06-30,13.16,,7031000000.0,1486000000,594000000,132000000,,,None,67000000,2000000,,None,,,,,485000000,495000000,-65000000,None,0.167,,816000000,670000000,,,,,24000000,,,,,6.93,25.17,1.7,,,,,,,,0.0998,,,2025-10-30,quarterly,1.82,USD,pre-market,None,,0.113,1.369,0.001,59.4,811000000,,,,125.95,107.34,4.0,,,,,,,4594000000,,17.09,,145.82,98.03
2025-12-28,KMB,5.91,19723999000.0,17.09,,0.26,4.014,,,,,,,,,,,,,,,None,3205000000,3205000000,,,,,,None,234000000,,5.0,0.0495,,,,-0.502,0.07,647000000,881000000,1.75,2019-03-31,13.16,,7031000000.0,1428000000,582000000,143000000,,,None,65000000,3000000,,None,,,,,454000000,466000000,-62000000,None,0.167,,773000000,655000000,,,,,19000000,,,,,6.93,25.17,1.7,,,,,,,,0.0998,,,2025-10-30,quarterly,1.82,USD,pre-market,None,,0.113,1.369,0.001,59.4,769000000,,,,125.95,107.34,4.0,,,,,,,4633000000,,17.09,,145.82,98.03
2025-12-28,KMB,5.91,19723999000.0,17.09,,0.26,4.014,,,,,,,,,,,,,,,None,3167000000,3167000000,,,,,,None,230000000,,5.0,0.0495,,,,-0.502,0.07,554000000,784000000,1.75,2018-12-31,13.16,,7031000000.0,1402000000,489000000,91000000,,,None,65000000,None,,None,,,,,411000000,421000000,None,None,0.167,,763000000,639000000,,,,,-62000000,,,,,6.93,25.17,1.7,,,,,,,,0.0998,,,2025-10-30,quarterly,1.82,USD,pre-market,317000000,,0.113,1.369,0.001,59.4,768000000,,,,125.95,107.34,4.0,,,,,,,4569000000,,17.09,,145.82,98.03
2025-12-28,KMB,5.91,19723999000.0,17.09,,0.26,4.014,,,,,,,,,,,,,,,None,3166000000,3166000000,,,,,,None,217000000,,5.0,0.0495,,,,-0.502,0.07,641000000,858000000,1.75,2018-09-30,13.16,,7031000000.0,1416000000,577000000,138000000,,,None,64000000,None,,None,,,,,451000000,462000000,None,None,0.167,,747000000,669000000,,,,,-5000000,,,,,6.93,25.17,1.7,,,,,,,,0.0998,,,2025-10-30,quarterly,1.82,USD,pre-market,0,,0.113,1.369,0.001,59.4,749000000,,,,125.95,107.34,4.0,,,,,,,4582000000,,17.09,,145.82,98.03
2025-12-28,KMB,5.91,19723999000.0,17.09,,0.26,4.014,,,,,,,,,,,,,,,None,3149000000,3149000000,,,,,,None,224000000,,5.0,0.0495,,,,-0.502,0.07,641000000,865000000,1.75,2018-06-30,13.16,,7031000000.0,1455000000,573000000,138000000,,,None,68000000,None,,None,,,,,455000000,465000000,None,None,0.167,,781000000,674000000,,,,,-3000000,,,,,6.93,25.17,1.7,,,,,,,,0.0998,,,2025-10-30,quarterly,1.82,USD,pre-market,0,,0.113,1.369,0.001,59.4,771000000,,,,125.95,107.34,4.0,,,,,,,4604000000,,17.09,,145.82,98.03
2025-12-28,KMB,5.91,19723999000.0,17.09,,0.26,4.014,,,,,,,,,,,,,,,None,3407000000,3407000000,,,,,,None,211000000,,5.0,0.0495,,,,-0.502,0.07,240000000,451000000,1.75,2018-03-31,13.16,,7031000000.0,1324000000,174000000,104000000,,,None,66000000,None,,None,,,,,93000000,97000000,None,None,0.167,,1077000000,247000000,,,,,20000000,,,,,6.93,25.17,1.7,,,,,,,,0.0998,,,2025-10-30,quarterly,1.82,USD,pre-market,0,,0.113,1.369,0.001,59.4,1079000000,,,,125.95,107.34,4.0,,,,,,,4731000000,,17.09,,145.82,98.03
2025-12-28,KMB,5.91,19723999000.0,17.09,,0.26,4.014,,,,,,,,,,,,,,,None,2984000000,2984000000,,,,,,None,184000000,,5.0,0.0495,,,,-0.502,0.07,815000000,999000000,1.75,2017-12-31,13.16,,7031000000.0,1598000000,743000000,143000000,,,None,72000000,None,,None,,,,,617000000,600000000,None,None,0.167,,786000000,812000000,,,,,28000000,,,,,6.93,25.17,1.7,,,,,,,,0.0998,,,2025-10-30,quarterly,1.82,USD,pre-market,309000000,,0.113,1.369,0.001,59.4,759000000,,,,125.95,107.34,4.0,,,,,,,4582000000,,17.09,,145.82,98.03
2025-12-28,KMB,5.91,19723999000.0,17.09,,0.26,4.014,,,,,,,,,,,,,,,None,2981000000,2981000000,,,,,,None,182000000,,5.0,0.0495,,,,-0.502,0.07,857000000,1039000000,1.75,2017-09-30,13.16,,7031000000.0,1659000000,779000000,224000000,,,None,78000000,None,,None,,,,,567000000,555000000,None,None,0.167,,799000000,868000000,,,,,27000000,,,,,6.93,25.17,1.7,,,,,,,,0.0998,,,2025-10-30,quarterly,1.82,USD,pre-market,0,,0.113,1.369,0.001,59.4,813000000,,,,125.95,107.34,4.0,,,,,,,4640000000,,17.09,,145.82,98.03
2025-12-28,KMB,5.91,19723999000.0,17.09,,0.26,4.014,,,,,,,,,,,,,,,None,2910000000,2910000000,,,,,,None,180000000,,5.0,0.0495,,,,-0.502,0.07,801000000,981000000,1.75,2017-06-30,13.16,,7031000000.0,1644000000,716000000,202000000,,,None,85000000,None,,None,,,,,531000000,514000000,None,None,0.167,,838000000,814000000,,,,,28000000,,,,,6.93,25.17,1.7,,,,,,,,0.0998,,,2025-10-30,quarterly,1.82,USD,pre-market,0,,0.113,1.369,0.001,59.4,842000000,,,,125.95,107.34,4.0,,,,,,,4554000000,,17.09,,145.82,98.03
2025-12-28,KMB,5.91,19723999000.0,17.09,,0.26,4.014,,,,,,,,,,,,,,,None,2831000000,2831000000,,,,,,None,178000000,,5.0,0.0495,,,,-0.502,0.07,836000000,1014000000,1.75,2017-03-31,13.16,,7031000000.0,1652000000,753000000,207000000,,,None,83000000,None,,None,,,,,563000000,546000000,None,None,0.167,,812000000,848000000,,,,,31000000,,,,,6.93,25.17,1.7,,,,,,,,0.0998,,,2025-10-30,quarterly,1.82,USD,pre-market,0,,0.113,1.369,0.001,59.4,813000000,,,,125.95,107.34,4.0,,,,,,,4483000000,,17.09,,145.82,98.03
2025-12-28,KMB,5.91,19723999000.0,17.09,,0.26,4.014,,,,,,,,,,,,,,,None,2866000000,2866000000,,,,,,None,177000000,,5.0,0.0495,,,,-0.502,0.07,841000000,1018000000,1.75,2016-12-31,13.16,,7031000000.0,1678000000,760000000,271000000,,,None,81000000,None,,None,,,,,505000000,621000000,None,None,0.167,,839000000,839000000,,,,,31000000,,,,,6.93,25.17,1.7,,,,,,,,0.0998,,,2025-10-30,quarterly,1.82,USD,pre-market,328000000,,0.113,1.369,0.001,59.4,821000000,,,,125.95,107.34,4.0,,,,,,,4544000000,,17.09,,145.82,98.03
2025-12-28,KMB,5.91,19723999000.0,17.09,,0.26,4.014,,,,,,,,,,,,,,,None,2924000000,2924000000,,,,,,None,179000000,,5.0,0.0495,,,,-0.502,0.07,838000000,1017000000,1.75,2016-09-30,13.16,,7031000000.0,1670000000,757000000,227000000,,,None,81000000,None,,None,,,,,550000000,530000000,None,None,0.167,,834000000,836000000,,,,,35000000,,,,,6.93,25.17,1.7,,,,,,,,0.0998,,,2025-10-30,quarterly,1.82,USD,pre-market,0,,0.113,1.369,0.001,59.4,833000000,,,,125.95,107.34,4.0,,,,,,,4594000000,,17.09,,145.82,98.03
2025-12-28,KMB,5.91,19723999000.0,17.09,,0.26,4.014,,,,,,,,,,,,,,,None,2924000000,2924000000,,,,,,None,177000000,,5.0,0.0495,,,,-0.502,0.07,841000000,1018000000,1.75,2016-06-30,13.16,,7031000000.0,1664000000,760000000,217000000,,,None,81000000,None,,None,,,,,566000000,543000000,None,None,0.167,,826000000,838000000,,,,,38000000,,,,,6.93,25.17,1.7,,,,,,,,0.0998,,,2025-10-30,quarterly,1.82,USD,pre-market,0,,0.113,1.369,0.001,59.4,847000000,,,,125.95,107.34,4.0,,,,,,,4588000000,,17.09,,145.82,98.03
2025-12-28,KMB,5.91,19723999000.0,17.09,,0.26,4.014,,,,,,,,,,,,,,,None,2837000000,2837000000,,,,,,None,172000000,,5.0,0.0495,,,,-0.502,0.07,808000000,980000000,1.75,2016-03-31,13.16,,7031000000.0,1639000000,732000000,207000000,,,None,76000000,None,,None,,,,,545000000,525000000,None,None,0.167,,835000000,804000000,,,,,39000000,,,,,6.93,25.17,1.7,,,,,,,,0.0998,,,2025-10-30,quarterly,1.82,USD,pre-market,0,,0.113,1.369,0.001,59.4,825000000,,,,125.95,107.34,4.0,,,,,,,4476000000,,17.09,,145.82,98.03
2025-12-28,KMB,5.91,19723999000.0,17.09,,0.26,4.014,,,,,,,,,,,,,,,None,2913000000,2913000000,,,,,,None,181000000,,5.0,0.0495,,,,-0.502,0.07,635000000,816000000,1.75,2015-12-31,13.16,,7031000000.0,1626000000,559000000,252000000,,,None,76000000,None,,None,,,,,333000000,1066000000,None,None,0.167,,996000000,630000000,,,,,None,,,,,6.93,25.17,1.7,,,,,,,,0.0998,,,2025-10-30,quarterly,1.82,USD,pre-market,324000000,,0.113,1.369,0.001,59.4,857000000,,,,125.95,107.34,4.0,,,,,,,4539000000,,17.09,,145.82,98.03
2025-12-28,KMB,5.91,19723999000.0,17.09,,0.26,4.014,,,,,,,,,,,,,,,None,3036000000,3036000000,,,,,,None,182000000,,5.0,0.0495,,,,-0.502,0.07,783000000,965000000,1.75,2015-09-30,13.16,,7031000000.0,1682000000,709000000,217000000,,,None,74000000,None,,None,,,,,517000000,529000000,None,None,0.167,,903000000,779000000,,,,,41000000,,,,,6.93,25.17,1.7,,,,,,,,0.0998,,,2025-10-30,quarterly,1.82,USD,pre-market,0,,0.113,1.369,0.001,59.4,868000000,,,,125.95,107.34,4.0,,,,,,,4718000000,,17.09,,145.82,98.03
2025-12-28,KMB,5.91,19723999000.0,17.09,,0.26,4.014,,,,,,,,,,,,,,,None,2986000000,2986000000,,,,,,None,189000000,,5.0,0.0495,,,,-0.502,0.07,-540000000,-351000000,1.75,2015-06-30,13.16,,7031000000.0,1657000000,-613000000,-281000000,,,None,73000000,None,,None,,,,,-305000000,-293000000,None,None,0.167,,2201000000,-544000000,,,,,43000000,,,,,6.93,25.17,1.7,,,,,,,,0.0998,,,2025-10-30,quarterly,1.82,USD,pre-market,0,,0.113,1.369,0.001,59.4,869000000,,,,125.95,107.34,4.0,,,,,,,4643000000,,17.09,,145.82,98.03
2025-12-28,KMB,5.91,19723999000.0,17.09,,0.26,4.014,,,,,,,,,,,,,,,None,3032000000,3032000000,,,,,,None,194000000,,5.0,0.0495,,,,-0.502,0.07,752000000,946000000,1.75,2015-03-31,13.16,,7031000000.0,1659000000,680000000,230000000,,,None,72000000,None,,None,,,,,468000000,0,None,None,0.167,,911000000,748000000,,,,,None,,,,,6.93,25.17,1.7,,,,,,,,0.0998,,,2025-10-30,quarterly,1.82,USD,pre-market,0,,0.113,1.369,0.001,59.4,849000000,,,,125.95,107.34,4.0,,,,,,,4691000000,,17.09,,145.82,98.03
2025-12-28,KMB,5.91,19723999000.0,17.09,,0.26,4.014,,,,,,,,,,,,,,,None,2513000000,2513000000,,,,,,None,207000000,,5.0,0.0495,,,,-0.502,0.07,32000000,239000000,1.75,2014-12-31,13.16,,7031000000.0,1148000000,-38000000,107000000,,,None,69000000,None,,None,,,,,-83000000,1000000,None,None,0.167,,695000000,27000000,,,,,37000000,,,,,6.93,25.17,1.7,,,,,,,,0.0998,,,2025-10-30,quarterly,1.82,USD,pre-market,368000000,,0.113,1.369,0.001,59.4,695000000,,,,125.95,107.34,4.0,,,,,,,4828000000,,17.09,,145.82,98.03
2025-12-28,KMB,5.91,19723999000.0,17.09,,0.26,4.014,,,,,,,,,,,,,,,None,3541000000,3541000000,,,,,,None,220000000,,5.0,0.0495,,,,-0.502,0.07,1013000000,1233000000,1.75,2014-09-30,13.16,,7031000000.0,1765000000,810000000,260000000,,,None,71000000,None,,None,,,,,562000000,551000000,None,None,0.167,,888000000,877000000,,,,,36000000,,,,,6.93,25.17,1.7,,,,,,,,0.0998,,,2025-10-30,quarterly,1.82,USD,pre-market,0,,0.113,1.369,0.001,59.4,1011000000,,,,125.95,107.34,4.0,,,,,,,5442000000,,17.09,,145.82,98.03
2025-12-28,KMB,5.91,19723999000.0,17.09,,0.26,4.014,,,,,,,,,,,,,,,None,3534000000,3534000000,,,,,,None,217000000,,5.0,0.0495,,,,-0.502,0.07,780000000,997000000,1.75,2014-06-30,13.16,,7031000000.0,1700000000,708000000,225000000,,,None,72000000,None,,None,,,,,509000000,490000000,None,None,0.167,,925000000,775000000,,,,,45000000,,,,,6.93,25.17,1.7,,,,,,,,0.0998,,,2025-10-30,quarterly,1.82,USD,pre-market,0,,0.113,1.369,0.001,59.4,1032000000,,,,125.95,107.34,4.0,,,,,,,5343000000,,17.09,,145.82,98.03
2025-12-28,KMB,5.91,19723999000.0,17.09,,0.26,4.014,,,,,,,,,,,,,,,None,3222000000,3222000000,,,,,,None,218000000,,5.0,0.0495,,,,-0.502,0.07,714000000,932000000,1.75,2014-03-31,13.16,,7031000000.0,1665000000,643000000,196000000,,,None,71000000,None,,None,,,,,538000000,503000000,None,None,0.167,,954000000,711000000,,,,,46000000,,,,,6.93,25.17,1.7,,,,,,,,0.0998,,,2025-10-30,quarterly,1.82,USD,pre-market,0,,0.113,1.369,0.001,59.4,971000000,,,,125.95,107.34,4.0,,,,,,,5278000000,,17.09,,145.82,98.03
2025-12-28,KMB,5.91,19723999000.0,17.09,,0.26,4.014,,,,,,,,,,,,,,,None,3492000000,3492000000,,,,,,None,222000000,,5.0,0.0495,,,,-0.502,0.07,826000000,1048000000,1.75,2013-12-31,13.16,,7031000000.0,1813000000,754000000,244000000,,,None,72000000,None,,None,,,,,539000000,510000000,None,None,0.167,,991000000,822000000,,,,,52000000,,,,,6.93,25.17,1.7,,,,,,,,0.0998,,,2025-10-30,quarterly,1.82,USD,pre-market,360000000,,0.113,1.369,0.001,59.4,999000000,,,,125.95,107.34,4.0,,,,,,,5305000000,,17.09,,145.82,98.03
2025-12-28,KMB,5.91,19723999000.0,17.09,,0.26,4.014,,,,,,,,,,,,,,,None,3457000000,3457000000,,,,,,None,208000000,,5.0,0.0495,,,,-0.502,0.07,813000000,1021000000,1.75,2013-09-30,13.16,,7031000000.0,1805000000,740000000,224000000,,,None,73000000,None,,None,,,,,546000000,516000000,None,None,0.167,,998000000,807000000,,,,,55000000,,,,,6.93,25.17,1.7,,,,,,,,0.0998,,,2025-10-30,quarterly,1.82,USD,pre-market,0,,0.113,1.369,0.001,59.4,990000000,,,,125.95,107.34,4.0,,,,,,,5262000000,,17.09,,145.82,98.03
2025-12-28,KMB,5.91,19723999000.0,17.09,,0.26,4.014,,,,,,,,,,,,,,,None,3467000000,3467000000,,,,,,None,212000000,,5.0,0.0495,,,,-0.502,0.07,801000000,1013000000,1.75,2013-06-30,13.16,,7031000000.0,1800000000,730000000,238000000,,,None,71000000,None,,None,,,,,526000000,492000000,None,None,0.167,,1004000000,904000000,,,,,60000000,,,,,6.93,25.17,1.7,,,,,,,,0.0998,,,2025-10-30,quarterly,1.82,USD,pre-market,0,,0.113,1.369,0.001,59.4,1012000000,,,,125.95,107.34,4.0,,,,,,,5267000000,,17.09,,145.82,98.03
2025-12-28,KMB,5.91,19723999000.0,17.09,,0.26,4.014,,,,,,,,,,,,,,,None,3496000000,3496000000,,,,,,None,221000000,,5.0,0.0495,,,,-0.502,0.07,788000000,1009000000,1.75,2013-03-31,13.16,,7031000000.0,1822000000,721000000,223000000,,,None,67000000,None,,None,,,,,531000000,498000000,None,None,0.167,,1039000000,783000000,,,,,58000000,,,,,6.93,25.17,1.7,,,,,,,,0.0998,,,2025-10-30,quarterly,1.82,USD,pre-market,None,,0.113,1.369,0.001,59.4,1027000000,,,,125.95,107.34,4.0,,,,,,,5318000000,,17.09,,145.82,98.03
2025-12-28,KMB,5.91,19723999000.0,17.09,,0.26,4.014,,,,,,,,,,,,,,,None,3783000000,3783000000,,,,,,None,215000000,,5.0,0.0495,,,,-0.502,0.07,454000000,669000000,1.75,2012-12-31,13.16,,7031000000.0,1524000000,382000000,147000000,,,None,72000000,None,,None,,,,,267000000,0,None,None,0.167,,1075000000,449000000,,,,,None,,,,,6.93,25.17,1.7,,,,,,,,0.0998,,,2025-10-30,quarterly,1.82,USD,pre-market,356000000,,0.113,1.369,0.001,59.4,1066000000,,,,125.95,107.34,4.0,,,,,,,5307000000,,17.09,,145.82,98.03
2025-12-28,KMB,5.91,19723999000.0,17.09,,0.26,4.014,,,,,,,,,,,,,,,None,3480000000,3480000000,,,,,,None,210000000,,5.0,0.0495,,,,-0.502,0.07,787000000,997000000,1.75,2012-09-30,13.16,,7031000000.0,1766000000,717000000,223000000,,,None,70000000,None,,None,,,,,517000000,0,None,None,0.167,,983000000,783000000,,,,,None,,,,,6.93,25.17,1.7,,,,,,,,0.0998,,,2025-10-30,quarterly,1.82,USD,pre-market,0,,0.113,1.369,0.001,59.4,988000000,,,,125.95,107.34,4.0,,,,,,,5246000000,,17.09,,145.82,98.03
2025-12-28,KMB,5.91,19723999000.0,17.09,,0.26,4.014,,,,,,,,,,,,,,,None,3514000000,3514000000,,,,,,None,214000000,,5.0,0.0495,,,,-0.502,0.07,759000000,973000000,1.75,2012-06-30,13.16,,7031000000.0,1755000000,688000000,213000000,,,None,71000000,None,,None,,,,,498000000,0,None,None,0.167,,1001000000,754000000,,,,,None,,,,,6.93,25.17,1.7,,,,,,,,0.0998,,,2025-10-30,quarterly,1.82,USD,pre-market,0,,0.113,1.369,0.001,59.4,1019000000,,,,125.95,107.34,4.0,,,,,,,5269000000,,17.09,,145.82,98.03
2025-12-28,KMB,5.91,19723999000.0,17.09,,0.26,4.014,,,,,,,,,,,,,,,None,3537000000,3537000000,,,,,,None,218000000,,5.0,0.0495,,,,-0.502,0.07,704000000,922000000,1.75,2012-03-31,13.16,,7031000000.0,1704000000,633000000,185000000,,,None,71000000,None,,None,,,,,468000000,0,None,None,0.167,,1004000000,700000000,,,,,None,,,,,6.93,25.17,1.7,,,,,,,,0.0998,,,2025-10-30,quarterly,1.82,USD,pre-market,0,,0.113,1.369,0.001,59.4,996000000,,,,125.95,107.34,4.0,,,,,,,5241000000,,17.09,,145.82,98.03
2025-12-28,KMB,5.91,19723999000.0,17.09,,0.26,4.014,,,,,,,,,,,,,,,None,3632000000,3632000000,,,,,,None,270000000,,5.0,0.0495,,,,-0.502,0.07,616000000,886000000,1.75,2011-12-31,13.16,,7031000000.0,1544000000,544000000,161000000,,,None,72000000,None,,None,,,,,401000000,0,None,None,0.167,,933000000,611000000,,,,,None,,,,,6.93,25.17,1.7,,,,,,,,0.0998,,,2025-10-30,quarterly,1.82,USD,pre-market,316000000,,0.113,1.369,0.001,59.4,957000000,,,,125.95,107.34,4.0,,,,,,,5176000000,,17.09,,145.82,98.03
2025-12-28,KMB,5.91,19723999000.0,17.09,,0.26,4.014,,,,,,,,,,,,,,,None,3794000000,3794000000,,,,,,None,291000000,,5.0,0.0495,,,,-0.502,0.07,667000000,958000000,1.75,2011-09-30,13.16,,7031000000.0,1588000000,597000000,174000000,,,None,70000000,None,,None,,,,,432000000,423000000,None,None,0.167,,926000000,662000000,,,,,40000000,,,,,6.93,25.17,1.7,,,,,,,,0.0998,,,2025-10-30,quarterly,1.82,USD,pre-market,0,,0.113,1.369,0.001,59.4,943000000,,,,125.95,107.34,4.0,,,,,,,5382000000,,17.09,,145.82,98.03
2025-12-28,KMB,5.91,19723999000.0,17.09,,0.26,4.014,,,,,,,,,,,,,,,None,3702000000,3702000000,,,,,,None,287000000,,5.0,0.0495,,,,-0.502,0.07,629000000,916000000,1.75,2011-06-30,13.16,,7031000000.0,1557000000,558000000,173000000,,,None,71000000,None,,None,,,,,408000000,385000000,None,None,0.167,,932000000,625000000,,,,,51000000,,,,,6.93,25.17,1.7,,,,,,,,0.0998,,,2025-10-30,quarterly,1.82,USD,pre-market,0,,0.113,1.369,0.001,59.4,940000000,,,,125.95,107.34,4.0,,,,,,,5259000000,,17.09,,145.82,98.03
2025-12-28,KMB,5.91,19723999000.0,17.09,,0.26,4.014,,,,,,,,,,,,,,,None,3566000000,3566000000,,,,,,None,243000000,,5.0,0.0495,,,,-0.502,0.07,548000000,791000000,1.75,2011-03-31,13.16,,7031000000.0,1463000000,484000000,152000000,,,None,64000000,None,,None,,,,,350000000,332000000,None,None,0.167,,919000000,544000000,,,,,44000000,,,,,6.93,25.17,1.7,,,,,,,,0.0998,,,2025-10-30,quarterly,1.82,USD,pre-market,0,,0.113,1.369,0.001,59.4,921000000,,,,125.95,107.34,4.0,,,,,,,5029000000,,17.09,,145.82,98.03
2025-12-28,KMB,5.91,19723999000.0,17.09,,0.26,4.014,,,,,,,,,,,,,,,None,3430000000,3430000000,,,,,,None,206000000,,5.0,0.0495,,,,-0.502,0.07,703000000,909000000,1.75,2010-12-31,13.16,,7031000000.0,1645000000,640000000,171000000,,,None,63000000,None,,None,,,,,492000000,0,None,None,0.167,,946000000,699000000,,,,,None,,,,,6.93,25.17,1.7,,,,,,,,0.0998,,,2025-10-30,quarterly,1.82,USD,pre-market,317000000,,0.113,1.369,0.001,59.4,954000000,,,,125.95,107.34,4.0,,,,,,,5075000000,,17.09,,145.82,98.03
2025-12-28,KMB,5.91,19723999000.0,17.09,,0.26,4.014,,,,,,,,,,,,,,,None,3365000000,3365000000,,,,,,None,205000000,,5.0,0.0495,,,,-0.502,0.07,703000000,908000000,1.75,2010-09-30,13.16,,7031000000.0,1614000000,644000000,195000000,,,None,59000000,None,,None,,,,,469000000,0,None,None,0.167,,916000000,698000000,,,,,None,,,,,6.93,25.17,1.7,,,,,,,,0.0998,,,2025-10-30,quarterly,1.82,USD,pre-market,0,,0.113,1.369,0.001,59.4,909000000,,,,125.95,107.34,4.0,,,,,,,4979000000,,17.09,,145.82,98.03
2025-12-28,KMB,5.91,19723999000.0,17.09,,0.26,4.014,,,,,,,,,,,,,,,None,3213000000,3213000000,,,,,,None,209000000,,5.0,0.0495,,,,-0.502,0.07,717000000,926000000,1.75,2010-06-30,13.16,,7031000000.0,1644000000,657000000,181000000,,,None,60000000,None,,None,,,,,498000000,0,None,None,0.167,,933000000,711000000,,,,,None,,,,,6.93,25.17,1.7,,,,,,,,0.0998,,,2025-10-30,quarterly,1.82,USD,pre-market,0,,0.113,1.369,0.001,59.4,929000000,,,,125.95,107.34,4.0,,,,,,,4857000000,,17.09,,145.82,98.03
2025-12-28,KMB,5.91,19723999000.0,17.09,,0.26,4.014,,,,,,,,,,,,,,,None,3188000000,3188000000,,,,,,None,193000000,,5.0,0.0495,,,,-0.502,0.07,670000000,863000000,1.75,2010-03-31,13.16,,7031000000.0,1647000000,609000000,241000000,,,None,61000000,None,,None,,,,,384000000,0,None,None,0.167,,982000000,665000000,,,,,None,,,,,6.93,25.17,1.7,,,,,,,,0.0998,,,2025-10-30,quarterly,1.82,USD,pre-market,0,,0.113,1.369,0.001,59.4,881000000,,,,125.95,107.34,4.0,,,,,,,4835000000,,17.09,,145.82,98.03
2025-12-28,KMB,5.91,19723999000.0,17.09,,0.26,4.014,,,,,,,,,,,,,,,None,3316000000,3316000000,,,,,,None,220000000,,5.0,0.0495,,,,-0.502,0.07,722000000,942000000,1.75,2009-12-31,13.16,,7031000000.0,1666000000,658000000,184000000,,,None,64000000,None,,None,,,,,492000000,0,None,None,0.167,,949000000,717000000,,,,,None,,,,,6.93,25.17,1.7,,,,,,,,0.0998,,,2025-10-30,quarterly,1.82,USD,pre-market,301000000,,0.113,1.369,0.001,59.4,974000000,,,,125.95,107.34,4.0,,,,,,,4982000000,,17.09,,145.82,98.03
2025-12-28,KMB,5.91,19723999000.0,17.09,,0.26,4.014,,,,,,,,,,,,,,,None,3186000000,3186000000,,,,,,None,196000000,,5.0,0.0495,,,,-0.502,0.07,878000000,1074000000,1.75,2009-09-30,13.16,,7031000000.0,1727000000,811000000,240000000,,,None,67000000,None,,None,,,,,582000000,0,None,None,0.167,,856000000,871000000,,,,,None,,,,,6.93,25.17,1.7,,,,,,,,0.0998,,,2025-10-30,quarterly,1.82,USD,pre-market,0,,0.113,1.369,0.001,59.4,852000000,,,,125.95,107.34,4.0,,,,,,,4913000000,,17.09,,145.82,98.03
2025-12-28,KMB,5.91,19723999000.0,17.09,,0.26,4.014,,,,,,,,,,,,,,,None,3154000000,3154000000,,,,,,None,190000000,,5.0,0.0495,,,,-0.502,0.07,615000000,805000000,1.75,2009-06-30,13.16,,7031000000.0,1573000000,544000000,158000000,,,None,71000000,None,,None,,,,,403000000,0,None,None,0.167,,964000000,609000000,,,,,None,,,,,6.93,25.17,1.7,,,,,,,,0.0998,,,2025-10-30,quarterly,1.82,USD,pre-market,0,,0.113,1.369,0.001,59.4,923000000,,,,125.95,107.34,4.0,,,,,,,4727000000,,17.09,,145.82,98.03
2025-12-28,KMB,5.91,19723999000.0,17.09,,0.26,4.014,,,,,,,,,,,,,,,None,3039000000,3039000000,,,,,,None,177000000,,5.0,0.0495,,,,-0.502,0.07,636000000,813000000,1.75,2009-03-31,13.16,,7031000000.0,1454000000,563000000,164000000,,,None,73000000,None,,None,,,,,407000000,0,None,None,0.167,,826000000,628000000,,,,,None,,,,,6.93,25.17,1.7,,,,,,,,0.0998,,,2025-10-30,quarterly,1.82,USD,pre-market,0,,0.113,1.369,0.001,59.4,749000000,,,,125.95,107.34,4.0,,,,,,,4493000000,,17.09,,145.82,98.03
2025-12-28,KMB,5.91,19723999000.0,17.09,,0.26,4.014,,,,,,,,,,,,,,,None,3143300000,3143300000,,,,,,None,179500000,,5.0,0.0495,,,,-0.502,0.07,623300000,802800000,1.75,2008-12-31,13.16,,7031000000.0,1454600000,557700000,124300000,,,None,304000000,None,,None,,,,,419300000,0,None,None,0.167,,831300000,623300000,,,,,None,,,,,6.93,25.17,1.7,,,,,,,,0.0998,,,2025-10-30,quarterly,1.82,USD,pre-market,297000000,,0.113,1.369,0.001,59.4,816300000,,,,125.95,107.34,4.0,,,,,,,4597900000,,17.09,,145.82,98.03
2025-12-28,KMB,5.91,19723999000.0,17.09,,0.26,4.014,,,,,,,,,,,,,,,None,3535000000,3535000000,,,,,,None,195300000,,5.0,0.0495,,,,-0.502,0.07,625700000,821000000,1.75,2008-09-30,13.16,,7031000000.0,1463200000,549000000,154000000,,,None,76000000,None,,None,,,,,413100000,0,None,None,0.167,,853700000,609500000,,,,,None,,,,,6.93,25.17,1.7,,,,,,,,0.0998,,,2025-10-30,quarterly,1.82,USD,pre-market,0,,0.113,1.369,0.001,59.4,849000000,,,,125.95,107.34,4.0,,,,,,,4998200000,,17.09,,145.82,98.03
2025-12-28,KMB,5.91,19723999000.0,17.09,,0.26,4.014,,,,,,,,,,,,,,,None,3521700000,3521700000,,,,,,None,200700000,,5.0,0.0495,,,,-0.502,0.07,657300000,858000000,1.75,2008-06-30,13.16,,7031000000.0,1484500000,584000000,174000000,,,None,74000000,None,,None,,,,,416700000,0,None,None,0.167,,834400000,650100000,,,,,None,,,,,6.93,25.17,1.7,,,,,,,,0.0998,,,2025-10-30,quarterly,1.82,USD,pre-market,0,,0.113,1.369,0.001,59.4,827300000,,,,125.95,107.34,4.0,,,,,,,5006200000,,17.09,,145.82,98.03
2025-12-28,KMB,5.91,19723999000.0,17.09,,0.26,4.014,,,,,,,,,,,,,,,None,3357000000,3357000000,,,,,,None,199500000,,5.0,0.0495,,,,-0.502,0.07,640700000,840200000,1.75,2008-03-31,13.16,,7031000000.0,1455700000,598000000,165000000,,,None,74000000,None,,None,,,,,440900000,0,None,None,0.167,,791600000,664100000,,,,,None,,,,,6.93,25.17,1.7,,,,,,,,0.0998,,,2025-10-30,quarterly,1.82,USD,pre-market,0,,0.113,1.369,0.001,59.4,798400000,,,,125.95,107.34,4.0,,,,,,,4812700000,,17.09,,145.82,98.03
2025-12-28,KMB,5.91,19723999000.0,17.09,,0.26,4.014,,,,,,,,,,,,,,,None,3296000000,3296000000,,,,,,None,180100000,,5.0,0.0495,,,,-0.502,0.07,668900000,849000000,1.75,2007-12-31,13.16,,7031000000.0,1462100000,609700000,145400000,,,None,264800000,None,,None,,,,,456000000,0,None,None,0.167,,793200000,668900000,,,,,None,,,,,6.93,25.17,1.7,,,,,,,,0.0998,,,2025-10-30,quarterly,1.82,USD,pre-market,276800000,,0.113,1.369,0.001,59.4,2313900000,,,,125.95,107.34,4.0,,,,,,,4758100000,,17.09,,145.82,98.03
2025-12-28,KMB,5.91,19723999000.0,17.09,,0.26,4.014,,,,,,,,,,,,,,,None,3177100000,3177100000,,,,,,None,213500000,,5.0,0.0495,,,,-0.502,0.07,682700000,896200000,1.75,2007-09-30,13.16,,7031000000.0,1443500000,606900000,167500000,,,None,79000000,None,,None,,,,,453100000,0,None,None,0.167,,760800000,682700000,,,,,None,,,,,6.93,25.17,1.7,,,,,,,,0.0998,,,2025-10-30,quarterly,1.82,USD,pre-market,0,,0.113,1.369,0.001,59.4,783700000,,,,125.95,107.34,4.0,,,,,,,4620600000,,17.09,,145.82,98.03
2025-12-28,KMB,5.91,19723999000.0,17.09,,0.26,4.014,,,,,,,,,,,,,,,None,3056000000,3056000000,,,,,,None,198300000,,5.0,0.0495,,,,-0.502,0.07,648700000,847000000,1.75,2007-06-30,13.16,,7031000000.0,1446000000,556700000,111500000,,,None,52000000,None,,None,,,,,461800000,0,None,None,0.167,,797300000,648700000,,,,,None,,,,,6.93,25.17,1.7,,,,,,,,0.0998,,,2025-10-30,quarterly,1.82,USD,pre-market,0,,0.113,1.369,0.001,59.4,797600000,,,,125.95,107.34,4.0,,,,,,,4502000000,,17.09,,145.82,98.03
2025-12-28,KMB,5.91,19723999000.0,17.09,,0.26,4.014,,,,,,,,,,,,,,,None,3033000000,3033000000,,,,,,None,214600000,,5.0,0.0495,,,,-0.502,0.07,616100000,830700000,1.75,2007-03-31,13.16,,7031000000.0,1352300000,544200000,112100000,,,None,50000000,None,,None,,,,,452000000,0,None,None,0.167,,736200000,616100000,,,,,None,,,,,6.93,25.17,1.7,,,,,,,,0.0998,,,2025-10-30,quarterly,1.82,USD,pre-market,0,,0.113,1.369,0.001,59.4,732600000,,,,125.95,107.34,4.0,,,,,,,4385300000,,17.09,,145.82,98.03
2025-12-28,KMB,5.91,19723999000.0,17.09,,0.26,4.014,,,,,,,,,,,,,,,None,2941300000,2941300000,,,,,,None,218300000,,5.0,0.0495,,,,-0.502,0.07,610600000,828900000,1.75,2006-12-31,13.16,,7031000000.0,1365900000,540700000,124300000,,,None,11288800000,None,,None,,,,,482600000,0,None,None,0.167,,755300000,610600000,,,,,None,,,,,6.93,25.17,1.7,,,,,,,,0.0998,,,2025-10-30,quarterly,1.82,USD,pre-market,301200000,,0.113,1.369,0.001,59.4,744700000,,,,125.95,107.34,4.0,,,,,,,4307200000,,17.09,,145.82,98.03
2025-12-28,KMB,5.91,19723999000.0,17.09,,0.26,4.014,,,,,,,,,,,,,,,None,2934900000,2934900000,,,,,,None,214900000,,5.0,0.0495,,,,-0.502,0.07,526400000,741300000,1.75,2006-09-30,13.16,,7031000000.0,1275500000,459500000,114600000,,,None,56000000,None,,None,,,,,364200000,0,None,None,0.167,,749100000,526400000,,,,,None,,,,,6.93,25.17,1.7,,,,,,,,0.0998,,,2025-10-30,quarterly,1.82,USD,pre-market,0,,0.113,1.369,0.001,59.4,749200000,,,,125.95,107.34,4.0,,,,,,,4210400000,,17.09,,145.82,98.03
2025-12-28,KMB,5.91,19723999000.0,17.09,,0.26,4.014,,,,,,,,,,,,,,,None,2873800000,2873800000,,,,,,None,238600000,,5.0,0.0495,,,,-0.502,0.07,-11044300000,-10805700000,1.75,2006-06-30,13.16,,7031000000.0,1287600000,48800000,131000000,,,None,64700000,None,,None,,,,,377600000,0,None,None,0.167,,743500000,544100000,,,,,None,,,,,6.93,25.17,1.7,,,,,,,,0.0998,,,2025-10-30,quarterly,1.82,USD,pre-market,0,,0.113,1.369,0.001,59.4,741900000,,,,125.95,107.34,4.0,,,,,,,4161400000,,17.09,,145.82,98.03
2025-12-28,KMB,5.91,19723999000.0,17.09,,0.26,4.014,,,,,,,,,,,,,,,None,2914800000,2914800000,,,,,,None,261000000,,5.0,0.0495,,,,-0.502,0.07,420400000,681400000,1.75,2006-03-31,13.16,,7031000000.0,1153100000,356700000,99300000,,,None,11543700000,None,,None,,,,,275100000,0,None,None,0.167,,732700000,420400000,,,,,None,,,,,6.93,25.17,1.7,,,,,,,,0.0998,,,2025-10-30,quarterly,1.82,USD,pre-market,0,,0.113,1.369,0.001,59.4,712500000,,,,125.95,107.34,4.0,,,,,,,4067900000,,17.09,,145.82,98.03
2025-12-28,KMB,5.91,19723999000.0,17.09,,0.26,4.014,,,,,,,,,,,,,,,None,2719300000,2719300000,,,,,,None,219900000,,5.0,0.0495,,,,-0.502,0.07,572200000,792100000,1.75,2005-12-31,13.16,,7031000000.0,1289600000,484400000,114100000,,,None,190200000,None,,None,,,,,371100000,0,None,None,0.167,,717400000,572200000,,,,,None,,,,,6.93,25.17,1.7,,,,,,,,0.0998,,,2025-10-30,quarterly,1.82,USD,pre-market,319500000,,0.113,1.369,0.001,59.4,715900000,,,,125.95,107.34,4.0,,,,,,,4008900000,,17.09,,145.82,98.03
2025-12-28,KMB,5.91,19723999000.0,17.09,,0.26,4.014,,,,,,,,,,,,,,,None,2844400000,2844400000,,,,,,None,239600000,,5.0,0.0495,,,,-0.502,0.07,225000000,464600000,1.75,2005-09-30,13.16,,7031000000.0,1156400000,380800000,66300000,,,None,48000000,None,,None,,,,,325300000,0,None,None,0.167,,691800000,464600000,,,,,None,,,,,6.93,25.17,1.7,,,,,,,,0.0998,,,2025-10-30,quarterly,1.82,USD,pre-market,0,,0.113,1.369,0.001,59.4,679500000,,,,125.95,107.34,4.0,,,,,,,4000800000,,17.09,,145.82,98.03
2025-12-28,KMB,5.91,19723999000.0,17.09,,0.26,4.014,,,,,,,,,,,,,,,None,12878000000,12878000000,,,,,,None,781000000,,5.0,0.0495,,,,-0.502,0.07,3197000000,3978000000,1.75,2024-12-31,13.16,,7031000000.0,7180000000,2927000000,565000000,,,None,270000000,48000000,,None,,,,,2545000000,2578000000,-222000000,None,0.167,,3970000000,3210000000,,,,,None,,,,,6.93,25.17,1.7,,,,,,,,0.0998,,,2025-10-30,annual,1.82,USD,pre-market,338000000,,0.113,1.369,0.001,59.4,4311000000,,,,125.95,107.34,4.0,,,,,,,20058000000,,17.09,,145.82,98.03
2025-12-28,KMB,5.91,19723999000.0,17.09,,0.26,4.014,,,,,,,,,,,,,,,None,13399000000,13399000000,,,,,,None,753000000,,5.0,0.0495,,,,-0.502,0.07,2344000000,2344000000,1.75,2023-12-31,13.16,,7031000000.0,7032000000,-453000000,-453000000,,,None,293000000,41000000,,None,,,,,1762000000,1767000000,-258000000,None,0.167,,3961000000,2344000000,,,,,None,,,,,6.93,25.17,1.7,,,,,,,,0.0998,,,2025-10-30,annual,1.82,USD,pre-market,312000000,,0.113,1.369,0.001,59.4,3884000000,,,,125.95,107.34,4.0,,,,,,,20431000000,,17.09,,145.82,98.03
2025-12-28,KMB,5.91,19723999000.0,17.09,,0.26,4.014,,,,,,,,,,,,,,,None,13956000000,13956000000,,,,,,None,754000000,,5.0,0.0495,,,,-0.502,0.07,2622000000,3376000000,1.75,2022-12-31,13.16,,7031000000.0,6219000000,2340000000,495000000,,,None,282000000,268000000,,None,,,,,1934000000,1961000000,-268000000,None,0.167,,3538000000,2681000000,,,,,None,,,,,6.93,25.17,1.7,,,,,,,,0.0998,,,2025-10-30,annual,1.82,USD,pre-market,292000000,,0.113,1.369,0.001,59.4,3581000000,,,,125.95,107.34,4.0,,,,,,,20175000000,,17.09,,145.82,98.03
2025-12-28,KMB,5.91,19723999000.0,17.09,,0.26,4.014,,,,,,,,,,,,,,,None,13452000000,13452000000,,,,,,None,766000000,,5.0,0.0495,,,,-0.502,0.07,2481000000,3247000000,1.75,2021-12-31,13.16,,7031000000.0,5988000000,2225000000,479000000,,,None,256000000,6000000,,None,,,,,1814000000,1844000000,-250000000,None,0.167,,3427000000,2561000000,,,,,None,,,,,6.93,25.17,1.7,,,,,,,,0.0998,,,2025-10-30,annual,1.82,USD,pre-market,269000000,,0.113,1.369,0.001,59.4,3399000000,,,,125.95,107.34,4.0,,,,,,,19440000000,,17.09,,145.82,98.03
2025-12-28,KMB,5.91,19723999000.0,17.09,,0.26,4.014,,,,,,,,,,,,,,,None,12318000000,12318000000,,,,,,None,796000000,,5.0,0.0495,,,,-0.502,0.07,3182000000,3978000000,1.75,2020-12-31,13.16,,7031000000.0,6822000000,2930000000,676000000,,,None,252000000,8000000,,None,,,,,2352000000,2396000000,-244000000,None,0.167,,3578000000,3244000000,,,,,None,,,,,6.93,25.17,1.7,,,,,,,,0.0998,,,2025-10-30,annual,1.82,USD,pre-market,276000000,,0.113,1.369,0.001,59.4,3632000000,,,,125.95,107.34,4.0,,,,,,,19140000000,,17.09,,145.82,98.03
2025-12-28,KMB,5.91,19723999000.0,17.09,,0.26,4.014,,,,,,,,,,,,,,,None,12415000000,12415000000,,,,,,None,917000000,,5.0,0.0495,,,,-0.502,0.07,2911000000,3828000000,1.75,2019-12-31,13.16,,7031000000.0,6035000000,2650000000,576000000,,,None,261000000,11000000,,None,,,,,2157000000,2197000000,-250000000,None,0.167,,3044000000,2991000000,,,,,43000000,,,,,6.93,25.17,1.7,,,,,,,,0.0998,,,2025-10-30,annual,1.82,USD,pre-market,284000000,,0.113,1.369,0.001,59.4,3254000000,,,,125.95,107.34,4.0,,,,,,,18450000000,,17.09,,145.82,98.03
2025-12-28,KMB,5.91,19723999000.0,17.09,,0.26,4.014,,,,,,,,,,,,,,,None,12889000000,12889000000,,,,,,None,882000000,,5.0,0.0495,,,,-0.502,0.07,2076000000,2958000000,1.75,2018-12-31,13.16,,7031000000.0,5597000000,1813000000,471000000,,,None,263000000,10000000,,None,,,,,1410000000,1445000000,-253000000,None,0.167,,3368000000,2229000000,,,,,-50000000,,,,,6.93,25.17,1.7,,,,,,,,0.0998,,,2025-10-30,annual,1.82,USD,pre-market,317000000,,0.113,1.369,0.001,59.4,3367000000,,,,125.95,107.34,4.0,,,,,,,18486000000,,17.09,,145.82,98.03
2025-12-28,KMB,5.91,19723999000.0,17.09,,0.26,4.014,,,,,,,,,,,,,,,None,11706000000,11706000000,,,,,,None,724000000,,5.0,0.0495,,,,-0.502,0.07,3309000000,4033000000,1.75,2017-12-31,13.16,,7031000000.0,6587000000,2991000000,776000000,,,None,318000000,10000000,,None,,,,,2278000000,2215000000,-308000000,None,0.167,,3229000000,3358000000,,,,,114000000,,,,,6.93,25.17,1.7,,,,,,,,0.0998,,,2025-10-30,annual,1.82,USD,pre-market,309000000,,0.113,1.369,0.001,59.4,3227000000,,,,125.95,107.34,4.0,,,,,,,18259000000,,17.09,,145.82,98.03
2025-12-28,KMB,5.91,19723999000.0,17.09,,0.26,4.014,,,,,,,,,,,,,,,None,11551000000,11551000000,,,,,,None,705000000,,5.0,0.0495,,,,-0.502,0.07,3328000000,4033000000,1.75,2016-12-31,13.16,,7031000000.0,6691000000,3009000000,922000000,,,None,319000000,11000000,,None,,,,,2166000000,2219000000,-308000000,None,0.167,,3308000000,3383000000,,,,,143000000,,,,,6.93,25.17,1.7,,,,,,,,0.0998,,,2025-10-30,annual,1.82,USD,pre-market,328000000,,0.113,1.369,0.001,59.4,3326000000,,,,125.95,107.34,4.0,,,,,,,18202000000,,17.09,,145.82,98.03
2025-12-28,KMB,5.91,19723999000.0,17.09,,0.26,4.014,,,,,,,,,,,,,,,None,11967000000,11967000000,,,,,,None,746000000,,5.0,0.0495,,,,-0.502,0.07,1630000000,2376000000,1.75,2015-12-31,13.16,,7031000000.0,6624000000,1335000000,418000000,,,None,295000000,278000000,,None,,,,,1013000000,1066000000,None,None,0.167,,5011000000,1613000000,,,,,166000000,,,,,6.93,25.17,1.7,,,,,,,,0.0998,,,2025-10-30,annual,1.82,USD,pre-market,324000000,,0.113,1.369,0.001,59.4,3443000000,,,,125.95,107.34,4.0,,,,,,,18591000000,,17.09,,145.82,98.03
2025-12-28,KMB,5.91,19723999000.0,17.09,,0.26,4.014,,,,,,,,,,,,,,,None,13041000000,13041000000,,,,,,None,862000000,,5.0,0.0495,,,,-0.502,0.07,2539000000,3401000000,1.75,2014-12-31,13.16,,7031000000.0,6683000000,2255000000,856000000,,,None,284000000,None,,None,,,,,1526000000,1545000000,None,None,0.167,,4162000000,2521000000,,,,,164000000,,,,,6.93,25.17,1.7,,,,,,,,0.0998,,,2025-10-30,annual,1.82,USD,pre-market,368000000,,0.113,1.369,0.001,59.4,3709000000,,,,125.95,107.34,4.0,,,,,,,19724000000,,17.09,,145.82,98.03
2025-12-28,KMB,5.91,19723999000.0,17.09,,0.26,4.014,,,,,,,,,,,,,,,None,13912000000,13912000000,,,,,,None,863000000,,5.0,0.0495,,,,-0.502,0.07,3228000000,4091000000,1.75,2013-12-31,13.16,,7031000000.0,7240000000,2641000000,828000000,,,None,283000000,None,,None,,,,,2142000000,2016000000,None,None,0.167,,4032000000,3208000000,,,,,225000000,,,,,6.93,25.17,1.7,,,,,,,,0.0998,,,2025-10-30,annual,1.82,USD,pre-market,333000000,,0.113,1.369,0.001,59.4,4028000000,,,,125.95,107.34,4.0,,,,,,,21152000000,,17.09,,145.82,98.03
2025-12-28,KMB,5.91,19723999000.0,17.09,,0.26,4.014,,,,,,,,,,,,,,,None,14314000000,14314000000,,,,,,None,857000000,,5.0,0.0495,,,,-0.502,0.07,2702000000,3559000000,1.75,2012-12-31,13.16,,7031000000.0,6749000000,2110000000,660000000,,,None,284000000,None,,None,,,,,1750000000,1652000000,None,None,0.167,,4014000000,2686000000,,,,,194000000,,,,,6.93,25.17,1.7,,,,,,,,0.0998,,,2025-10-30,annual,1.82,USD,pre-market,335000000,,0.113,1.369,0.001,59.4,4069000000,,,,125.95,107.34,4.0,,,,,,,21063000000,,17.09,,145.82,98.03
2025-12-28,KMB,5.91,19723999000.0,17.09,,0.26,4.014,,,,,,,,,,,,,,,None,14694000000,14694000000,,,,,,None,1091000000,,5.0,0.0495,,,,-0.502,0.07,2463000000,3554000000,1.75,2011-12-31,13.16,,7031000000.0,6152000000,2183000000,660000000,,,None,277000000,None,,None,,,,,1591000000,None,None,None,0.167,,3761000000,2854000000,,,,,None,,,,,6.93,25.17,1.7,,,,,,,,0.0998,,,2025-10-30,annual,1.82,USD,pre-market,316000000,,0.113,1.369,0.001,59.4,3761000000,,,,125.95,107.34,4.0,,,,,,,20846000000,,17.09,,145.82,98.03
2025-12-28,KMB,5.91,19723999000.0,17.09,,0.26,4.014,,,,,,,,,,,,,,,None,13196000000,13196000000,,,,,,None,813000000,,5.0,0.0495,,,,-0.502,0.07,2796000000,3609000000,1.75,2010-12-31,13.16,,7031000000.0,6550000000,2550000000,788000000,,,None,243000000,None,,None,,,,,1843000000,1762000000,None,None,0.167,,3673000000,2916000000,,,,,201000000,,,,,6.93,25.17,1.7,,,,,,,,0.0998,,,2025-10-30,annual,1.82,USD,pre-market,317000000,,0.113,1.369,0.001,59.4,3673000000,,,,125.95,107.34,4.0,,,,,,,19746000000,,17.09,,145.82,98.03
2025-12-28,KMB,5.91,19723999000.0,17.09,,0.26,4.014,,,,,,,,,,,,,,,None,12695000000,12695000000,,,,,,None,783000000,,5.0,0.0495,,,,-0.502,0.07,2854000000,3637000000,1.75,2009-12-31,13.16,,7031000000.0,6420000000,2576000000,746000000,,,None,275000000,None,,None,,,,,1884000000,None,None,None,0.167,,3498000000,3098000000,,,,,None,,,,,6.93,25.17,1.7,,,,,,,,0.0998,,,2025-10-30,annual,1.82,USD,pre-market,301000000,,0.113,1.369,0.001,59.4,3498000000,,,,125.95,107.34,4.0,,,,,,,19115000000,,17.09,,145.82,98.03
2025-12-28,KMB,5.91,19723999000.0,17.09,,0.26,4.014,,,,,,,,,,,,,,,None,13557000000,13557000000,,,,,,None,775000000,,5.0,0.0495,,,,-0.502,0.07,2547000000,3322000000,1.75,2008-12-31,13.16,,7031000000.0,5858000000,2289000000,618000000,,,None,304000000,None,,None,,,,,1690000000,None,None,None,0.167,,3291000000,2639000000,,,,,None,,,,,6.93,25.17,1.7,,,,,,,,0.0998,,,2025-10-30,annual,1.82,USD,pre-market,297000000,,0.113,1.369,0.001,59.4,3291000000,,,,125.95,107.34,4.0,,,,,,,19415000000,,17.09,,145.82,98.03
2025-12-28,KMB,5.91,19723999000.0,17.09,,0.26,4.014,,,,,,,,,,,,,,,None,12562100000,12562100000,,,,,,None,806500000,,5.0,0.0495,,,,-0.502,0.07,2616400000,3422900000,1.75,2007-12-31,13.16,,7031000000.0,5703900000,2317500000,536500000,,,None,264800000,None,,None,,,,,1822900000,None,None,None,0.167,,3087500000,2719200000,,,,,None,,,,,6.93,25.17,1.7,,,,,,,,0.0998,,,2025-10-30,annual,1.82,USD,pre-market,276800000,,0.113,1.369,0.001,59.4,3105900000,,,,125.95,107.34,4.0,,,,,,,18266000000,,17.09,,145.82,98.03
2025-12-28,KMB,5.91,19723999000.0,17.09,,0.26,4.014,,,,,,,,,,,,,,,None,11664800000,11664800000,,,,,,None,932800000,,5.0,0.0495,,,,-0.502,0.07,2101500000,3034300000,1.75,2006-12-31,13.16,,7031000000.0,5424500000,1844900000,469200000,,,None,190200000,None,,None,,,,,1499500000,None,None,None,0.167,,2980600000,2610200000,,,,,None,,,,,6.93,25.17,1.7,,,,,,,,0.0998,,,2025-10-30,annual,1.82,USD,pre-market,301200000,,0.113,1.369,0.001,59.4,2948300000,,,,125.95,107.34,4.0,,,,,,,16746900000,,17.09,,145.82,98.03
2025-12-28,KMB,5.91,19723999000.0,17.09,,0.26,4.014,,,,,,,,,,,,,,,None,10827400000,10827400000,,,,,,None,844500000,,5.0,0.0495,,,,-0.502,0.07,2310600000,3155100000,1.75,2005-12-31,13.16,,7031000000.0,5075200000,1968900000,438400000,,,None,190200000,None,,None,,,,,1568300000,None,None,None,0.167,,2737400000,2566400000,,,,,None,,,,,6.93,25.17,1.7,,,,,,,,0.0998,,,2025-10-30,annual,1.82,USD,pre-market,319500000,,0.113,1.369,0.001,59.4,2737400000,,,,125.95,107.34,4.0,,,,,,,15902600000,,17.09,,145.82,98.03
2025-12-28,KMB,5.91,19723999000.0,17.09,None,0.26,4.014,,None,617000000,617000000,,,,,,,,,473000000,333300000,None,10827400000,10827400000,2812000000,None,834000000,1972000000,None,None,844500000,,5.0,0.0495,,,,-0.502,0.07,2310600000,3155100000,1.75,2025-09-30,13.16,1833000000,7031000000.0,5075200000,1968900000,438400000,78000000,78000000,None,190200000,None,1541000000,None,None,6470000000,None,355000000,1568300000,None,None,None,0.167,,2737400000,2566400000,1344000000,3494000000,None,653000000,None,,,,,6.93,25.17,1.7,,,,,,,,0.0998,,None,2025-10-30,quarterly,1.82,USD,pre-market,319500000,9520000000,0.113,1.369,0.001,59.4,2737400000,7241000000,771000000,None,125.95,107.34,4.0,16888000000,5474000000,7077000000,15556000000,11414000000,8479000000,15902600000,1332000000,17.09,None,145.82,98.03
2025-12-28,KMB,5.91,19723999000.0,17.09,None,0.26,4.014,,None,634000000,634000000,,,,,,,,,473000000,333300000,None,10827400000,10827400000,3253000000,None,771000000,2007000000,None,None,844500000,,5.0,0.0495,,,,-0.502,0.07,2310600000,3155100000,1.75,2025-06-30,13.16,1836000000,7031000000.0,5075200000,1968900000,438400000,81000000,81000000,None,190200000,None,1558000000,None,None,6470000000,None,359000000,1568300000,None,None,None,0.167,,2737400000,2566400000,1358000000,3147000000,None,680000000,None,,,,,6.93,25.17,1.7,,,,,,,,0.0998,,None,2025-10-30,quarterly,1.82,USD,pre-market,319500000,9494000000,0.113,1.369,0.001,59.4,2737400000,7241000000,771000000,None,125.95,107.34,4.0,16771000000,5557000000,7171000000,15368000000,11214000000,8197000000,15902600000,1271000000,17.09,None,145.82,98.03
2025-12-28,KMB,5.91,19723999000.0,17.09,None,0.26,4.014,,None,563000000,563000000,,,,,,,,,473000000,333300000,None,10827400000,10827400000,3601000000,None,766000000,2176000000,None,None,844500000,,5.0,0.0495,,,,-0.502,0.07,2310600000,3155100000,1.75,2025-03-31,13.16,1971000000,7031000000.0,5075200000,1968900000,438400000,85000000,85000000,None,190200000,None,1909000000,None,None,6481000000,None,354000000,1568300000,None,None,None,0.167,,2737400000,2566400000,633000000,2554000000,None,683000000,None,,,,,6.93,25.17,1.7,,,,,,,,0.0998,,None,2025-10-30,quarterly,1.82,USD,pre-market,319500000,9406000000,0.113,1.369,0.001,59.4,2737400000,7247000000,766000000,None,125.95,107.34,4.0,16305000000,5281000000,6921000000,15081000000,11024000000,8160000000,15902600000,1101000000,17.09,None,145.82,98.03
2025-12-28,KMB,5.91,19723999000.0,17.09,None,0.26,4.014,,131000000,1021000000,1021000000,,,,,,,,,473000000,334400000,None,10827400000,10827400000,3715000000,None,568000000,2009000000,None,None,844500000,,5.0,0.0495,,,,-0.502,0.07,2310600000,3155100000,1.75,2024-12-31,13.16,1964000000,7031000000.0,5075200000,1968900000,438400000,87000000,87000000,None,190200000,None,1822000000,None,None,6875000000,None,314000000,1568300000,None,None,None,0.167,,2737400000,2566400000,728000000,2318000000,None,686000000,None,,,,,6.93,25.17,1.7,,,,,,,,0.0998,,None,2025-10-30,quarterly,1.82,USD,pre-market,319500000,9257000000,0.113,1.369,0.001,59.4,2737400000,7916000000,683000000,None,125.95,107.34,4.0,16546000000,5580000000,7004000000,15571000000,10966000000,8567000000,15902600000,840000000,17.09,None,145.82,98.03
2025-12-28,KMB,5.91,19723999000.0,17.09,None,0.26,4.014,,None,1111000000,1111000000,,,,,,,,,473000000,337200000,None,10827400000,10827400000,3643000000,None,569000000,2229000000,None,None,844500000,,5.0,0.0495,,,,-0.502,0.07,2310600000,3155100000,1.75,2024-09-30,13.16,2058000000,7031000000.0,5075200000,1968900000,438400000,97000000,97000000,None,190200000,None,1937000000,None,None,6882000000,None,362000000,1568300000,None,None,None,0.167,,2737400000,2566400000,570000000,2854000000,None,751000000,None,,,,,6.93,25.17,1.7,,,,,,,,0.0998,,None,2025-10-30,quarterly,1.82,USD,pre-market,319500000,9279000000,0.113,1.369,0.001,59.4,2737400000,7451000000,569000000,None,125.95,107.34,4.0,17165000000,5847000000,7066000000,15721000000,11318000000,8655000000,15902600000,1285000000,17.09,None,145.82,98.03
2025-12-28,KMB,5.91,19723999000.0,17.09,None,0.26,4.014,,None,1163000000,1163000000,,,,,,,,,473000000,338000000,None,10827400000,10827400000,3613000000,None,806000000,2306000000,None,None,844500000,,5.0,0.0495,,,,-0.502,0.07,2310600000,3155100000,1.75,2024-06-30,13.16,2019000000,7031000000.0,5075200000,1968900000,438400000,183000000,183000000,None,190200000,None,1915000000,None,None,7158000000,None,381000000,1568300000,None,None,None,0.167,,2737400000,2566400000,565000000,2592000000,None,784000000,None,,,,,6.93,25.17,1.7,,,,,,,,0.0998,,None,2025-10-30,quarterly,1.82,USD,pre-market,319500000,8734000000,0.113,1.369,0.001,59.4,2737400000,7964000000,806000000,None,125.95,107.34,4.0,17280000000,5949000000,7011000000,15999000000,11331000000,8988000000,15902600000,1136000000,17.09,None,145.82,98.03
2025-12-28,KMB,5.91,19723999000.0,17.09,None,0.26,4.014,,None,853000000,853000000,,,,,,,,,473000000,338300000,None,10827400000,10827400000,3531000000,None,809000000,2383000000,None,None,844500000,,5.0,0.0495,,,,-0.502,0.07,2310600000,3155100000,1.75,2024-03-31,13.16,2043000000,7031000000.0,5075200000,1968900000,438400000,190000000,190000000,None,190200000,None,1877000000,None,None,7161000000,None,364000000,1568300000,None,None,None,0.167,,2737400000,2566400000,487000000,2538000000,None,796000000,None,,,,,6.93,25.17,1.7,,,,,,,,0.0998,,None,2025-10-30,quarterly,1.82,USD,pre-market,319500000,8601000000,0.113,1.369,0.001,59.4,2737400000,7970000000,809000000,None,125.95,107.34,4.0,17092000000,5600000000,6878000000,15908000000,11492000000,9030000000,15902600000,1044000000,17.09,None,145.82,98.03
2025-12-28,KMB,5.91,19723999000.0,17.09,None,0.26,4.014,,130000000,1093000000,1093000000,,,,,,,,,473000000,339000000,None,10827400000,10827400000,3653000000,None,567000000,2135000000,None,None,844500000,,5.0,0.0495,,,,-0.502,0.07,2310600000,3155100000,1.75,2023-12-31,13.16,2085000000,7031000000.0,5075200000,1968900000,438400000,197000000,197000000,None,190200000,None,1955000000,None,None,7417000000,None,306000000,1568300000,None,None,None,0.167,,2737400000,2566400000,520000000,2286000000,None,860000000,None,,,,,6.93,25.17,1.7,,,,,,,,0.0998,,None,2025-10-30,quarterly,1.82,USD,pre-market,319500000,8368000000,0.113,1.369,0.001,59.4,2737400000,8114000000,697000000,None,125.95,107.34,4.0,17344000000,5703000000,6930000000,16276000000,11641000000,9346000000,15902600000,915000000,17.09,None,145.82,98.03
2025-12-28,KMB,5.91,19723999000.0,17.09,None,0.26,4.014,,None,814000000,814000000,,,,,,,,,473000000,338900000,None,10827400000,10827400000,3490000000,None,687000000,2298000000,None,None,844500000,,5.0,0.0495,,,,-0.502,0.07,2310600000,3155100000,1.75,2023-09-30,13.16,2045000000,7031000000.0,5075200000,1968900000,438400000,197000000,197000000,None,190200000,None,2021000000,None,None,7403000000,None,320000000,1568300000,None,None,None,0.167,,2737400000,2566400000,594000000,3341000000,None,809000000,None,,,,,6.93,25.17,1.7,,,,,,,,0.0998,,7700000000,2025-10-30,quarterly,1.82,USD,pre-market,319500000,8217000000,0.113,1.369,0.001,59.4,2737400000,8300000000,687000000,None,125.95,107.34,4.0,17153000000,5727000000,6831000000,16313000000,11426000000,9482000000,15902600000,680000000,17.09,None,145.82,98.03
2025-12-28,KMB,5.91,19723999000.0,17.09,None,0.26,4.014,,None,580000000,580000000,,,,,,,,,473000000,338900000,None,10827400000,10827400000,3713000000,None,188000000,2359000000,None,None,844500000,,5.0,0.0495,,,,-0.502,0.07,2310600000,3155100000,1.75,2023-06-30,13.16,2086000000,7031000000.0,5075200000,1968900000,438400000,208000000,208000000,None,190200000,None,2128000000,None,None,7947000000,None,299000000,1568300000,None,None,None,0.167,,2737400000,2566400000,677000000,2697000000,None,848000000,None,,,,,6.93,25.17,1.7,,,,,,,,0.0998,,7815000000,2025-10-30,quarterly,1.82,USD,pre-market,319500000,8040000000,0.113,1.369,0.001,59.4,2737400000,8135000000,188000000,None,125.95,107.34,4.0,17383000000,5744000000,6598000000,16732000000,11639000000,10134000000,15902600000,500000000,17.09,-5071000000,145.82,98.03
2025-12-28,KMB,5.91,19723999000.0,17.09,None,0.26,4.014,,None,524000000,524000000,,,,,,,,,473000000,338600000,None,10827400000,10827400000,3788000000,None,536000000,2430000000,None,None,844500000,,5.0,0.0495,,,,-0.502,0.07,2310600000,3155100000,1.75,2023-03-31,13.16,2090000000,7031000000.0,5075200000,1968900000,438400000,868000000,868000000,None,190200000,None,2224000000,None,None,7945000000,None,281000000,1568300000,None,None,None,0.167,,2737400000,2566400000,673000000,2770000000,None,1455000000,None,,,,,6.93,25.17,1.7,,,,,,,,0.0998,,7866000000,2025-10-30,quarterly,1.82,USD,pre-market,319500000,8365000000,0.113,1.369,0.001,59.4,2737400000,8481000000,536000000,None,125.95,107.34,4.0,18177000000,5851000000,7094000000,17316000000,12326000000,10222000000,15902600000,719000000,17.09,-5153000000,145.82,98.03
2025-12-28,KMB,5.91,19723999000.0,17.09,None,0.26,4.014,,127000000,427000000,427000000,,,,,,,,,473000000,338500000,None,10827400000,10827400000,3813000000,None,844000000,2280000000,None,None,844500000,,5.0,0.0495,,,,-0.502,0.07,2310600000,3155100000,1.75,2022-12-31,13.16,2074000000,7031000000.0,5075200000,1968900000,438400000,851000000,851000000,None,190200000,None,2269000000,None,None,7836000000,None,238000000,1568300000,None,None,None,0.167,,2737400000,2566400000,753000000,2030000000,None,799000000,None,,,,,6.93,25.17,1.7,,,,,,,,0.0998,,7885000000,2025-10-30,quarterly,1.82,USD,pre-market,319500000,8201000000,0.113,1.369,0.001,59.4,2737400000,8680000000,844000000,None,125.95,107.34,4.0,17970000000,5729000000,7334000000,17270000000,12241000000,9936000000,15902600000,547000000,17.09,None,145.82,98.03
2025-12-28,KMB,5.91,19723999000.0,17.09,None,0.26,4.014,,None,362000000,362000000,,,,,,,,,473000000,338300000,None,10827400000,10827400000,3660000000,None,959000000,2333000000,None,None,844500000,,5.0,0.0495,,,,-0.502,0.07,2310600000,3155100000,1.75,2022-09-30,13.16,2043000000,7031000000.0,5075200000,1968900000,438400000,866000000,866000000,None,190200000,None,2281000000,None,None,7628000000,None,266000000,1568300000,None,None,None,0.167,,2737400000,2566400000,649000000,2578000000,None,1532000000,None,,,,,6.93,25.17,1.7,,,,,,,,0.0998,,7737000000,2025-10-30,quarterly,1.82,USD,pre-market,319500000,8086000000,0.113,1.369,0.001,59.4,2737400000,8587000000,959000000,None,125.95,107.34,4.0,17836000000,5625000000,7197000000,17253000000,12211000000,10056000000,15902600000,437000000,17.09,-5126000000,145.82,98.03
2025-12-28,KMB,5.91,19723999000.0,17.09,None,0.26,4.014,,None,311000000,311000000,,,,,,,,,473000000,338300000,None,10827400000,10827400000,3701000000,None,1031000000,2469000000,None,None,844500000,,5.0,0.0495,,,,-0.502,0.07,2310600000,3155100000,1.75,2022-06-30,13.16,2102000000,7031000000.0,5075200000,1968900000,438400000,893000000,893000000,None,190200000,None,2278000000,None,None,7698000000,None,270000000,1568300000,None,None,None,0.167,,2737400000,2566400000,604000000,2477000000,None,673000000,None,,,,,6.93,25.17,1.7,,,,,,,,0.0998,,7931000000,2025-10-30,quarterly,1.82,USD,pre-market,319500000,8022000000,0.113,1.369,0.001,59.4,2737400000,8729000000,1031000000,None,125.95,107.34,4.0,18114000000,5662000000,7209000000,17372000000,12452000000,10163000000,15902600000,593000000,17.09,-5111000000,145.82,98.03
2025-12-28,KMB,5.91,19723999000.0,17.09,None,0.26,4.014,,None,493000000,493000000,,,,,,,,,473000000,338200000,None,10827400000,10827400000,3846000000,None,969000000,2516000000,None,None,844500000,,5.0,0.0495,,,,-0.502,0.07,2310600000,3155100000,1.75,2022-03-31,13.16,2177000000,7031000000.0,5075200000,1968900000,438400000,926000000,926000000,None,190200000,None,2265000000,None,None,8101000000,None,266000000,1568300000,None,None,None,0.167,,2737400000,2566400000,629000000,2442000000,None,1513000000,None,,,,,6.93,25.17,1.7,,,,,,,,0.0998,,8114000000,2025-10-30,quarterly,1.82,USD,pre-market,319500000,7988000000,0.113,1.369,0.001,59.4,2737400000,9070000000,969000000,None,125.95,107.34,4.0,18672000000,5903000000,7257000000,17818000000,12769000000,10561000000,15902600000,705000000,17.09,None,145.82,98.03
2025-12-28,KMB,5.91,19723999000.0,17.09,None,0.26,4.014,,130000000,270000000,270000000,,,,,,,,,473000000,338200000,None,10827400000,10827400000,3840000000,None,433000000,2207000000,None,None,844500000,,5.0,0.0495,,,,-0.502,0.07,2310600000,3155100000,1.75,2021-12-31,13.16,1840000000,7031000000.0,5075200000,1968900000,438400000,810000000,810000000,None,190200000,None,2239000000,None,None,8141000000,None,290000000,1568300000,None,None,None,0.167,,2737400000,2566400000,849000000,1782000000,None,681000000,None,,,,,6.93,25.17,1.7,,,,,,,,0.0998,,8097000000,2025-10-30,quarterly,1.82,USD,pre-market,319500000,7858000000,0.113,1.369,0.001,59.4,2737400000,8600000000,433000000,None,125.95,107.34,4.0,17837000000,5565000000,6749000000,17100000000,12272000000,10351000000,15902600000,514000000,17.09,-5183000000,145.82,98.03
2025-12-28,KMB,5.91,19723999000.0,17.09,None,0.26,4.014,,None,286000000,286000000,,,,,,,,,473000000,337500000,None,10827400000,10827400000,3519000000,None,1387000000,2399000000,None,None,844500000,,5.0,0.0495,,,,-0.502,0.07,2310600000,3155100000,1.75,2021-09-30,13.16,1796000000,7031000000.0,5075200000,1968900000,438400000,810000000,810000000,None,190200000,None,2098000000,None,None,7555000000,None,340000000,1568300000,None,None,None,0.167,,2737400000,2566400000,843000000,2352000000,None,657000000,None,,,,,6.93,25.17,1.7,,,,,,,,0.0998,,7964000000,2025-10-30,quarterly,1.82,USD,pre-market,319500000,7883000000,0.113,1.369,0.001,59.4,2737400000,8942000000,1387000000,340000000,125.95,107.34,4.0,17775000000,5626000000,7258000000,17068000000,12149000000,9810000000,15902600000,474000000,17.09,-5191000000,145.82,98.03
2025-12-28,KMB,5.91,19723999000.0,17.09,None,0.26,4.014,,None,306000000,306000000,,,,,,,,,473000000,338300000,None,10827400000,10827400000,3337000000,None,1493000000,2340000000,None,None,844500000,,5.0,0.0495,,,,-0.502,0.07,2310600000,3155100000,1.75,2021-06-30,13.16,1834000000,7031000000.0,5075200000,1968900000,438400000,803000000,803000000,None,190200000,None,2110000000,None,None,7591000000,None,350000000,1568300000,None,None,None,0.167,,2737400000,2566400000,816000000,2414000000,None,666000000,None,,,,,6.93,25.17,1.7,,,,,,,,0.0998,,8018000000,2025-10-30,quarterly,1.82,USD,pre-market,319500000,7798000000,0.113,1.369,0.001,59.4,2737400000,9084000000,1493000000,350000000,125.95,107.34,4.0,17827000000,5572000000,7244000000,17069000000,12255000000,9825000000,15902600000,524000000,17.09,-5159000000,145.82,98.03
2025-12-28,KMB,5.91,19723999000.0,17.09,None,0.26,4.014,,None,320000000,320000000,,,,,,,,,473000000,339400000,None,10827400000,10827400000,3152000000,None,1274000000,2199000000,None,None,844500000,,5.0,0.0495,,,,-0.502,0.07,2310600000,3155100000,1.75,2021-03-31,13.16,1820000000,7031000000.0,5075200000,1968900000,438400000,805000000,805000000,None,190200000,None,1956000000,None,None,28000000,None,349000000,1568300000,None,None,None,0.167,,2737400000,2566400000,668000000,2268000000,None,1512000000,None,,,,,6.93,25.17,1.7,,,,,,,,0.0998,,7887000000,2025-10-30,quarterly,1.82,USD,pre-market,319500000,7764000000,0.113,1.369,0.001,59.4,2737400000,8822000000,1274000000,None,125.95,107.34,4.0,17226000000,5143000000,6694000000,16480000000,12083000000,9786000000,15902600000,518000000,17.09,-5050000000,145.82,98.03
2025-12-28,KMB,5.91,19723999000.0,17.09,None,0.26,4.014,,133000000,303000000,303000000,,,,,,,,,473000000,341100000,None,10827400000,10827400000,3336000000,None,486000000,2235000000,None,None,844500000,,5.0,0.0495,,,,-0.502,0.07,2310600000,3155100000,1.75,2020-12-31,13.16,1895000000,7031000000.0,5075200000,1968900000,438400000,832000000,832000000,None,190200000,None,1903000000,None,None,7878000000,None,300000000,1568300000,None,None,None,0.167,,2737400000,2566400000,733000000,1898000000,None,718000000,None,,,,,6.93,25.17,1.7,,,,,,,,0.0998,,8582000000,2025-10-30,quarterly,1.82,USD,pre-market,319500000,7567000000,0.113,1.369,0.001,59.4,2737400000,8392000000,486000000,300000000,125.95,107.34,4.0,17523000000,5174000000,6443000000,16654000000,12349000000,10211000000,15902600000,626000000,17.09,-4899000000,145.82,98.03
2025-12-28,KMB,5.91,19723999000.0,17.09,None,0.26,4.014,,None,1518000000,1518000000,,,,,,,,,473000000,342300000,None,10827400000,10827400000,2995000000,None,517000000,2125000000,None,None,844500000,,5.0,0.0495,,,,-0.502,0.07,2310600000,3155100000,1.75,2020-09-30,13.16,1418000000,7031000000.0,5075200000,1968900000,438400000,None,None,None,190200000,None,1787000000,None,None,29000000,None,333000000,1568300000,None,None,None,0.167,,2737400000,2566400000,645000000,2590000000,None,1472000000,None,,,,,6.93,25.17,1.7,,,,,,,,0.0998,,7497000000,2025-10-30,quarterly,1.82,USD,pre-market,319500000,7395000000,0.113,1.369,0.001,59.4,2737400000,8368000000,517000000,333000000,125.95,107.34,4.0,16531000000,6075000000,6102000000,15954000000,10456000000,9852000000,15902600000,335000000,17.09,-4661000000,145.82,98.03
2025-12-28,KMB,5.91,19723999000.0,17.09,None,0.26,4.014,,None,1448000000,1448000000,,,,,,,,,473000000,341900000,None,10827400000,10827400000,3032000000,None,850000000,2024000000,None,None,844500000,,5.0,0.0495,,,,-0.502,0.07,2310600000,3155100000,1.75,2020-06-30,13.16,1401000000,7031000000.0,5075200000,1968900000,438400000,None,None,None,190200000,None,1825000000,None,None,29000000,None,319000000,1568300000,None,None,None,0.167,,2737400000,2566400000,607000000,2612000000,None,1405000000,None,,,,,6.93,25.17,1.7,,,,,,,,0.0998,,7366000000,2025-10-30,quarterly,1.82,USD,pre-market,319500000,7299000000,0.113,1.369,0.001,59.4,2737400000,8073000000,850000000,None,125.95,107.34,4.0,16173000000,5904000000,6494000000,15678000000,10269000000,9184000000,15902600000,268000000,17.09,-4545000000,145.82,98.03
2025-12-28,KMB,5.91,19723999000.0,17.09,None,0.26,4.014,,None,979000000,979000000,,,,,,,,,473000000,344100000,None,10827400000,10827400000,2876000000,None,1238000000,2519000000,None,None,844500000,,5.0,0.0495,,,,-0.502,0.07,2310600000,3155100000,1.75,2020-03-31,13.16,1361000000,7031000000.0,5075200000,1968900000,438400000,None,None,None,190200000,None,1539000000,None,None,29000000,None,314000000,1568300000,None,None,None,0.167,,2737400000,2566400000,609000000,2369000000,None,1397000000,None,,,,,6.93,25.17,1.7,,,,,,,,0.0998,,7226000000,2025-10-30,quarterly,1.82,USD,pre-market,319500000,6978000000,0.113,1.369,0.001,59.4,2737400000,8448000000,1238000000,None,125.95,107.34,4.0,15677000000,5646000000,6483000000,15631000000,10031000000,9148000000,15902600000,-167000000,17.09,-4562000000,145.82,98.03
2025-12-28,KMB,5.91,19723999000.0,17.09,None,0.26,4.014,,130000000,442000000,442000000,,,,,,,,,473000000,344400000,None,10827400000,10827400000,3055000000,None,1534000000,2263000000,None,None,844500000,,5.0,0.0495,,,,-0.502,0.07,2310600000,3155100000,1.75,2019-12-31,13.16,1467000000,7031000000.0,5075200000,1968900000,438400000,29000000,29000000,None,190200000,None,1790000000,None,None,29000000,None,268000000,1568300000,None,None,None,0.167,,2737400000,2566400000,562000000,1969000000,None,1417000000,None,,,,,6.93,25.17,1.7,,,,,,,,0.0998,,7450000000,2025-10-30,quarterly,1.82,USD,pre-market,319500000,6686000000,0.113,1.369,0.001,59.4,2737400000,7877000000,1664000000,None,125.95,107.34,4.0,15283000000,5057000000,6919000000,15089000000,10226000000,8170000000,15902600000,-33000000,17.09,-4454000000,145.82,98.03
2025-12-28,KMB,5.91,19723999000.0,17.09,None,0.26,4.014,,None,416000000,416000000,,,,,,,,,473000000,345900000,None,10827400000,10827400000,2942000000,None,1555000000,2306000000,None,None,844500000,,5.0,0.0495,,,,-0.502,0.07,2310600000,3155100000,1.75,2019-09-30,13.16,1438000000,7031000000.0,5075200000,1968900000,438400000,None,None,None,190200000,None,1779000000,None,None,38000000,None,294000000,1568300000,None,None,None,0.167,,2737400000,2566400000,563000000,2285000000,None,1421000000,None,,,,,6.93,25.17,1.7,,,,,,,,0.0998,,7158000000,2025-10-30,quarterly,1.82,USD,pre-market,319500000,6485000000,0.113,1.369,0.001,59.4,2737400000,7753000000,1555000000,None,125.95,107.34,4.0,15033000000,5064000000,6782000000,14945000000,9969000000,8163000000,15902600000,-141000000,17.09,-4222000000,145.82,98.03
2025-12-28,KMB,5.91,19723999000.0,17.09,None,0.26,4.014,,None,534000000,534000000,,,,,,,,,473000000,346000000,None,10827400000,10827400000,2993000000,None,1291000000,2397000000,None,None,844500000,,5.0,0.0495,,,,-0.502,0.07,2310600000,3155100000,1.75,2019-06-30,13.16,1478000000,7031000000.0,5075200000,1968900000,438400000,None,None,None,190200000,None,1856000000,None,None,38000000,None,249000000,1568300000,None,None,None,0.167,,2737400000,2566400000,534000000,2301000000,None,1460000000,None,,,,,6.93,25.17,1.7,,,,,,,,0.0998,,7207000000,2025-10-30,quarterly,1.82,USD,pre-market,319500000,6170000000,0.113,1.369,0.001,59.4,2737400000,7992000000,1291000000,None,125.95,107.34,4.0,15347000000,5321000000,6585000000,15297000000,10026000000,8712000000,15902600000,-178000000,17.09,-4062000000,145.82,98.03
2025-12-28,KMB,5.91,19723999000.0,17.09,None,0.26,4.014,,None,491000000,491000000,,,,,,,,,2984000000,343900000,None,10827400000,10827400000,3027000000,None,1900000000,2377000000,None,None,844500000,,5.0,0.0495,,,,-0.502,0.07,2310600000,3155100000,1.75,2019-03-31,13.16,1476000000,7031000000.0,5075200000,1968900000,438400000,None,None,None,190200000,None,1857000000,None,None,64000000,None,246000000,1568300000,None,None,None,0.167,,2737400000,2566400000,530000000,2270000000,None,1539000000,None,,,,,6.93,25.17,1.7,,,,,,,,0.0998,,7139000000,2025-10-30,quarterly,1.82,USD,pre-market,319500000,None,0.113,1.369,0.001,59.4,2737400000,7890000000,1900000000,None,125.95,107.34,4.0,15204000000,5255000000,7197000000,15286000000,9949000000,8089000000,15902600000,-305000000,17.09,None,145.82,98.03
2025-12-28,KMB,5.91,19723999000.0,17.09,None,0.26,4.014,,None,539000000,539000000,,,,,,,,,473000000,347300000,None,10827400000,10827400000,3190000000,None,713000000,2164000000,None,None,844500000,,5.0,0.0495,,,,-0.502,0.07,2310600000,3155100000,1.75,2018-12-31,13.16,1474000000,7031000000.0,5075200000,1968900000,438400000,1474000000,1474000000,None,190200000,None,1813000000,None,None,64000000,None,224000000,1568300000,None,None,None,0.167,,2737400000,2566400000,525000000,1878000000,None,1259000000,None,,,,,6.93,25.17,1.7,,,,,,,,0.0998,,7159000000,2025-10-30,quarterly,1.82,USD,pre-market,319500000,5947000000,0.113,1.369,0.001,59.4,2737400000,7455000000,1208000000,None,125.95,107.34,4.0,14518000000,5041000000,6536000000,14564000000,9477000000,8028000000,15902600000,-287000000,17.09,-3956000000,145.82,98.03
2025-12-28,KMB,5.91,19723999000.0,17.09,None,0.26,4.014,,None,494000000,494000000,,,,,,,,,3142000000,348800000,None,10827400000,10827400000,2937000000,None,806000000,2308000000,None,None,844500000,,5.0,0.0495,,,,-0.502,0.07,2310600000,3155100000,1.75,2018-09-30,13.16,1480000000,7031000000.0,5075200000,1968900000,438400000,1480000000,1480000000,None,190200000,None,1770000000,None,None,61000000,None,251000000,1568300000,None,None,None,0.167,,2737400000,2566400000,536000000,2082000000,None,1362000000,None,,,,,6.93,25.17,1.7,,,,,,,,0.0998,,7030000000,2025-10-30,quarterly,1.82,USD,pre-market,319500000,0,0.113,1.369,0.001,59.4,2737400000,7525000000,1786000000,0,125.95,107.34,4.0,14583000000,5108000000,6805000000,14471000000,9475000000,7666000000,15902600000,-133000000,17.09,0,145.82,98.03
2025-12-28,KMB,5.91,19723999000.0,17.09,None,0.26,4.014,,None,484000000,484000000,,,,,,,,,3165000000,350300000,None,10827400000,10827400000,2802000000,None,1103000000,2286000000,None,None,844500000,,5.0,0.0495,,,,-0.502,0.07,2310600000,3155100000,1.75,2018-06-30,13.16,1504000000,7031000000.0,5075200000,1968900000,438400000,1504000000,1504000000,None,190200000,None,1750000000,None,None,61000000,None,257000000,1568300000,None,None,None,0.167,,2737400000,2566400000,508000000,2112000000,None,1457000000,None,,,,,6.93,25.17,1.7,,,,,,,,0.0998,,7046000000,2025-10-30,quarterly,1.82,USD,pre-market,319500000,0,0.113,1.369,0.001,59.4,2737400000,7487000000,1741000000,0,125.95,107.34,4.0,14564000000,5028000000,6655000000,14386000000,9536000000,7731000000,15902600000,-57000000,17.09,0,145.82,98.03
2025-12-28,KMB,5.91,19723999000.0,17.09,None,0.26,4.014,,None,626000000,626000000,,,,,,,,,3121000000,352600000,None,10827400000,10827400000,2826000000,None,805000000,2470000000,None,None,844500000,,5.0,0.0495,,,,-0.502,0.07,2310600000,3155100000,1.75,2018-03-31,13.16,1576000000,7031000000.0,5075200000,1968900000,438400000,1576000000,1576000000,None,190200000,None,1778000000,None,None,61000000,None,260000000,1568300000,None,None,None,0.167,,2737400000,2566400000,498000000,2249000000,None,1511000000,None,,,,,6.93,25.17,1.7,,,,,,,,0.0998,,7328000000,2025-10-30,quarterly,1.82,USD,pre-market,319500000,0,0.113,1.369,0.001,59.4,2737400000,7680000000,1599000000,0,125.95,107.34,4.0,15303000000,5372000000,6674000000,14748000000,9931000000,8074000000,15902600000,317000000,17.09,0,145.82,98.03
2025-12-28,KMB,5.91,19723999000.0,17.09,None,0.26,4.014,,None,616000000,616000000,,,,,,,,,473000000,353400000,None,10827400000,10827400000,2834000000,None,406000000,2315000000,None,None,844500000,,5.0,0.0495,,,,-0.502,0.07,2310600000,3155100000,1.75,2017-12-31,13.16,1576000000,7031000000.0,5075200000,1968900000,438400000,1576000000,1576000000,None,190200000,None,1790000000,None,None,61000000,None,233000000,1568300000,None,None,None,0.167,,2737400000,2566400000,490000000,1822000000,None,1483000000,None,,,,,6.93,25.17,1.7,,,,,,,,0.0998,,7436000000,2025-10-30,quarterly,1.82,USD,pre-market,319500000,5769000000,0.113,1.369,0.001,59.4,2737400000,7425000000,953000000,0,125.95,107.34,4.0,15151000000,5211000000,5858000000,14269000000,9940000000,8411000000,15902600000,629000000,17.09,-4431000000,145.82,98.03
2025-12-28,KMB,5.91,19723999000.0,17.09,None,0.26,4.014,,None,655000000,655000000,,,,,,,,,3354000000,354800000,None,10827400000,10827400000,2729000000,None,307000000,2360000000,None,None,844500000,,5.0,0.0495,,,,-0.502,0.07,2310600000,3155100000,1.75,2017-09-30,13.16,1581000000,7031000000.0,5075200000,1968900000,438400000,1581000000,1581000000,None,190200000,None,1748000000,None,None,58000000,None,272000000,1568300000,None,None,None,0.167,,2737400000,2566400000,463000000,2094000000,None,1590000000,None,,,,,6.93,25.17,1.7,,,,,,,,0.0998,,7317000000,2025-10-30,quarterly,1.82,USD,pre-market,319500000,0,0.113,1.369,0.001,59.4,2737400000,7646000000,589000000,0,125.95,107.34,4.0,15049000000,5226000000,5412000000,14551000000,9823000000,9139000000,15902600000,259000000,17.09,0,145.82,98.03
2025-12-28,KMB,5.91,19723999000.0,17.09,None,0.26,4.014,,None,1051000000,1051000000,,,,,,,,,3308000000,356700000,None,10827400000,10827400000,2629000000,None,8081000000,2221000000,None,None,844500000,,5.0,0.0495,,,,-0.502,0.07,2310600000,3155100000,1.75,2017-06-30,13.16,1527000000,7031000000.0,5075200000,1968900000,438400000,1527000000,1527000000,None,190200000,None,1738000000,None,None,6835000000,None,283000000,1568300000,None,None,None,0.167,,2737400000,2566400000,380000000,2014000000,None,1574000000,None,,,,,6.93,25.17,1.7,,,,,,,,0.0998,,7246000000,2025-10-30,quarterly,1.82,USD,pre-market,319500000,0,0.113,1.369,0.001,59.4,2737400000,8081000000,1246000000,0,125.95,107.34,4.0,15070000000,5390000000,5889000000,14739000000,9680000000,8850000000,15902600000,102000000,17.09,0,145.82,98.03
2025-12-28,KMB,5.91,19723999000.0,17.09,None,0.26,4.014,,None,835000000,835000000,,,,,,,,,3380000000,358600000,None,10827400000,10827400000,2571000000,None,7811000000,2224000000,None,None,844500000,,5.0,0.0495,,,,-0.502,0.07,2310600000,3155100000,1.75,2017-03-31,13.16,1528000000,7031000000.0,5075200000,1968900000,438400000,1528000000,1528000000,None,190200000,None,1728000000,None,None,6483000000,None,284000000,1568300000,None,None,None,0.167,,2737400000,2566400000,325000000,1965000000,None,1592000000,None,,,,,6.93,25.17,1.7,,,,,,,,0.0998,,7251000000,2025-10-30,quarterly,1.82,USD,pre-market,319500000,0,0.113,1.369,0.001,59.4,2737400000,7811000000,1328000000,0,125.95,107.34,4.0,14758000000,5112000000,5864000000,14396000000,9646000000,8532000000,15902600000,136000000,17.09,0,145.82,98.03
2025-12-28,KMB,5.91,19723999000.0,17.09,None,0.26,4.014,,None,923000000,923000000,,,,,,,,,473000000,359600000,None,10827400000,10827400000,2609000000,None,963000000,2176000000,None,None,844500000,,5.0,0.0495,,,,-0.502,0.07,2310600000,3155100000,1.75,2016-12-31,13.16,1480000000,7031000000.0,5075200000,1968900000,438400000,83000000,83000000,None,190200000,None,1679000000,None,None,6497000000,None,257000000,1568300000,None,None,None,0.167,,2737400000,2566400000,337000000,1572000000,None,1610000000,None,,,,,6.93,25.17,1.7,,,,,,,,0.0998,,7169000000,2025-10-30,quarterly,1.82,USD,pre-market,319500000,5831000000,0.113,1.369,0.001,59.4,2737400000,7630000000,1133000000,0,125.95,107.34,4.0,14602000000,5115000000,5846000000,14485000000,9487000000,8639000000,15902600000,-102000000,17.09,-3629000000,145.82,98.03
2025-12-28,KMB,5.91,19723999000.0,17.09,None,0.26,4.014,,None,884000000,884000000,,,,,,,,,3399000000,361500000,None,10827400000,10827400000,2454000000,None,1205000000,2222000000,None,None,844500000,,5.0,0.0495,,,,-0.502,0.07,2310600000,3155100000,1.75,2016-09-30,13.16,1518000000,7031000000.0,5075200000,1968900000,438400000,1518000000,1518000000,None,190200000,None,1736000000,None,None,6507000000,None,289000000,1568300000,None,None,None,0.167,,2737400000,2566400000,418000000,2061000000,None,1527000000,None,,,,,6.93,25.17,1.7,,,,,,,,0.0998,,7198000000,2025-10-30,quarterly,1.82,USD,pre-market,319500000,0,0.113,1.369,0.001,59.4,2737400000,7712000000,1205000000,0,125.95,107.34,4.0,14899000000,5260000000,5720000000,14348000000,9639000000,8628000000,15902600000,299000000,17.09,0,145.82,98.03
2025-12-28,KMB,5.91,19723999000.0,17.09,None,0.26,4.014,,None,656000000,656000000,,,,,,,,,3342000000,362400000,None,10827400000,10827400000,2448000000,None,772000000,2249000000,None,None,844500000,,5.0,0.0495,,,,-0.502,0.07,2310600000,3155100000,1.75,2016-06-30,13.16,1507000000,7031000000.0,5075200000,1968900000,438400000,1507000000,1507000000,None,190200000,None,1807000000,None,None,6969000000,None,287000000,1568300000,None,None,None,0.167,,2737400000,2566400000,402000000,2008000000,None,1523000000,None,,,,,6.93,25.17,1.7,,,,,,,,0.0998,,7188000000,2025-10-30,quarterly,1.82,USD,pre-market,319500000,0,0.113,1.369,0.001,59.4,2737400000,7741000000,772000000,0,125.95,107.34,4.0,14770000000,5114000000,5228000000,14346000000,9656000000,9118000000,15902600000,196000000,17.09,0,145.82,98.03
2025-12-28,KMB,5.91,19723999000.0,17.09,None,0.26,4.014,,None,635000000,635000000,,,,,,,,,3211000000,363400000,None,10827400000,10827400000,2442000000,None,None,2255000000,None,None,844500000,,5.0,0.0495,,,,-0.502,0.07,2310600000,3155100000,1.75,2016-03-31,13.16,1498000000,7031000000.0,5075200000,1968900000,438400000,1498000000,1498000000,None,190200000,None,1902000000,None,None,6968000000,None,284000000,1568300000,None,None,None,0.167,,2737400000,2566400000,359000000,1950000000,None,1538000000,None,,,,,6.93,25.17,1.7,,,,,,,,0.0998,,7188000000,2025-10-30,quarterly,1.82,USD,pre-market,319500000,0,0.113,1.369,0.001,59.4,2737400000,7967000000,999000000,284000000,125.95,107.34,4.0,14820000000,5151000000,5391000000,14491000000,9669000000,9100000000,15902600000,109000000,17.09,0,145.82,98.03
2025-12-28,KMB,5.91,19723999000.0,17.09,None,0.26,4.014,,None,619000000,619000000,,,,,,,,,473000000,364500000,None,10827400000,10827400000,2612000000,None,598000000,2281000000,None,None,844500000,,5.0,0.0495,,,,-0.502,0.07,2310600000,3155100000,1.75,2015-12-31,13.16,1446000000,7031000000.0,5075200000,1968900000,438400000,94000000,94000000,None,190200000,None,1909000000,None,None,6170000000,None,247000000,1568300000,None,None,None,0.167,,2737400000,2566400000,617000000,1302000000,None,1517000000,None,,,,,6.93,25.17,1.7,,,,,,,,0.0998,,7104000000,2025-10-30,quarterly,1.82,USD,pre-market,319500000,4994000000,0.113,1.369,0.001,59.4,2737400000,7839000000,1669000000,0,125.95,107.34,4.0,14842000000,5426000000,6349000000,14802000000,9416000000,8453000000,15902600000,-174000000,17.09,-2972000000,145.82,98.03
2025-12-28,KMB,5.91,19723999000.0,17.09,None,0.26,4.014,,None,643000000,643000000,,,,,,,,,3380000000,366200000,None,10827400000,10827400000,2518000000,None,None,2284000000,None,None,844500000,,5.0,0.0495,,,,-0.502,0.07,2310600000,3155100000,1.75,2015-09-30,13.16,1435000000,7031000000.0,5075200000,1968900000,438400000,1435000000,1435000000,None,190200000,None,1883000000,None,None,6197000000,None,279000000,1568300000,None,None,None,0.167,,2737400000,2566400000,632000000,2223000000,None,1628000000,None,,,,,6.93,25.17,1.7,,,,,,,,0.0998,,7066000000,2025-10-30,quarterly,1.82,USD,pre-market,319500000,0,0.113,1.369,0.001,59.4,2737400000,7657000000,1460000000,0,125.95,107.34,4.0,14928000000,5442000000,6201000000,14652000000,9486000000,8451000000,15902600000,54000000,17.09,0,145.82,98.03
2025-12-28,KMB,5.91,19723999000.0,17.09,None,0.26,4.014,,None,603000000,603000000,,,,,,,,,3294000000,366700000,None,10827400000,10827400000,2599000000,None,None,2286000000,None,None,844500000,,5.0,0.0495,,,,-0.502,0.07,2310600000,3155100000,1.75,2015-06-30,13.16,1553000000,7031000000.0,5075200000,1968900000,438400000,1553000000,1553000000,None,190200000,None,1948000000,None,None,5616000000,None,286000000,1568300000,None,None,None,0.167,,2737400000,2566400000,681000000,2111000000,None,1523000000,None,,,,,6.93,25.17,1.7,,,,,,,,0.0998,,7251000000,2025-10-30,quarterly,1.82,USD,pre-market,319500000,0,0.113,1.369,0.001,59.4,2737400000,7671000000,2055000000,0,125.95,107.34,4.0,15346000000,5518000000,6765000000,14602000000,9828000000,7837000000,15902600000,516000000,17.09,0,145.82,98.03
2025-12-28,KMB,5.91,19723999000.0,17.09,None,0.26,4.014,,None,587000000,587000000,,,,,,,,,3954000000,367900000,None,10827400000,10827400000,2502000000,None,None,2244000000,None,None,844500000,,5.0,0.0495,,,,-0.502,0.07,2310600000,3155100000,1.75,2015-03-31,13.16,1538000000,7031000000.0,5075200000,1968900000,438400000,1538000000,1538000000,None,190200000,None,1893000000,None,None,6119000000,None,None,1568300000,None,None,None,0.167,,2737400000,2566400000,659000000,2072000000,None,None,None,,,,,6.93,25.17,1.7,,,,,,,,0.0998,,7160000000,2025-10-30,quarterly,1.82,USD,pre-market,319500000,0,0.113,1.369,0.001,59.4,2737400000,7731000000,1612000000,0,125.95,107.34,4.0,15053000000,5383000000,6186000000,14641000000,9670000000,8455000000,15902600000,193000000,17.09,0,145.82,98.03
2025-12-28,KMB,5.91,19723999000.0,17.09,None,0.26,4.014,,None,789000000,789000000,,,,,,,,,536000000,377272727,None,10827400000,10827400000,2616000000,None,549000000,2223000000,None,None,844500000,,5.0,0.0495,,,,-0.502,0.07,2310600000,3155100000,1.75,2014-12-31,13.16,1628000000,7031000000.0,5075200000,1968900000,438400000,109000000,109000000,None,190200000,None,1892000000,None,None,5702000000,None,257000000,1568300000,None,None,None,0.167,,2737400000,2566400000,655000000,1697000000,None,2012000000,None,,,,,6.93,25.17,1.7,,,,,,,,0.0998,,7359000000,2025-10-30,quarterly,1.82,USD,pre-market,319500000,8470000000,0.113,1.369,0.001,59.4,2737400000,7028000000,1326000000,0,125.95,107.34,4.0,15526000000,5559000000,6226000000,14527000000,9967000000,8301000000,15902600000,729000000,17.09,-5597000000,145.82,98.03
2025-12-28,KMB,5.91,19723999000.0,17.09,None,0.26,4.014,,None,1431000000,1431000000,,,,,,,,,4265000000,375900000,None,10827400000,10827400000,2597000000,None,None,2542000000,None,None,844500000,,5.0,0.0495,,,,-0.502,0.07,2310600000,3155100000,1.75,2014-09-30,13.16,3129000000,7031000000.0,5075200000,1968900000,438400000,215000000,215000000,None,190200000,None,2281000000,None,None,5705000000,None,335000000,1568300000,None,None,None,0.167,,2737400000,2566400000,667000000,506000000,None,1461000000,None,,,,,6.93,25.17,1.7,,,,,,,,0.0998,,7692000000,2025-10-30,quarterly,1.82,USD,pre-market,319500000,0,0.113,1.369,0.001,59.4,2737400000,6478000000,773000000,0,125.95,107.34,4.0,18876000000,6921000000,6260000000,14328000000,11955000000,8068000000,15902600000,4265000000,17.09,0,145.82,98.03
2025-12-28,KMB,5.91,19723999000.0,17.09,None,0.26,4.014,,None,1369000000,1369000000,,,,,,,,,6686000000,378400000,None,10827400000,10827400000,2660000000,None,None,2595000000,None,None,844500000,,5.0,0.0495,,,,-0.502,0.07,2310600000,3155100000,1.75,2014-06-30,13.16,3234000000,7031000000.0,5075200000,1968900000,438400000,228000000,228000000,None,190200000,None,2358000000,None,None,6036000000,None,349000000,1568300000,None,None,None,0.167,,2737400000,2566400000,750000000,506000000,None,1469000000,None,,,,,6.93,25.17,1.7,,,,,,,,0.0998,,7847000000,2025-10-30,quarterly,1.82,USD,pre-market,319500000,0,0.113,1.369,0.001,59.4,2737400000,6627000000,591000000,0,125.95,107.34,4.0,19377000000,7072000000,6050000000,14481000000,12305000000,8431000000,15902600000,4614000000,17.09,0,145.82,98.03
2025-12-28,KMB,5.91,19723999000.0,17.09,None,0.26,4.014,,None,1165000000,1165000000,,,,,,,,,4668000000,382100000,None,10827400000,10827400000,2553000000,None,None,2618000000,None,None,844500000,,5.0,0.0495,,,,-0.502,0.07,2310600000,3155100000,1.75,2014-03-31,13.16,3210000000,7031000000.0,5075200000,1968900000,438400000,232000000,232000000,None,190200000,None,2285000000,None,None,5457000000,None,419000000,1568300000,None,None,None,0.167,,2737400000,2566400000,580000000,506000000,None,1467000000,None,,,,,6.93,25.17,1.7,,,,,,,,0.0998,,7841000000,2025-10-30,quarterly,1.82,USD,pre-market,319500000,0,0.113,1.369,0.001,59.4,2737400000,6384000000,927000000,0,125.95,107.34,4.0,19002000000,6648000000,6259000000,14077000000,12354000000,7818000000,15902600000,4668000000,17.09,0,145.82,98.03
2025-12-28,KMB,5.91,19723999000.0,17.09,None,0.26,4.014,,None,1054000000,1054000000,,,,,,,,,536000000,384900000,None,10827400000,10827400000,2598000000,None,None,2545000000,None,None,844500000,,5.0,0.0495,,,,-0.502,0.07,2310600000,3155100000,1.75,2013-12-31,13.16,3181000000,7031000000.0,5075200000,1968900000,438400000,243000000,243000000,None,190200000,None,2233000000,None,None,5458000000,None,382000000,1568300000,None,None,None,0.167,,2737400000,2566400000,718000000,2058000000,None,1656000000,None,,,,,6.93,25.17,1.7,,,,,,,,0.0998,,7948000000,2025-10-30,quarterly,1.82,USD,pre-market,319500000,9714000000,0.113,1.369,0.001,59.4,2737400000,5833000000,375000000,0,125.95,107.34,4.0,18919000000,6550000000,5848000000,13779000000,12369000000,7931000000,15902600000,4856000000,17.09,-3746000000,145.82,98.03
2025-12-28,KMB,5.91,19723999000.0,17.09,None,0.26,4.014,,None,1179000000,1179000000,,,,,,,,,4667000000,385800000,None,10827400000,10827400000,2360000000,None,None,2898000000,None,None,844500000,,5.0,0.0495,,,,-0.502,0.07,2310600000,3155100000,1.75,2013-09-30,13.16,3223000000,7031000000.0,5075200000,1968900000,438400000,257000000,257000000,None,190200000,None,2245000000,None,None,5937000000,None,429000000,1568300000,None,None,None,0.167,,2737400000,2566400000,572000000,2333000000,None,2671000000,None,,,,,6.93,25.17,1.7,,,,,,,,0.0998,,7871000000,2025-10-30,quarterly,1.82,USD,pre-market,319500000,0,0.113,1.369,0.001,59.4,2737400000,7024000000,1087000000,0,125.95,107.34,4.0,19364000000,6894000000,5780000000,14388000000,12470000000,8608000000,15902600000,4667000000,17.09,0,145.82,98.03
2025-12-28,KMB,5.91,19723999000.0,17.09,None,0.26,4.014,,None,1160000000,1160000000,,,,,,,,,4373000000,387800000,None,10827400000,10827400000,2469000000,None,None,2490000000,None,None,844500000,,5.0,0.0495,,,,-0.502,0.07,2310600000,3155100000,1.75,2013-06-30,13.16,3200000000,7031000000.0,5075200000,1968900000,438400000,224000000,224000000,None,190200000,None,2327000000,None,None,5936000000,None,824000000,1568300000,None,None,None,0.167,,2737400000,2566400000,754000000,2399000000,None,2748000000,None,,,,,6.93,25.17,1.7,,,,,,,,0.0998,,7834000000,2025-10-30,quarterly,1.82,USD,pre-market,319500000,0,0.113,1.369,0.001,59.4,2737400000,7238000000,1302000000,0,125.95,107.34,4.0,19514000000,6731000000,6170000000,14854000000,12783000000,8684000000,15902600000,4373000000,17.09,0,145.82,98.03
2025-12-28,KMB,5.91,19723999000.0,17.09,None,0.26,4.014,,None,1109000000,1109000000,,,,,,,,,4700000000,390500000,None,10827400000,10827400000,2470000000,None,None,2717000000,None,None,844500000,,5.0,0.0495,,,,-0.502,0.07,2310600000,3155100000,1.75,2013-03-31,13.16,3328000000,7031000000.0,5075200000,1968900000,438400000,234000000,234000000,None,190200000,None,2364000000,None,None,5120000000,None,823000000,1568300000,None,None,None,0.167,,2737400000,2566400000,524000000,2473000000,None,2790000000,None,,,,,6.93,25.17,1.7,,,,,,,,0.0998,,7979000000,2025-10-30,quarterly,1.82,USD,pre-market,319500000,None,0.113,1.369,0.001,59.4,2737400000,7028000000,1908000000,428000000,125.95,107.34,4.0,19746000000,6714000000,6851000000,14761000000,13032000000,7910000000,15902600000,4700000000,17.09,None,145.82,98.03
2025-12-28,KMB,5.91,19723999000.0,17.09,9561000000,0.26,4.014,,None,1106000000,1106000000,,,,,,,,,536000000,393500000,None,10827400000,10827400000,2443000000,None,None,2642000000,None,None,844500000,,5.0,0.0495,,,,-0.502,0.07,2310600000,3155100000,1.75,2012-12-31,13.16,3337000000,7031000000.0,5075200000,1968900000,438400000,246000000,246000000,None,190200000,None,2348000000,None,None,5070000000,None,750000000,1568300000,None,None,None,0.167,,2737400000,2566400000,493000000,2197000000,None,2876000000,None,,,,,6.93,25.17,1.7,,,,,,,,0.0998,,8095000000,2025-10-30,quarterly,1.82,USD,pre-market,319500000,8823000000,0.113,1.369,0.001,59.4,2737400000,6185000000,1115000000,0,125.95,107.34,4.0,19873000000,6589000000,6091000000,14586000000,13284000000,8495000000,15902600000,5287000000,17.09,-2796000000,145.82,98.03
2025-12-28,KMB,5.91,19723999000.0,17.09,None,0.26,4.014,,None,1249000000,1249000000,,,,,,,,,0,396700000,None,10827400000,10827400000,2343000000,None,None,2734000000,None,None,844500000,,5.0,0.0495,,,,-0.502,0.07,2310600000,3155100000,1.75,2012-09-30,13.16,3331000000,7031000000.0,5075200000,1968900000,438400000,247000000,247000000,None,190200000,None,2373000000,None,None,5130000000,None,None,1568300000,None,None,None,0.167,,2737400000,2566400000,570000000,2408000000,None,None,None,,,,,6.93,25.17,1.7,,,,,,,,0.0998,,8099000000,2025-10-30,quarterly,1.82,USD,pre-market,319500000,0,0.113,1.369,0.001,59.4,2737400000,6404000000,1274000000,0,125.95,107.34,4.0,20037000000,6926000000,6025000000,14198000000,13111000000,8173000000,15902600000,5839000000,17.09,0,145.82,98.03
2025-12-28,KMB,5.91,19723999000.0,17.09,None,0.26,4.014,,None,994000000,994000000,,,,,,,,,0,396500000,None,10827400000,10827400000,2371000000,None,None,2681000000,None,None,844500000,,5.0,0.0495,,,,-0.502,0.07,2310600000,3155100000,1.75,2012-06-30,13.16,3313000000,7031000000.0,5075200000,1968900000,438400000,250000000,250000000,None,190200000,None,2368000000,None,None,5695000000,None,None,1568300000,None,None,None,0.167,,2737400000,2566400000,549000000,2190000000,None,None,None,,,,,6.93,25.17,1.7,,,,,,,,0.0998,,7977000000,2025-10-30,quarterly,1.82,USD,pre-market,319500000,0,0.113,1.369,0.001,59.4,2737400000,6267000000,572000000,0,125.95,107.34,4.0,19596000000,6592000000,5133000000,13872000000,13004000000,8739000000,15902600000,5724000000,17.09,0,145.82,98.03
2025-12-28,KMB,5.91,19723999000.0,17.09,None,0.26,4.014,,None,785000000,785000000,,,,,,,,,0,397100000,None,10827400000,10827400000,2382000000,None,None,2672000000,None,None,844500000,,5.0,0.0495,,,,-0.502,0.07,2310600000,3155100000,1.75,2012-03-31,13.16,3373000000,7031000000.0,5075200000,1968900000,438400000,260000000,260000000,None,190200000,None,2354000000,None,None,5707000000,None,None,1568300000,None,None,None,0.167,,2737400000,2566400000,506000000,2176000000,None,None,None,,,,,6.93,25.17,1.7,,,,,,,,0.0998,,8118000000,2025-10-30,quarterly,1.82,USD,pre-market,319500000,0,0.113,1.369,0.001,59.4,2737400000,6398000000,691000000,0,125.95,107.34,4.0,19557000000,6317000000,5249000000,13919000000,13240000000,8670000000,15902600000,5638000000,17.09,0,145.82,98.03
2025-12-28,KMB,5.91,19723999000.0,17.09,None,0.26,4.014,,None,764000000,764000000,,,,,,,,,536000000,396610169,None,10827400000,10827400000,2388000000,None,None,2602000000,None,None,844500000,,5.0,0.0495,,,,-0.502,0.07,2310600000,3155100000,1.75,2011-12-31,13.16,3340000000,7031000000.0,5075200000,1968900000,438400000,265000000,265000000,None,190200000,None,2356000000,None,None,5426000000,None,None,1568300000,None,None,None,0.167,,2737400000,2566400000,561000000,2037000000,None,None,None,,,,,6.93,25.17,1.7,,,,,,,,0.0998,,8049000000,2025-10-30,quarterly,1.82,USD,pre-market,319500000,8244000000,0.113,1.369,0.001,59.4,2737400000,6132000000,706000000,0,125.95,107.34,4.0,19373000000,6283000000,5397000000,13844000000,13090000000,8447000000,15902600000,5249000000,17.09,-2105000000,145.82,98.03
2025-12-28,KMB,5.91,19723999000.0,17.09,-10146000000,0.26,4.014,,None,1232000000,1232000000,,,,,,,,,0,395200000,None,10827400000,10827400000,2262000000,None,None,2434000000,None,None,844500000,,5.0,0.0495,,,,-0.502,0.07,2310600000,3155100000,1.75,2011-09-30,13.16,3321000000,7031000000.0,5075200000,1968900000,438400000,3321000000,3321000000,None,190200000,None,2421000000,None,None,5963000000,None,766000000,1568300000,None,None,None,0.167,,2737400000,2566400000,452000000,2796000000,None,1895000000,None,,,,,6.93,25.17,1.7,,,,,,,,0.0998,,8047000000,2025-10-30,quarterly,1.82,USD,pre-market,319500000,0,0.113,1.369,0.001,59.4,2737400000,6721000000,758000000,0,125.95,107.34,4.0,19630000000,6539000000,5816000000,14167000000,13091000000,8351000000,15902600000,5463000000,17.09,0,145.82,98.03
2025-12-28,KMB,5.91,19723999000.0,17.09,-10171000000,0.26,4.014,,None,908000000,908000000,,,,,,,,,0,396000000,None,10827400000,10827400000,2358000000,None,None,2757000000,None,None,844500000,,5.0,0.0495,,,,-0.502,0.07,2310600000,3155100000,1.75,2011-06-30,13.16,3486000000,7031000000.0,5075200000,1968900000,438400000,3486000000,3486000000,None,190200000,None,2521000000,None,None,5424000000,None,813000000,1568300000,None,None,None,0.167,,2737400000,2566400000,756000000,2822000000,None,1944000000,None,,,,,6.93,25.17,1.7,,,,,,,,0.0998,,8414000000,2025-10-30,quarterly,1.82,USD,pre-market,319500000,0,0.113,1.369,0.001,59.4,2737400000,6432000000,1008000000,0,125.95,107.34,4.0,20480000000,6722000000,6188000000,14623000000,13758000000,8435000000,15902600000,5857000000,17.09,0,145.82,98.03
2025-12-28,KMB,5.91,19723999000.0,17.09,-9822000000,0.26,4.014,,None,585000000,585000000,,,,,,,,,0,405900000,None,10827400000,10827400000,2195000000,None,None,2915000000,None,None,844500000,,5.0,0.0495,,,,-0.502,0.07,2310600000,3155100000,1.75,2011-03-31,13.16,3426000000,7031000000.0,5075200000,1968900000,438400000,3426000000,3426000000,None,190200000,None,2400000000,None,None,5406000000,None,806000000,1568300000,None,None,None,0.167,,2737400000,2566400000,619000000,2878000000,None,2101000000,None,,,,,6.93,25.17,1.7,,,,,,,,0.0998,,8413000000,2025-10-30,quarterly,1.82,USD,pre-market,319500000,0,0.113,1.369,0.001,59.4,2737400000,6125000000,719000000,0,125.95,107.34,4.0,19992000000,6300000000,5392000000,14271000000,13692000000,8479000000,15902600000,5721000000,17.09,0,145.82,98.03
2025-12-28,KMB,5.91,19723999000.0,17.09,None,0.26,4.014,,None,876000000,876000000,,,,,,,,,598000000,406976744,None,10827400000,10827400000,2206000000,None,None,2690000000,None,None,844500000,,5.0,0.0495,,,,-0.502,0.07,2310600000,3155100000,1.75,2010-12-31,13.16,3403000000,7031000000.0,5075200000,1968900000,438400000,287000000,287000000,None,190200000,None,2373000000,None,None,5120000000,None,767000000,1568300000,None,None,None,0.167,,2737400000,2566400000,607000000,2684000000,None,2294000000,None,,,,,6.93,25.17,1.7,,,,,,,,0.0998,,8356000000,2025-10-30,quarterly,1.82,USD,pre-market,319500000,11086000000,0.113,1.369,0.001,59.4,2737400000,5464000000,344000000,0,125.95,107.34,4.0,19864000000,6328000000,5338000000,13662000000,13536000000,8324000000,15902600000,5917000000,17.09,-4726000000,145.82,98.03
2025-12-28,KMB,5.91,19723999000.0,17.09,None,0.26,4.014,,None,533000000,533000000,,,,,,,,,0,412600000,None,10827400000,10827400000,2123000000,None,None,2413000000,None,None,844500000,,5.0,0.0495,,,,-0.502,0.07,2310600000,3155100000,1.75,2010-09-30,13.16,3348000000,7031000000.0,5075200000,1968900000,438400000,3348000000,3348000000,None,190200000,None,2402000000,None,None,4710000000,None,None,1568300000,None,None,None,0.167,,2737400000,2566400000,744000000,2305000000,None,None,None,,,,,6.93,25.17,1.7,,,,,,,,0.0998,,8188000000,2025-10-30,quarterly,1.82,USD,pre-market,319500000,0,0.113,1.369,0.001,59.4,2737400000,5441000000,731000000,0,125.95,107.34,4.0,19486000000,6092000000,5159000000,13552000000,13394000000,8393000000,15902600000,5660000000,17.09,0,145.82,98.03
2025-12-28,KMB,5.91,19723999000.0,17.09,None,0.26,4.014,,None,585000000,585000000,,,,,,,,,0,415600000,None,10827400000,10827400000,2055000000,None,None,2390000000,None,None,844500000,,5.0,0.0495,,,,-0.502,0.07,2310600000,3155100000,1.75,2010-06-30,13.16,3212000000,7031000000.0,5075200000,1968900000,438400000,3212000000,3212000000,None,190200000,None,2233000000,None,None,4442000000,None,None,1568300000,None,None,None,0.167,,2737400000,2566400000,413000000,2244000000,None,None,None,,,,,6.93,25.17,1.7,,,,,,,,0.0998,,7856000000,2025-10-30,quarterly,1.82,USD,pre-market,319500000,0,0.113,1.369,0.001,59.4,2737400000,5599000000,1157000000,0,125.95,107.34,4.0,18713000000,5621000000,5456000000,13426000000,13092000000,7970000000,15902600000,5287000000,17.09,0,145.82,98.03
2025-12-28,KMB,5.91,19723999000.0,17.09,None,0.26,4.014,,None,669000000,669000000,,,,,,,,,0,419300000,None,10827400000,10827400000,1995000000,None,None,2557000000,None,None,844500000,,5.0,0.0495,,,,-0.502,0.07,2310600000,3155100000,1.75,2010-03-31,13.16,3277000000,7031000000.0,5075200000,1968900000,438400000,3277000000,3277000000,None,190200000,None,2104000000,None,None,4387000000,None,None,1568300000,None,None,None,0.167,,2737400000,2566400000,389000000,2260000000,None,None,None,,,,,6.93,25.17,1.7,,,,,,,,0.0998,,7958000000,2025-10-30,quarterly,1.82,USD,pre-market,319500000,0,0.113,1.369,0.001,59.4,2737400000,5388000000,1001000000,0,125.95,107.34,4.0,18997000000,5719000000,5256000000,13319000000,13278000000,8063000000,15902600000,4626000000,17.09,0,145.82,98.03
2025-12-28,KMB,5.91,19723999000.0,17.09,None,0.26,4.014,,None,987000000,987000000,,,,,,,,,598000000,414900000,None,10827400000,10827400000,1920000000,None,None,2566000000,None,None,844500000,,5.0,0.0495,,,,-0.502,0.07,2310600000,3155100000,1.75,2009-12-31,13.16,3275000000,7031000000.0,5075200000,1968900000,438400000,3585000000,3585000000,None,190200000,None,2033000000,None,None,4792000000,None,None,1568300000,None,None,None,0.167,,2737400000,2566400000,467000000,2314000000,None,None,None,,,,,6.93,25.17,1.7,,,,,,,,0.0998,,8033000000,2025-10-30,quarterly,1.82,USD,pre-market,319500000,10329000000,0.113,1.369,0.001,59.4,2737400000,5402000000,610000000,195000000,125.95,107.34,4.0,19209000000,5864000000,4923000000,13519000000,13345000000,8596000000,15902600000,5406000000,17.09,-4087000000,145.82,98.03
2025-12-28,KMB,5.91,19723999000.0,17.09,None,0.26,4.014,,None,750000000,750000000,,,,,,,,,None,416800000,None,10827400000,10827400000,1668000000,None,None,2449000000,None,None,844500000,,5.0,0.0495,,,,-0.502,0.07,2310600000,3155100000,1.75,2009-09-30,13.16,3073000000,7031000000.0,5075200000,1968900000,438400000,3073000000,3073000000,None,190200000,None,2014000000,None,None,4442000000,None,None,1568300000,None,None,None,0.167,,2737400000,2566400000,571000000,2434000000,None,None,None,,,,,6.93,25.17,1.7,,,,,,,,0.0998,,7926000000,2025-10-30,quarterly,1.82,USD,pre-market,319500000,None,0.113,1.369,0.001,59.4,2737400000,5652000000,1210000000,None,125.95,107.34,4.0,18588000000,5784000000,5312000000,13089000000,12804000000,7777000000,15902600000,5191000000,17.09,None,145.82,98.03
2025-12-28,KMB,5.91,19723999000.0,17.09,None,0.26,4.014,,None,591000000,591000000,,,,,,,,,0,415900000,None,10827400000,10827400000,1512000000,None,None,2331000000,None,None,844500000,,5.0,0.0495,,,,-0.502,0.07,2310600000,3155100000,1.75,2009-06-30,13.16,2981000000,7031000000.0,5075200000,1968900000,438400000,2981000000,2981000000,None,190200000,None,2058000000,None,None,5490000000,None,None,1568300000,None,None,None,0.167,,2737400000,2566400000,484000000,2421000000,None,None,None,,,,,6.93,25.17,1.7,,,,,,,,0.0998,,7808000000,2025-10-30,quarterly,1.82,USD,pre-market,319500000,0,0.113,1.369,0.001,59.4,2737400000,5863000000,373000000,0,125.95,107.34,4.0,18146000000,5464000000,4306000000,13369000000,12682000000,9063000000,15902600000,4777000000,17.09,0,145.82,98.03
2025-12-28,KMB,5.91,19723999000.0,17.09,None,0.26,4.014,,None,592000000,592000000,,,,,,,,,None,415900000,None,10827400000,10827400000,1427000000,None,None,2385000000,None,None,844500000,,5.0,0.0495,,,,-0.502,0.07,2310600000,3155100000,1.75,2009-03-31,13.16,2712000000,7031000000.0,5075200000,1968900000,438400000,2712000000,2712000000,None,190200000,None,2187000000,None,None,4875000000,None,None,1568300000,None,None,None,0.167,,2737400000,2566400000,341000000,2039000000,None,None,None,,,,,6.93,25.17,1.7,,,,,,,,0.0998,,7482000000,2025-10-30,quarterly,1.82,USD,pre-market,319500000,None,0.113,1.369,0.001,59.4,2737400000,6189000000,1314000000,None,125.95,107.34,4.0,17573000000,5505000000,4780000000,13760000000,12068000000,8980000000,15902600000,3575000000,17.09,None,145.82,98.03
2025-12-28,KMB,5.91,19723999000.0,17.09,None,0.26,4.014,,None,364000000,364000000,,,,,,,,,598000000,415600000,None,10827400000,10827400000,1422000000,None,None,2492000000,None,None,844500000,,5.0,0.0495,,,,-0.502,0.07,2310600000,3155100000,1.75,2008-12-31,13.16,2743000000,7031000000.0,5075200000,1968900000,438400000,2864000000,2864000000,None,190200000,None,2493000000,None,None,4882000000,None,None,1568300000,None,None,None,0.167,,2737400000,2566400000,464000000,2247000000,None,None,None,,,,,6.93,25.17,1.7,,,,,,,,0.0998,,7667000000,2025-10-30,quarterly,1.82,USD,pre-market,319500000,9465000000,0.113,1.369,0.001,59.4,2737400000,5965000000,1083000000,141000000,125.95,107.34,4.0,18089000000,5813000000,4752000000,13807000000,12276000000,9055000000,15902600000,3878000000,17.09,-4285000000,145.82,98.03
2025-12-28,KMB,5.91,19723999000.0,17.09,None,0.26,4.014,,None,524100000,524100000,,,,,,,,,None,418100000,None,10827400000,10827400000,1742600000,None,None,2478100000,None,None,844500000,,5.0,0.0495,,,,-0.502,0.07,2310600000,3155100000,1.75,2008-09-30,13.16,2907000000,7031000000.0,5075200000,1968900000,438400000,2907000000,2907000000,None,190200000,None,2569800000,None,None,4369500000,None,None,1568300000,None,None,None,0.167,,2737400000,2566400000,470800000,2042000000,None,None,None,,,,,6.93,25.17,1.7,,,,,,,,0.0998,,7848700000,2025-10-30,quarterly,1.82,USD,pre-market,319500000,None,0.113,1.369,0.001,59.4,2737400000,6240400000,1870900000,None,125.95,107.34,4.0,18701200000,6042800000,5655500000,13304800000,12658400000,7649300000,15902600000,4995000000,17.09,None,145.82,98.03
2025-12-28,KMB,5.91,19723999000.0,17.09,None,0.26,4.014,,None,545800000,545800000,,,,,,,,,None,421000000,None,10827400000,10827400000,1751600000,None,None,2599000000,None,None,844500000,,5.0,0.0495,,,,-0.502,0.07,2310600000,3155100000,1.75,2008-06-30,13.16,3097100000,7031000000.0,5075200000,1968900000,438400000,3097100000,3097100000,None,190200000,None,2629800000,None,None,4995500000,None,None,1568300000,None,None,None,0.167,,2737400000,2566400000,536400000,2114500000,None,None,None,,,,,6.93,25.17,1.7,,,,,,,,0.0998,,8228100000,2025-10-30,quarterly,1.82,USD,pre-market,319500000,None,0.113,1.369,0.001,59.4,2737400000,6343900000,1348400000,None,125.95,107.34,4.0,19625500000,6311000000,5214500000,13595100000,13314500000,8380600000,15902600000,5603400000,17.09,None,145.82,98.03
2025-12-28,KMB,5.91,19723999000.0,17.09,None,0.26,4.014,,None,524700000,524700000,,,,,,,,,None,423600000,None,10827400000,10827400000,1737200000,None,None,2606800000,None,None,844500000,,5.0,0.0495,,,,-0.502,0.07,2310600000,3155100000,1.75,2008-03-31,13.16,3013500000,7031000000.0,5075200000,1968900000,438400000,3013500000,3013500000,None,190200000,None,2612600000,None,None,4442600000,None,None,1568300000,None,None,None,0.167,,2737400000,2566400000,509000000,2020500000,None,None,None,,,,,6.93,25.17,1.7,,,,,,,,0.0998,,8230300000,2025-10-30,quarterly,1.82,USD,pre-market,319500000,None,0.113,1.369,0.001,59.4,2737400000,5725000000,1282400000,428000000,125.95,107.34,4.0,18912400000,6253100000,5040100000,12884600000,12659300000,7844500000,15902600000,5568200000,17.09,None,145.82,98.03
2025-12-28,KMB,5.91,19723999000.0,17.09,None,0.26,4.014,,None,472700000,472700000,,,,,,,,,598300000,431523810,None,10827400000,10827400000,1449300000,None,None,2560600000,None,None,844500000,,5.0,0.0495,,,,-0.502,0.07,2310600000,3155100000,1.75,2007-12-31,13.16,2942400000,7031000000.0,5075200000,1968900000,438400000,3074100000,3074100000,None,190200000,None,2443800000,None,None,4393900000,None,None,1568300000,None,None,None,0.167,,2737400000,2566400000,619500000,2381400000,None,None,None,,,,,6.93,25.17,1.7,,,,,,,,0.0998,,8094000000,2025-10-30,quarterly,1.82,USD,pre-market,319500000,8747800000,0.113,1.369,0.001,59.4,2737400000,5491800000,1097900000,289000000,125.95,107.34,4.0,18439700000,6096600000,4928600000,12731900000,12343100000,7803300000,15902600000,5223700000,17.09,-3813600000,145.82,98.03
2025-12-28,KMB,5.91,19723999000.0,17.09,None,0.26,4.014,,None,539600000,539600000,,,,,,,,,None,435673077,None,10827400000,10827400000,1713600000,None,None,2516900000,None,None,844500000,,5.0,0.0495,,,,-0.502,0.07,2310600000,3155100000,1.75,2007-09-30,13.16,3028800000,7031000000.0,5075200000,1968900000,438400000,3028800000,3028800000,None,190200000,None,2386300000,None,None,4379300000,None,None,1568300000,None,None,None,0.167,,2737400000,2566400000,568900000,1959000000,None,None,None,,,,,6.93,25.17,1.7,,,,,,,,0.0998,,7976000000,2025-10-30,quarterly,1.82,USD,pre-market,319500000,None,0.113,1.369,0.001,59.4,2737400000,5775200000,1395900000,427000000,125.95,107.34,4.0,18324300000,6011700000,5068500000,12879600000,12312600000,7811100000,15902600000,4996900000,17.09,None,145.82,98.03
2025-12-28,KMB,5.91,19723999000.0,17.09,None,0.26,4.014,,None,457000000,457000000,,,,,,,,,None,461800000,None,10827400000,10827400000,1711000000,None,None,2401600000,None,None,844500000,,5.0,0.0495,,,,-0.502,0.07,2310600000,3155100000,1.75,2007-06-30,13.16,2955700000,7031000000.0,5075200000,1968900000,438400000,2955700000,2955700000,None,190200000,None,2243500000,None,None,2278400000,None,None,1568300000,None,None,None,0.167,,2737400000,2566400000,552800000,1873200000,None,None,None,,,,,6.93,25.17,1.7,,,,,,,,0.0998,,7870500000,2025-10-30,quarterly,1.82,USD,pre-market,319500000,None,0.113,1.369,0.001,59.4,2737400000,3613500000,1335100000,445000000,125.95,107.34,4.0,17846600000,5654900000,4919300000,10723000000,12191700000,5803700000,15902600000,6695100000,17.09,None,145.82,98.03
2025-12-28,KMB,5.91,19723999000.0,17.09,None,0.26,4.014,,None,342000000,342000000,,,,,,,,,None,461224490,None,10827400000,10827400000,1540100000,None,None,2296700000,None,None,844500000,,5.0,0.0495,,,,-0.502,0.07,2310600000,3155100000,1.75,2007-03-31,13.16,2900300000,7031000000.0,5075200000,1968900000,438400000,2900300000,2900300000,None,190200000,None,2085800000,None,None,2277000000,None,None,1568300000,None,None,None,0.167,,2737400000,2566400000,510400000,1784100000,None,None,None,,,,,6.93,25.17,1.7,,,,,,,,0.0998,,7734400000,2025-10-30,quarterly,1.82,USD,pre-market,319500000,None,0.113,1.369,0.001,59.4,2737400000,3565800000,1288800000,427000000,125.95,107.34,4.0,17181600000,5234900000,4613000000,10420700000,11946700000,5807700000,15902600000,6355000000,17.09,None,145.82,98.03
2025-12-28,KMB,5.91,19723999000.0,17.09,None,0.26,4.014,,None,360800000,360800000,,,,,,,,,598300000,461384615,None,10827400000,10827400000,1205600000,None,None,2336700000,None,None,844500000,,5.0,0.0495,,,,-0.502,0.07,2310600000,3155100000,1.75,2006-12-31,13.16,2860500000,7031000000.0,5075200000,1968900000,438400000,2993300000,2993300000,None,190200000,None,2004500000,None,None,2276000000,None,None,1568300000,None,None,None,0.167,,2737400000,2566400000,567700000,2483800000,None,None,None,,,,,6.93,25.17,1.7,,,,,,,,0.0998,,7684800000,2025-10-30,quarterly,1.82,USD,pre-market,319500000,7895600000,0.113,1.369,0.001,59.4,2737400000,3602400000,1326400000,270500000,125.95,107.34,4.0,17067000000,5269700000,5015800000,10547000000,11797300000,5531200000,15902600000,6097400000,17.09,-1391900000,145.82,98.03
2025-12-28,KMB,5.91,19723999000.0,17.09,None,0.26,4.014,,None,399200000,399200000,,,,,,,,,None,461012658,None,10827400000,10827400000,1400500000,None,None,2192600000,None,None,844500000,,5.0,0.0495,,,,-0.502,0.07,2310600000,3155100000,1.75,2006-09-30,13.16,2731900000,7031000000.0,5075200000,1968900000,438400000,2731900000,2731900000,None,190200000,None,1888300000,None,None,2272100000,None,None,1568300000,None,None,None,0.167,,2737400000,2566400000,560700000,2122100000,None,None,None,,,,,6.93,25.17,1.7,,,,,,,,0.0998,,7481000000,2025-10-30,quarterly,1.82,USD,pre-market,319500000,None,0.113,1.369,0.001,59.4,2737400000,3632700000,1360600000,494000000,125.95,107.34,4.0,16625800000,5040800000,4883200000,10239200000,11585000000,5356000000,15902600000,5967000000,17.09,None,145.82,98.03
2025-12-28,KMB,5.91,19723999000.0,17.09,None,0.26,4.014,,None,337400000,337400000,,,,,,,,,None,460487805,None,10827400000,10827400000,1334500000,None,None,2219900000,None,None,844500000,,5.0,0.0495,,,,-0.502,0.07,2310600000,3155100000,1.75,2006-06-30,13.16,2734800000,7031000000.0,5075200000,1968900000,438400000,2734800000,2734800000,None,190200000,None,1868800000,None,None,2539300000,None,None,1568300000,None,None,None,0.167,,2737400000,2566400000,558400000,2087000000,None,None,None,,,,,6.93,25.17,1.7,,,,,,,,0.0998,,7455500000,2025-10-30,quarterly,1.82,USD,pre-market,319500000,None,0.113,1.369,0.001,59.4,2737400000,3669700000,1130400000,479000000,125.95,107.34,4.0,16534900000,4984500000,4551900000,10244900000,11550400000,5693000000,15902600000,5885200000,17.09,None,145.82,98.03
2025-12-28,KMB,5.91,19723999000.0,17.09,None,0.26,4.014,,None,389200000,389200000,,,,,,,,,None,458500000,None,10827400000,10827400000,1338800000,None,None,2147900000,None,None,844500000,,5.0,0.0495,,,,-0.502,0.07,2310600000,3155100000,1.75,2006-03-31,13.16,2703900000,7031000000.0,5075200000,1968900000,438400000,2703900000,2703900000,None,190200000,None,1810400000,None,None,2570400000,None,None,1568300000,None,None,None,0.167,,2737400000,2566400000,552800000,2106900000,None,None,None,,,,,6.93,25.17,1.7,,,,,,,,0.0998,,7398100000,2025-10-30,quarterly,1.82,USD,pre-market,319500000,None,0.113,1.369,0.001,59.4,2737400000,3768600000,1198200000,487000000,125.95,107.34,4.0,16391500000,4900300000,4643900000,10322000000,11491200000,5678100000,15902600000,5672000000,17.09,None,145.82,98.03
2025-12-28,KMB,5.91,19723999000.0,17.09,None,0.26,4.014,,None,364000000,364000000,,,,,,,,,710800000,458500000,None,10827400000,10827400000,1354300000,None,None,2101900000,None,None,844500000,,5.0,0.0495,,,,-0.502,0.07,2310600000,3155100000,1.75,2005-12-31,13.16,2685600000,7031000000.0,5075200000,1968900000,438400000,2685600000,2685600000,None,190200000,None,1752100000,None,None,2594700000,None,None,1568300000,None,None,None,0.167,,2737400000,2566400000,565100000,2066100000,None,None,None,,,,,6.93,25.17,1.7,,,,,,,,0.0998,,7494700000,2025-10-30,quarterly,1.82,USD,pre-market,319500000,12581400000,0.113,1.369,0.001,59.4,2737400000,3817200000,1222500000,12800000,125.95,107.34,4.0,16303200000,4783100000,4642900000,10350500000,11520100000,5707600000,15902600000,5558200000,17.09,-6376100000,145.82,98.03
2025-12-28,KMB,5.91,19723999000.0,17.09,None,0.26,4.014,,None,313400000,313400000,,,,,,,,,None,478382353,None,10827400000,10827400000,1241300000,None,None,1980400000,None,None,844500000,,5.0,0.0495,,,,-0.502,0.07,2310600000,3155100000,1.75,2005-09-30,13.16,2718200000,7031000000.0,5075200000,1968900000,438400000,2718200000,2718200000,None,190200000,None,1726100000,None,None,2625100000,None,None,1568300000,None,None,None,0.167,,2737400000,2566400000,577300000,1996900000,None,None,None,,,,,6.93,25.17,1.7,,,,,,,,0.0998,,7529300000,2025-10-30,quarterly,1.82,USD,pre-market,319500000,None,0.113,1.369,0.001,59.4,2737400000,3531500000,906400000,None,125.95,107.34,4.0,16289200000,4597200000,4144600000,9882400000,11692000000,5737800000,15902600000,6031800000,17.09,None,145.82,98.03
2025-12-28,KMB,5.91,19723999000.0,17.09,None,0.26,4.014,,131000000,1021000000,1021000000,,,,,,,,,473000000,337000000,None,10827400000,10827400000,3715000000,None,568000000,2009000000,None,None,844500000,,5.0,0.0495,,,,-0.502,0.07,2310600000,3155100000,1.75,2024-12-31,13.16,1964000000,7031000000.0,5075200000,1968900000,438400000,87000000,87000000,None,190200000,None,1822000000,None,None,6875000000,None,314000000,1568300000,None,None,None,0.167,,2737400000,2566400000,728000000,2318000000,None,686000000,None,,,,,6.93,25.17,1.7,,,,,,,,0.0998,,None,2025-10-30,annual,1.82,USD,pre-market,319500000,9257000000,0.113,1.369,0.001,59.4,2737400000,7916000000,683000000,None,125.95,107.34,4.0,16546000000,5580000000,7004000000,15571000000,10966000000,8567000000,15902600000,840000000,17.09,None,145.82,98.03
2025-12-28,KMB,5.91,19723999000.0,17.09,None,0.26,4.014,,130000000,1093000000,1093000000,,,,,,,,,473000000,338800000,None,10827400000,10827400000,3653000000,None,567000000,2135000000,None,None,844500000,,5.0,0.0495,,,,-0.502,0.07,2310600000,3155100000,1.75,2023-12-31,13.16,2085000000,7031000000.0,5075200000,1968900000,438400000,197000000,197000000,None,190200000,None,1955000000,None,None,7417000000,None,306000000,1568300000,None,None,None,0.167,,2737400000,2566400000,520000000,2286000000,None,860000000,None,,,,,6.93,25.17,1.7,,,,,,,,0.0998,,None,2025-10-30,annual,1.82,USD,pre-market,319500000,8368000000,0.113,1.369,0.001,59.4,2737400000,8114000000,697000000,None,125.95,107.34,4.0,17344000000,5703000000,6930000000,16276000000,11641000000,9346000000,15902600000,915000000,17.09,None,145.82,98.03
2025-12-28,KMB,5.91,19723999000.0,17.09,None,0.26,4.014,,127000000,427000000,427000000,,,,,,,,,473000000,338300000,None,10827400000,10827400000,3813000000,None,844000000,2280000000,None,None,844500000,,5.0,0.0495,,,,-0.502,0.07,2310600000,3155100000,1.75,2022-12-31,13.16,2074000000,7031000000.0,5075200000,1968900000,438400000,851000000,851000000,None,190200000,None,2269000000,None,None,7836000000,None,238000000,1568300000,None,None,None,0.167,,2737400000,2566400000,753000000,2030000000,None,799000000,None,,,,,6.93,25.17,1.7,,,,,,,,0.0998,,7885000000,2025-10-30,annual,1.82,USD,pre-market,319500000,8201000000,0.113,1.369,0.001,59.4,2737400000,8680000000,844000000,None,125.95,107.34,4.0,17970000000,5729000000,7334000000,17270000000,12241000000,9936000000,15902600000,547000000,17.09,None,145.82,98.03
2025-12-28,KMB,5.91,19723999000.0,17.09,None,0.26,4.014,,130000000,270000000,270000000,,,,,,,,,473000000,338800000,None,10827400000,10827400000,3840000000,None,433000000,2207000000,None,None,844500000,,5.0,0.0495,,,,-0.502,0.07,2310600000,3155100000,1.75,2021-12-31,13.16,1840000000,7031000000.0,5075200000,1968900000,438400000,810000000,810000000,None,190200000,None,2239000000,None,None,8141000000,None,290000000,1568300000,None,None,None,0.167,,2737400000,2566400000,849000000,2476000000,None,681000000,None,,,,,6.93,25.17,1.7,,,,,,,,0.0998,,8097000000,2025-10-30,annual,1.82,USD,pre-market,319500000,7858000000,0.113,1.369,0.001,59.4,2737400000,8600000000,433000000,None,125.95,107.34,4.0,17837000000,5565000000,6749000000,17100000000,12272000000,10351000000,15902600000,514000000,17.09,-5183000000,145.82,98.03
2025-12-28,KMB,5.91,19723999000.0,17.09,None,0.26,4.014,,133000000,303000000,303000000,,,,,,,,,473000000,342500000,None,10827400000,10827400000,3336000000,None,486000000,2235000000,None,None,844500000,,5.0,0.0495,,,,-0.502,0.07,2310600000,3155100000,1.75,2020-12-31,13.16,1895000000,7031000000.0,5075200000,1968900000,438400000,832000000,832000000,None,190200000,None,1903000000,None,None,7878000000,None,300000000,1568300000,None,None,None,0.167,,2737400000,2566400000,733000000,2621000000,None,718000000,None,,,,,6.93,25.17,1.7,,,,,,,,0.0998,,8582000000,2025-10-30,annual,1.82,USD,pre-market,319500000,7567000000,0.113,1.369,0.001,59.4,2737400000,8392000000,486000000,300000000,125.95,107.34,4.0,17523000000,5174000000,6443000000,16654000000,12349000000,10211000000,15902600000,626000000,17.09,-4899000000,145.82,98.03
2025-12-28,KMB,5.91,19723999000.0,17.09,None,0.26,4.014,,130000000,442000000,442000000,,,,,,,,,473000000,345600000,None,10827400000,10827400000,3055000000,None,1534000000,2263000000,None,None,844500000,,5.0,0.0495,,,,-0.502,0.07,2310600000,3155100000,1.75,2019-12-31,13.16,1467000000,7031000000.0,5075200000,1968900000,438400000,29000000,29000000,None,190200000,None,1790000000,None,None,29000000,None,268000000,1568300000,None,None,None,0.167,,2737400000,2566400000,562000000,1969000000,None,1417000000,None,,,,,6.93,25.17,1.7,,,,,,,,0.0998,,7450000000,2025-10-30,annual,1.82,USD,pre-market,319500000,6686000000,0.113,1.369,0.001,59.4,2737400000,7877000000,1664000000,None,125.95,107.34,4.0,15283000000,5057000000,6919000000,15089000000,10226000000,8170000000,15902600000,-33000000,17.09,-4454000000,145.82,98.03
2025-12-28,KMB,5.91,19723999000.0,17.09,None,0.26,4.014,,None,539000000,539000000,,,,,,,,,473000000,349600000,None,10827400000,10827400000,3190000000,None,1208000000,2164000000,None,None,844500000,,5.0,0.0495,,,,-0.502,0.07,2310600000,3155100000,1.75,2018-12-31,13.16,1474000000,7031000000.0,5075200000,1968900000,438400000,1474000000,1474000000,None,190200000,None,1813000000,None,None,64000000,None,224000000,1568300000,None,None,None,0.167,,2737400000,2566400000,525000000,1878000000,None,1259000000,None,,,,,6.93,25.17,1.7,,,,,,,,0.0998,,7159000000,2025-10-30,annual,1.82,USD,pre-market,319500000,5947000000,0.113,1.369,0.001,59.4,2737400000,7455000000,1208000000,None,125.95,107.34,4.0,14518000000,5041000000,6536000000,14564000000,9477000000,8028000000,15902600000,-287000000,17.09,-3956000000,145.82,98.03
2025-12-28,KMB,5.91,19723999000.0,17.09,None,0.26,4.014,,None,616000000,616000000,,,,,,,,,473000000,355900000,None,10827400000,10827400000,2834000000,None,953000000,2315000000,None,None,844500000,,5.0,0.0495,,,,-0.502,0.07,2310600000,3155100000,1.75,2017-12-31,13.16,1576000000,7031000000.0,5075200000,1968900000,438400000,1576000000,1576000000,None,190200000,None,1790000000,None,None,61000000,None,233000000,1568300000,None,None,None,0.167,,2737400000,2566400000,490000000,1822000000,None,1483000000,None,,,,,6.93,25.17,1.7,,,,,,,,0.0998,,7436000000,2025-10-30,annual,1.82,USD,pre-market,319500000,5769000000,0.113,1.369,0.001,59.4,2737400000,7425000000,953000000,0,125.95,107.34,4.0,15151000000,5211000000,5858000000,14269000000,9940000000,8411000000,15902600000,629000000,17.09,-4431000000,145.82,98.03
2025-12-28,KMB,5.91,19723999000.0,17.09,None,0.26,4.014,,None,923000000,923000000,,,,,,,,,473000000,361700000,None,10827400000,10827400000,2609000000,None,1133000000,2176000000,None,None,844500000,,5.0,0.0495,,,,-0.502,0.07,2310600000,3155100000,1.75,2016-12-31,13.16,1480000000,7031000000.0,5075200000,1968900000,438400000,83000000,83000000,None,190200000,None,1679000000,None,None,6497000000,None,257000000,1568300000,None,None,None,0.167,,2737400000,2566400000,337000000,44000000,None,1610000000,None,,,,,6.93,25.17,1.7,,,,,,,,0.0998,,7169000000,2025-10-30,annual,1.82,USD,pre-market,319500000,5831000000,0.113,1.369,0.001,59.4,2737400000,7630000000,1133000000,0,125.95,107.34,4.0,14602000000,5115000000,5846000000,14485000000,9487000000,8639000000,15902600000,-102000000,17.09,-3629000000,145.82,98.03
2025-12-28,KMB,5.91,19723999000.0,17.09,None,0.26,4.014,,None,619000000,619000000,,,,,,,,,473000000,366300000,None,10827400000,10827400000,2612000000,None,598000000,2281000000,None,None,844500000,,5.0,0.0495,,,,-0.502,0.07,2310600000,3155100000,1.75,2015-12-31,13.16,1446000000,7031000000.0,5075200000,1968900000,438400000,94000000,94000000,None,190200000,None,1909000000,None,None,6170000000,None,247000000,1568300000,None,None,None,0.167,,2737400000,2566400000,617000000,36000000,None,1517000000,None,,,,,6.93,25.17,1.7,,,,,,,,0.0998,,7104000000,2025-10-30,annual,1.82,USD,pre-market,319500000,4994000000,0.113,1.369,0.001,59.4,2737400000,7839000000,1669000000,0,125.95,107.34,4.0,14842000000,5426000000,6349000000,14802000000,9416000000,8453000000,15902600000,-174000000,17.09,-2972000000,145.82,98.03
2025-12-28,KMB,5.91,19723999000.0,17.09,None,0.26,4.014,,None,789000000,789000000,,,,,,,,,536000000,377400000,None,10827400000,10827400000,2616000000,None,549000000,2223000000,None,None,844500000,,5.0,0.0495,,,,-0.502,0.07,2310600000,3155100000,1.75,2014-12-31,13.16,1628000000,7031000000.0,5075200000,1968900000,438400000,109000000,109000000,None,190200000,None,1892000000,None,None,5702000000,None,257000000,1568300000,None,None,None,0.167,,2737400000,2566400000,655000000,113000000,None,2012000000,None,,,,,6.93,25.17,1.7,,,,,,,,0.0998,,7359000000,2025-10-30,annual,1.82,USD,pre-market,319500000,8470000000,0.113,1.369,0.001,59.4,2737400000,7028000000,1326000000,0,125.95,107.34,4.0,15526000000,5559000000,6226000000,14527000000,9967000000,8301000000,15902600000,729000000,17.09,-5597000000,145.82,98.03
2025-12-28,KMB,5.91,19723999000.0,17.09,None,0.26,4.014,,None,1054000000,1054000000,,,,,,,,,536000000,387300000,None,10827400000,10827400000,2598000000,None,None,2545000000,None,None,844500000,,5.0,0.0495,,,,-0.502,0.07,2310600000,3155100000,1.75,2013-12-31,13.16,3181000000,7031000000.0,5075200000,1968900000,438400000,243000000,243000000,None,190200000,None,2233000000,None,None,5458000000,None,382000000,1568300000,None,None,None,0.167,,2737400000,2566400000,718000000,506000000,None,1656000000,None,,,,,6.93,25.17,1.7,,,,,,,,0.0998,,7948000000,2025-10-30,annual,1.82,USD,pre-market,319500000,9714000000,0.113,1.369,0.001,59.4,2737400000,5833000000,375000000,0,125.95,107.34,4.0,18919000000,6550000000,5848000000,13779000000,12369000000,7931000000,15902600000,4856000000,17.09,-3746000000,145.82,98.03
2025-12-28,KMB,5.91,19723999000.0,17.09,9561000000,0.26,4.014,,None,1106000000,1106000000,,,,,,,,,536000000,396100000,None,10827400000,10827400000,2443000000,None,None,2642000000,None,None,844500000,,5.0,0.0495,,,,-0.502,0.07,2310600000,3155100000,1.75,2012-12-31,13.16,3337000000,7031000000.0,5075200000,1968900000,438400000,246000000,246000000,None,190200000,None,2348000000,None,None,5070000000,None,750000000,1568300000,None,None,None,0.167,,2737400000,2566400000,493000000,2197000000,None,2876000000,None,,,,,6.93,25.17,1.7,,,,,,,,0.0998,,8095000000,2025-10-30,annual,1.82,USD,pre-market,319500000,8823000000,0.113,1.369,0.001,59.4,2737400000,6185000000,1115000000,0,125.95,107.34,4.0,19873000000,6589000000,6091000000,14586000000,13284000000,8495000000,15902600000,5287000000,17.09,-2796000000,145.82,98.03
2025-12-28,KMB,5.91,19723999000.0,17.09,None,0.26,4.014,,None,764000000,764000000,,,,,,,,,536000000,398600000,None,10827400000,10827400000,2388000000,None,None,2602000000,None,None,844500000,,5.0,0.0495,,,,-0.502,0.07,2310600000,3155100000,1.75,2011-12-31,13.16,3340000000,7031000000.0,5075200000,1968900000,438400000,265000000,265000000,None,190200000,None,2356000000,None,None,5426000000,None,None,1568300000,None,None,None,0.167,,2737400000,2566400000,561000000,2037000000,None,None,None,,,,,6.93,25.17,1.7,,,,,,,,0.0998,,8049000000,2025-10-30,annual,1.82,USD,pre-market,319500000,8244000000,0.113,1.369,0.001,59.4,2737400000,6132000000,706000000,0,125.95,107.34,4.0,19373000000,6283000000,5397000000,13844000000,13090000000,8447000000,15902600000,5529000000,17.09,-2105000000,145.82,98.03
2025-12-28,KMB,5.91,19723999000.0,17.09,None,0.26,4.014,,None,876000000,876000000,,,,,,,,,598000000,414400000,None,10827400000,10827400000,2206000000,None,None,2472000000,None,None,844500000,,5.0,0.0495,,,,-0.502,0.07,2310600000,3155100000,1.75,2010-12-31,13.16,3403000000,7031000000.0,5075200000,1968900000,438400000,287000000,287000000,None,190200000,None,2373000000,None,None,5120000000,None,767000000,1568300000,None,None,None,0.167,,2737400000,2566400000,607000000,2788000000,None,2294000000,None,,,,,6.93,25.17,1.7,,,,,,,,0.0998,,8356000000,2025-10-30,annual,1.82,USD,pre-market,319500000,11086000000,0.113,1.369,0.001,59.4,2737400000,5861000000,741000000,0,125.95,107.34,4.0,19864000000,6328000000,5735000000,13662000000,13536000000,7927000000,15902600000,6202000000,17.09,-4726000000,145.82,98.03
2025-12-28,KMB,5.91,19723999000.0,17.09,None,0.26,4.014,,None,987000000,987000000,,,,,,,,,598000000,416800000,None,10827400000,10827400000,1920000000,None,None,2566000000,None,None,844500000,,5.0,0.0495,,,,-0.502,0.07,2310600000,3155100000,1.75,2009-12-31,13.16,3275000000,7031000000.0,5075200000,1968900000,438400000,3585000000,3585000000,None,190200000,None,2033000000,None,None,4792000000,None,None,1568300000,None,None,None,0.167,,2737400000,2566400000,467000000,2314000000,None,None,None,,,,,6.93,25.17,1.7,,,,,,,,0.0998,,8033000000,2025-10-30,annual,1.82,USD,pre-market,319500000,10329000000,0.113,1.369,0.001,59.4,2737400000,5402000000,610000000,195000000,125.95,107.34,4.0,19209000000,5864000000,4923000000,13519000000,13345000000,8596000000,15902600000,5406000000,17.09,-4087000000,145.82,98.03
2025-12-28,KMB,5.91,19723999000.0,17.09,None,0.26,4.014,,None,364000000,364000000,,,,,,,,,598000000,418600000,None,10827400000,10827400000,1422000000,None,None,2492000000,None,None,844500000,,5.0,0.0495,,,,-0.502,0.07,2310600000,3155100000,1.75,2008-12-31,13.16,2743000000,7031000000.0,5075200000,1968900000,438400000,2864000000,2864000000,None,190200000,None,2493000000,None,None,4882000000,None,None,1568300000,None,None,None,0.167,,2737400000,2566400000,464000000,2247000000,None,None,None,,,,,6.93,25.17,1.7,,,,,,,,0.0998,,7667000000,2025-10-30,annual,1.82,USD,pre-market,319500000,9465000000,0.113,1.369,0.001,59.4,2737400000,5965000000,1083000000,141000000,125.95,107.34,4.0,18089000000,5813000000,4752000000,13807000000,12276000000,9055000000,15902600000,3878000000,17.09,-4285000000,145.82,98.03
2025-12-28,KMB,5.91,19723999000.0,17.09,None,0.26,4.014,,None,472700000,472700000,,,,,,,,,598300000,445696822,None,10827400000,10827400000,1449300000,None,None,2560600000,None,None,844500000,,5.0,0.0495,,,,-0.502,0.07,2310600000,3155100000,1.75,2007-12-31,13.16,2942400000,7031000000.0,5075200000,1968900000,438400000,3074100000,3074100000,None,190200000,None,2443800000,None,None,4393900000,None,None,1568300000,None,None,None,0.167,,2737400000,2566400000,619500000,2381400000,None,None,None,,,,,6.93,25.17,1.7,,,,,,,,0.0998,,8094000000,2025-10-30,annual,1.82,USD,pre-market,319500000,8747800000,0.113,1.369,0.001,59.4,2737400000,5491800000,1097900000,289000000,125.95,107.34,4.0,18439700000,6096600000,4928600000,12731900000,12343100000,7803300000,15902600000,5223700000,17.09,-3813600000,145.82,98.03
2025-12-28,KMB,5.91,19723999000.0,17.09,None,0.26,4.014,,None,360800000,360800000,,,,,,,,,598300000,461384615,None,10827400000,10827400000,1205600000,None,None,2336700000,None,None,844500000,,5.0,0.0495,,,,-0.502,0.07,2310600000,3155100000,1.75,2006-12-31,13.16,2860500000,7031000000.0,5075200000,1968900000,438400000,2993300000,2993300000,None,190200000,None,2004500000,None,None,2276000000,None,None,1568300000,None,None,None,0.167,,2737400000,2566400000,567700000,2483800000,None,None,None,,,,,6.93,25.17,1.7,,,,,,,,0.0998,,7684800000,2025-10-30,annual,1.82,USD,pre-market,319500000,7895600000,0.113,1.369,0.001,59.4,2737400000,3602400000,1326400000,270500000,125.95,107.34,4.0,17067000000,5269700000,5015800000,10547000000,11797300000,5531200000,15902600000,6097400000,17.09,-1391900000,145.82,98.03
2025-12-28,KMB,5.91,19723999000.0,17.09,None,0.26,4.014,,None,364000000,364000000,,,,,,,,,710800000,478140244,None,10827400000,10827400000,1354300000,None,None,2101900000,None,None,844500000,,5.0,0.0495,,,,-0.502,0.07,2310600000,3155100000,1.75,2005-12-31,13.16,2685600000,7031000000.0,5075200000,1968900000,438400000,2685600000,2685600000,None,190200000,None,1752100000,None,None,2594700000,None,None,1568300000,None,None,None,0.167,,2737400000,2566400000,565100000,2066100000,None,None,None,,,,,6.93,25.17,1.7,,,,,,,,0.0998,,7494700000,2025-10-30,annual,1.82,USD,pre-market,319500000,12581400000,0.113,1.369,0.001,59.4,2737400000,3817200000,1222500000,12800000,125.95,107.34,4.0,16303200000,4783100000,4642900000,10350500000,11520100000,5707600000,15902600000,5558200000,17.09,-6376100000,145.82,98.03
2025-12-28,KMB,5.91,19723999000.0,17.09,None,0.26,4.014,401000000,None,364000000,364000000,1183000000,312000000,None,None,None,None,None,None,710800000,478140244,None,10827400000,10827400000,1354300000,None,None,2101900000,None,None,844500000,176000000,5.0,0.0495,418000000,418000000,None,-0.502,0.07,2310600000,3155100000,1.75,2025-09-30,13.16,2685600000,7031000000.0,5075200000,1968900000,438400000,2685600000,2685600000,None,190200000,None,1752100000,None,None,2594700000,None,None,454000000,None,None,None,0.167,708000000,2737400000,2566400000,565100000,2066100000,None,None,None,None,None,None,None,6.93,25.17,1.7,None,None,None,None,None,-20000000,None,0.0998,None,7494700000,2025-10-30,quarterly,1.82,USD,pre-market,319500000,12581400000,0.113,1.369,0.001,59.4,2737400000,3817200000,1222500000,12800000,125.95,107.34,4.0,16303200000,4783100000,4642900000,10350500000,11520100000,5707600000,15902600000,5558200000,17.09,-6376100000,145.82,98.03
2025-12-28,KMB,5.91,19723999000.0,17.09,None,0.26,4.014,197000000,None,364000000,364000000,-500000000,-193000000,None,None,None,None,None,None,710800000,478140244,None,10827400000,10827400000,1354300000,None,None,2101900000,None,None,844500000,222000000,5.0,0.0495,419000000,419000000,None,-0.502,0.07,2310600000,3155100000,1.75,2025-06-30,13.16,2685600000,7031000000.0,5075200000,1968900000,438400000,2685600000,2685600000,None,190200000,None,1752100000,None,None,2594700000,None,None,512000000,None,None,None,0.167,770000000,2737400000,2566400000,565100000,2066100000,None,None,None,None,None,None,None,6.93,25.17,1.7,None,None,None,None,None,-59000000,None,0.0998,None,7494700000,2025-10-30,quarterly,1.82,USD,pre-market,319500000,12581400000,0.113,1.369,0.001,59.4,2737400000,3817200000,1222500000,12800000,125.95,107.34,4.0,16303200000,4783100000,4642900000,10350500000,11520100000,5707600000,15902600000,5558200000,17.09,-6376100000,145.82,98.03
2025-12-28,KMB,5.91,19723999000.0,17.09,None,0.26,4.014,204000000,None,364000000,364000000,-683000000,-119000000,None,None,None,None,None,None,710800000,478140244,None,10827400000,10827400000,1354300000,None,None,2101900000,None,None,844500000,218000000,5.0,0.0495,405000000,405000000,None,-0.502,0.07,2310600000,3155100000,1.75,2025-03-31,13.16,2685600000,7031000000.0,5075200000,1968900000,438400000,2685600000,2685600000,None,190200000,None,1752100000,None,None,2594700000,None,None,573000000,None,None,None,0.167,327000000,2737400000,2566400000,565100000,2066100000,None,None,None,None,None,None,None,6.93,25.17,1.7,None,None,None,None,None,-61000000,None,0.0998,None,7494700000,2025-10-30,quarterly,1.82,USD,pre-market,319500000,12581400000,0.113,1.369,0.001,59.4,2737400000,3817200000,1222500000,12800000,125.95,107.34,4.0,16303200000,4783100000,4642900000,10350500000,11520100000,5707600000,15902600000,5558200000,17.09,-6376100000,145.82,98.03
2025-12-28,KMB,5.91,19723999000.0,17.09,None,0.26,4.014,209000000,None,364000000,364000000,-686000000,-194000000,None,None,None,None,None,None,710800000,478140244,None,10827400000,10827400000,1354300000,None,None,2101900000,None,None,844500000,217000000,5.0,0.0495,408000000,408000000,None,-0.502,0.07,2310600000,3155100000,1.75,2024-12-31,13.16,2685600000,7031000000.0,5075200000,1968900000,438400000,2685600000,2685600000,None,190200000,None,1752100000,None,None,2594700000,None,None,452000000,None,None,None,0.167,817000000,2737400000,2566400000,565100000,2066100000,None,None,None,None,None,None,None,6.93,25.17,1.7,None,None,None,None,None,-248000000,None,0.0998,None,7494700000,2025-10-30,quarterly,1.82,USD,pre-market,319500000,12581400000,0.113,1.369,0.001,59.4,2737400000,3817200000,1222500000,12800000,125.95,107.34,4.0,16303200000,4783100000,4642900000,10350500000,11520100000,5707600000,15902600000,5558200000,17.09,-6376100000,145.82,98.03
2025-12-28,KMB,5.91,19723999000.0,17.09,None,0.26,4.014,160000000,None,364000000,364000000,-1482000000,470000000,None,None,None,None,None,None,710800000,478140244,None,10827400000,10827400000,1354300000,None,None,2101900000,None,None,844500000,191000000,5.0,0.0495,411000000,411000000,None,-0.502,0.07,2310600000,3155100000,1.75,2024-09-30,13.16,2685600000,7031000000.0,5075200000,1968900000,438400000,2685600000,2685600000,None,190200000,None,1752100000,None,None,2594700000,None,None,935000000,None,None,None,0.167,958000000,2737400000,2566400000,565100000,2066100000,None,None,None,None,None,None,None,6.93,25.17,1.7,None,None,None,None,None,-596000000,None,0.0998,None,7494700000,2025-10-30,quarterly,1.82,USD,pre-market,319500000,12581400000,0.113,1.369,0.001,59.4,2737400000,3817200000,1222500000,12800000,125.95,107.34,4.0,16303200000,4783100000,4642900000,10350500000,11520100000,5707600000,15902600000,5558200000,17.09,-6376100000,145.82,98.03
2025-12-28,KMB,5.91,19723999000.0,17.09,None,0.26,4.014,158000000,None,364000000,364000000,-513000000,-195000000,None,None,None,None,None,None,710800000,478140244,None,10827400000,10827400000,1354300000,None,None,2101900000,None,None,844500000,188000000,5.0,0.0495,411000000,411000000,None,-0.502,0.07,2310600000,3155100000,1.75,2024-06-30,13.16,2685600000,7031000000.0,5075200000,1968900000,438400000,2685600000,2685600000,None,190200000,None,1752100000,None,None,2594700000,None,None,544000000,None,None,None,0.167,1021000000,2737400000,2566400000,565100000,2066100000,None,None,None,None,None,None,None,6.93,25.17,1.7,None,None,None,None,None,-102000000,None,0.0998,None,7494700000,2025-10-30,quarterly,1.82,USD,pre-market,319500000,12581400000,0.113,1.369,0.001,59.4,2737400000,3817200000,1222500000,12800000,125.95,107.34,4.0,16303200000,4783100000,4642900000,10350500000,11520100000,5707600000,15902600000,5558200000,17.09,-6376100000,145.82,98.03
2025-12-28,KMB,5.91,19723999000.0,17.09,None,0.26,4.014,194000000,None,364000000,364000000,-485000000,-181000000,None,None,None,None,None,None,710800000,478140244,None,10827400000,10827400000,1354300000,None,None,2101900000,None,None,844500000,185000000,5.0,0.0495,398000000,398000000,None,-0.502,0.07,2310600000,3155100000,1.75,2024-03-31,13.16,2685600000,7031000000.0,5075200000,1968900000,438400000,2685600000,2685600000,None,190200000,None,1752100000,None,None,2594700000,None,None,647000000,None,None,None,0.167,438000000,2737400000,2566400000,565100000,2066100000,None,None,None,None,None,None,None,6.93,25.17,1.7,None,None,None,None,None,-54000000,None,0.0998,None,7494700000,2025-10-30,quarterly,1.82,USD,pre-market,319500000,12581400000,0.113,1.369,0.001,59.4,2737400000,3817200000,1222500000,12800000,125.95,107.34,4.0,16303200000,4783100000,4642900000,10350500000,11520100000,5707600000,15902600000,5558200000,17.09,-6376100000,145.82,98.03
2025-12-28,KMB,5.91,19723999000.0,17.09,None,0.26,4.014,217000000,None,364000000,364000000,-754000000,-152000000,None,None,290000000,None,None,None,710800000,478140244,None,10827400000,10827400000,1354300000,None,None,2101900000,None,None,844500000,187000000,5.0,0.0495,399000000,399000000,None,-0.502,0.07,2310600000,3155100000,1.75,2023-12-31,13.16,2685600000,7031000000.0,5075200000,1968900000,438400000,2685600000,2685600000,None,190200000,None,1752100000,None,None,2594700000,None,None,512000000,None,None,None,0.167,1215000000,2737400000,2566400000,565100000,2066100000,None,None,None,None,None,None,None,6.93,25.17,1.7,None,None,None,None,None,-130000000,None,0.0998,None,7494700000,2025-10-30,quarterly,1.82,USD,pre-market,319500000,12581400000,0.113,1.369,0.001,59.4,2737400000,3817200000,1222500000,12800000,125.95,107.34,4.0,16303200000,4783100000,4642900000,10350500000,11520100000,5707600000,15902600000,5558200000,17.09,-6376100000,145.82,98.03
2025-12-28,KMB,5.91,19723999000.0,17.09,None,0.26,4.014,160000000,None,364000000,364000000,-468000000,-266000000,None,None,None,None,None,None,710800000,478140244,None,10827400000,10827400000,1354300000,None,None,2101900000,None,None,844500000,189000000,5.0,0.0495,399000000,399000000,None,-0.502,0.07,2310600000,3155100000,1.75,2023-09-30,13.16,2685600000,7031000000.0,5075200000,1968900000,438400000,2685600000,2685600000,None,190200000,None,1752100000,None,None,2594700000,None,None,591000000,None,None,None,0.167,927000000,2737400000,2566400000,565100000,2066100000,None,None,None,None,None,None,None,6.93,25.17,1.7,None,None,None,None,None,-32000000,None,0.0998,None,7494700000,2025-10-30,quarterly,1.82,USD,pre-market,319500000,12581400000,0.113,1.369,0.001,59.4,2737400000,3817200000,1222500000,12800000,125.95,107.34,4.0,16303200000,4783100000,4642900000,10350500000,11520100000,5707600000,15902600000,5558200000,17.09,-6376100000,145.82,98.03
2025-12-28,KMB,5.91,19723999000.0,17.09,None,0.26,4.014,188000000,None,364000000,364000000,-755000000,40000000,72000000,None,None,None,None,None,710800000,478140244,None,10827400000,10827400000,1354300000,None,None,2101900000,None,None,844500000,189000000,5.0,0.0495,399000000,399000000,None,-0.502,0.07,2310600000,3155100000,1.75,2023-06-30,13.16,2685600000,7031000000.0,5075200000,1968900000,438400000,2685600000,2685600000,None,190200000,None,1752100000,None,None,2594700000,None,None,86000000,None,None,None,0.167,787000000,2737400000,2566400000,565100000,2066100000,None,None,None,None,None,None,None,6.93,25.17,1.7,None,None,None,None,None,-81000000,None,0.0998,None,7494700000,2025-10-30,quarterly,1.82,USD,pre-market,319500000,12581400000,0.113,1.369,0.001,59.4,2737400000,3817200000,1222500000,12800000,125.95,107.34,4.0,16303200000,4783100000,4642900000,10350500000,11520100000,5707600000,15902600000,5558200000,17.09,-6376100000,145.82,98.03
2025-12-28,KMB,5.91,19723999000.0,17.09,None,0.26,4.014,201000000,None,364000000,364000000,-397000000,-115000000,101000000,None,None,None,None,None,710800000,478140244,None,10827400000,10827400000,1354300000,None,None,2101900000,None,None,844500000,188000000,5.0,0.0495,391000000,391000000,None,-0.502,0.07,2310600000,3155100000,1.75,2023-03-31,13.16,2685600000,7031000000.0,5075200000,1968900000,438400000,2685600000,2685600000,None,190200000,None,1752100000,None,None,2594700000,None,None,575000000,None,None,None,0.167,613000000,2737400000,2566400000,565100000,2066100000,None,None,None,None,None,None,None,6.93,25.17,1.7,None,None,None,None,None,-30000000,None,0.0998,None,7494700000,2025-10-30,quarterly,1.82,USD,pre-market,319500000,12581400000,0.113,1.369,0.001,59.4,2737400000,3817200000,1222500000,12800000,125.95,107.34,4.0,16303200000,4783100000,4642900000,10350500000,11520100000,5707600000,15902600000,5558200000,17.09,-6376100000,145.82,98.03
2025-12-28,KMB,5.91,19723999000.0,17.09,None,0.26,4.014,197000000,None,364000000,364000000,-651000000,-785000000,None,None,-76000000,None,None,None,710800000,478140244,None,10827400000,10827400000,1354300000,None,None,2101900000,None,None,844500000,186000000,5.0,0.0495,391000000,391000000,None,-0.502,0.07,2310600000,3155100000,1.75,2022-12-31,13.16,2685600000,7031000000.0,5075200000,1968900000,438400000,2685600000,2685600000,None,190200000,None,1752100000,None,None,2594700000,None,None,515000000,None,None,None,0.167,991000000,2737400000,2566400000,565100000,2066100000,None,None,None,None,None,None,None,6.93,25.17,1.7,None,None,None,None,None,-26000000,None,0.0998,None,7494700000,2025-10-30,quarterly,1.82,USD,pre-market,319500000,12581400000,0.113,1.369,0.001,59.4,2737400000,3817200000,1222500000,12800000,125.95,107.34,4.0,16303200000,4783100000,4642900000,10350500000,11520100000,5707600000,15902600000,5558200000,17.09,-6376100000,145.82,98.03
2025-12-28,KMB,5.91,19723999000.0,17.09,None,0.26,4.014,209000000,None,364000000,364000000,-489000000,-240000000,69000000,None,-76000000,None,None,None,710800000,478140244,None,10827400000,10827400000,1354300000,None,None,2101900000,None,None,844500000,188000000,5.0,0.0495,392000000,392000000,None,-0.502,0.07,2310600000,3155100000,1.75,2022-09-30,13.16,2685600000,7031000000.0,5075200000,1968900000,438400000,2685600000,2685600000,None,190200000,None,1752100000,None,None,2594700000,None,None,470000000,None,None,None,0.167,798000000,2737400000,2566400000,565100000,2066100000,None,None,None,None,None,None,None,6.93,25.17,1.7,None,None,None,None,None,-25000000,None,0.0998,None,7494700000,2025-10-30,quarterly,1.82,USD,pre-market,319500000,12581400000,0.113,1.369,0.001,59.4,2737400000,3817200000,1222500000,12800000,125.95,107.34,4.0,16303200000,4783100000,4642900000,10350500000,11520100000,5707600000,15902600000,5558200000,17.09,-6376100000,145.82,98.03
2025-12-28,KMB,5.91,19723999000.0,17.09,None,0.26,4.014,217000000,None,364000000,364000000,-753000000,-161000000,-174000000,None,None,None,None,None,710800000,478140244,None,10827400000,10827400000,1354300000,None,None,2101900000,None,None,844500000,192000000,5.0,0.0495,391000000,391000000,None,-0.502,0.07,2310600000,3155100000,1.75,2022-06-30,13.16,2685600000,7031000000.0,5075200000,1968900000,438400000,2685600000,2685600000,None,190200000,None,1752100000,None,None,2594700000,None,None,441000000,None,None,None,0.167,740000000,2737400000,2566400000,565100000,2066100000,None,None,None,None,None,None,None,6.93,25.17,1.7,None,None,None,None,None,-24000000,None,0.0998,None,7494700000,2025-10-30,quarterly,1.82,USD,pre-market,319500000,12581400000,0.113,1.369,0.001,59.4,2737400000,3817200000,1222500000,12800000,125.95,107.34,4.0,16303200000,4783100000,4642900000,10350500000,11520100000,5707600000,15902600000,5558200000,17.09,-6376100000,145.82,98.03
2025-12-28,KMB,5.91,19723999000.0,17.09,None,0.26,4.014,253000000,None,364000000,364000000,133000000,-116000000,221000000,None,None,None,None,None,710800000,478140244,None,10827400000,10827400000,1354300000,None,None,2101900000,None,None,844500000,188000000,5.0,0.0495,384000000,384000000,None,-0.502,0.07,2310600000,3155100000,1.75,2022-03-31,13.16,2685600000,7031000000.0,5075200000,1968900000,438400000,2685600000,2685600000,None,190200000,None,1752100000,None,None,2594700000,None,None,535000000,None,None,None,0.167,204000000,2737400000,2566400000,565100000,2066100000,None,None,None,None,None,None,None,6.93,25.17,1.7,None,None,None,None,None,-25000000,None,0.0998,None,7494700000,2025-10-30,quarterly,1.82,USD,pre-market,319500000,12581400000,0.113,1.369,0.001,59.4,2737400000,3817200000,1222500000,12800000,125.95,107.34,4.0,16303200000,4783100000,4642900000,10350500000,11520100000,5707600000,15902600000,5558200000,17.09,-6376100000,145.82,98.03
2025-12-28,KMB,5.91,19723999000.0,17.09,None,0.26,4.014,273000000,None,364000000,364000000,-755000000,-320000000,None,None,-417000000,None,None,None,710800000,478140244,None,10827400000,10827400000,1354300000,None,None,2101900000,None,None,844500000,194000000,5.0,0.0495,383000000,383000000,None,-0.502,0.07,2310600000,3155100000,1.75,2021-12-31,13.16,2685600000,7031000000.0,5075200000,1968900000,438400000,2685600000,2685600000,None,190200000,None,1752100000,None,None,2594700000,None,None,357000000,None,None,None,0.167,1062000000,2737400000,2566400000,565100000,2066100000,None,None,None,None,None,None,None,6.93,25.17,1.7,None,None,None,None,None,-7000000,None,0.0998,None,7494700000,2025-10-30,quarterly,1.82,USD,pre-market,319500000,12581400000,0.113,1.369,0.001,59.4,2737400000,3817200000,1222500000,12800000,125.95,107.34,4.0,16303200000,4783100000,4642900000,10350500000,11520100000,5707600000,15902600000,5558200000,17.09,-6376100000,145.82,98.03
2025-12-28,KMB,5.91,19723999000.0,17.09,None,0.26,4.014,235000000,None,364000000,364000000,-547000000,-249000000,-14000000,None,-417000000,None,None,None,710800000,478140244,None,10827400000,10827400000,1354300000,None,None,2101900000,None,None,844500000,194000000,5.0,0.0495,385000000,385000000,None,-0.502,0.07,2310600000,3155100000,1.75,2021-09-30,13.16,2685600000,7031000000.0,5075200000,1968900000,438400000,2685600000,2685600000,None,190200000,None,1752100000,None,None,2594700000,None,None,469000000,None,None,None,0.167,782000000,2737400000,2566400000,565100000,2066100000,None,None,None,None,None,None,None,6.93,25.17,1.7,None,None,None,None,None,-62000000,None,0.0998,None,7494700000,2025-10-30,quarterly,1.82,USD,pre-market,319500000,12581400000,0.113,1.369,0.001,59.4,2737400000,3817200000,1222500000,12800000,125.95,107.34,4.0,16303200000,4783100000,4642900000,10350500000,11520100000,5707600000,15902600000,5558200000,17.09,-6376100000,145.82,98.03
2025-12-28,KMB,5.91,19723999000.0,17.09,None,0.26,4.014,201000000,None,364000000,364000000,-342000000,-242000000,-19000000,None,-417000000,None,None,None,710800000,478140244,None,10827400000,10827400000,1354300000,None,None,2101900000,None,None,844500000,189000000,5.0,0.0495,389000000,389000000,None,-0.502,0.07,2310600000,3155100000,1.75,2021-06-30,13.16,2685600000,7031000000.0,5075200000,1968900000,438400000,2685600000,2685600000,None,190200000,None,1752100000,None,None,2594700000,None,None,404000000,None,None,None,0.167,565000000,2737400000,2566400000,565100000,2066100000,None,None,None,None,None,None,None,6.93,25.17,1.7,None,None,None,None,None,-162000000,None,0.0998,None,7494700000,2025-10-30,quarterly,1.82,USD,pre-market,319500000,12581400000,0.113,1.369,0.001,59.4,2737400000,3817200000,1222500000,12800000,125.95,107.34,4.0,16303200000,4783100000,4642900000,10350500000,11520100000,5707600000,15902600000,5558200000,17.09,-6376100000,145.82,98.03
2025-12-28,KMB,5.91,19723999000.0,17.09,None,0.26,4.014,298000000,None,364000000,364000000,-52000000,-245000000,24000000,None,-417000000,None,None,None,710800000,478140244,None,10827400000,10827400000,1354300000,None,None,2101900000,None,None,844500000,189000000,5.0,0.0495,359000000,359000000,None,-0.502,0.07,2310600000,3155100000,1.75,2021-03-31,13.16,2685600000,7031000000.0,5075200000,1968900000,438400000,2685600000,2685600000,None,190200000,None,1752100000,None,None,2594700000,None,None,584000000,None,None,None,0.167,321000000,2737400000,2566400000,565100000,2066100000,None,None,None,None,None,None,None,6.93,25.17,1.7,None,None,None,None,None,-169000000,None,0.0998,None,7494700000,2025-10-30,quarterly,1.82,USD,pre-market,319500000,12581400000,0.113,1.369,0.001,59.4,2737400000,3817200000,1222500000,12800000,125.95,107.34,4.0,16303200000,4783100000,4642900000,10350500000,11520100000,5707600000,15902600000,5558200000,17.09,-6376100000,145.82,98.03
2025-12-28,KMB,5.91,19723999000.0,17.09,None,0.26,4.014,323000000,None,364000000,364000000,-795000000,-1328000000,None,None,-96000000,None,None,None,710800000,478140244,None,10827400000,10827400000,1354300000,None,None,2101900000,None,None,844500000,190000000,5.0,0.0495,364000000,364000000,None,-0.502,0.07,2310600000,3155100000,1.75,2020-12-31,13.16,2685600000,7031000000.0,5075200000,1968900000,438400000,2685600000,2685600000,None,190200000,None,1752100000,None,None,2594700000,None,None,539000000,None,None,None,0.167,887000000,2737400000,2566400000,565100000,2066100000,None,None,None,None,None,None,None,6.93,25.17,1.7,None,None,None,None,None,-251000000,None,0.0998,None,7494700000,2025-10-30,quarterly,1.82,USD,pre-market,319500000,12581400000,0.113,1.369,0.001,59.4,2737400000,3817200000,1222500000,12800000,125.95,107.34,4.0,16303200000,4783100000,4642900000,10350500000,11520100000,5707600000,15902600000,5558200000,17.09,-6376100000,145.82,98.03
2025-12-28,KMB,5.91,19723999000.0,17.09,None,0.26,4.014,258000000,None,364000000,364000000,-205000000,-287000000,67000000,None,-96000000,None,None,None,710800000,478140244,None,10827400000,10827400000,1354300000,None,None,2101900000,None,None,844500000,192000000,5.0,0.0495,365000000,365000000,None,-0.502,0.07,2310600000,3155100000,1.75,2020-09-30,13.16,2685600000,7031000000.0,5075200000,1968900000,438400000,2685600000,2685600000,None,190200000,None,1752100000,None,None,2594700000,None,None,472000000,None,None,None,0.167,559000000,2737400000,2566400000,565100000,2066100000,None,None,None,None,None,None,None,6.93,25.17,1.7,None,None,None,None,None,-186000000,None,0.0998,None,7494700000,2025-10-30,quarterly,1.82,USD,pre-market,319500000,12581400000,0.113,1.369,0.001,59.4,2737400000,3817200000,1222500000,12800000,125.95,107.34,4.0,16303200000,4783100000,4642900000,10350500000,11520100000,5707600000,15902600000,5558200000,17.09,-6376100000,145.82,98.03
2025-12-28,KMB,5.91,19723999000.0,17.09,None,0.26,4.014,284000000,None,364000000,364000000,-787000000,-331000000,461000000,None,-96000000,None,None,None,710800000,478140244,None,10827400000,10827400000,1354300000,None,None,2101900000,None,None,844500000,201000000,5.0,0.0495,365000000,365000000,None,-0.502,0.07,2310600000,3155100000,1.75,2020-06-30,13.16,2685600000,7031000000.0,5075200000,1968900000,438400000,2685600000,2685600000,None,190200000,None,1752100000,None,None,2594700000,None,None,681000000,None,None,None,0.167,1579000000,2737400000,2566400000,565100000,2066100000,None,None,None,None,None,None,None,6.93,25.17,1.7,None,None,None,None,None,-49000000,None,0.0998,None,7494700000,2025-10-30,quarterly,1.82,USD,pre-market,319500000,12581400000,0.113,1.369,0.001,59.4,2737400000,3817200000,1222500000,12800000,125.95,107.34,4.0,16303200000,4783100000,4642900000,10350500000,11520100000,5707600000,15902600000,5558200000,17.09,-6376100000,145.82,98.03
2025-12-28,KMB,5.91,19723999000.0,17.09,None,0.26,4.014,352000000,None,364000000,364000000,220000000,-359000000,565000000,None,-96000000,None,None,None,710800000,478140244,None,10827400000,10827400000,1354300000,None,None,2101900000,None,None,844500000,213000000,5.0,0.0495,357000000,357000000,None,-0.502,0.07,2310600000,3155100000,1.75,2020-03-31,13.16,2685600000,7031000000.0,5075200000,1968900000,438400000,2685600000,2685600000,None,190200000,None,1752100000,None,None,2594700000,None,None,660000000,None,None,None,0.167,704000000,2737400000,2566400000,565100000,2066100000,None,None,None,None,None,None,None,6.93,25.17,1.7,None,None,None,None,None,-214000000,None,0.0998,None,7494700000,2025-10-30,quarterly,1.82,USD,pre-market,319500000,12581400000,0.113,1.369,0.001,59.4,2737400000,3817200000,1222500000,12800000,125.95,107.34,4.0,16303200000,4783100000,4642900000,10350500000,11520100000,5707600000,15902600000,5558200000,17.09,-6376100000,145.82,98.03
2025-12-28,KMB,5.91,19723999000.0,17.09,None,0.26,4.014,342000000,None,364000000,364000000,-632000000,-275000000,26000000,9000000,24000000,None,None,None,710800000,478140244,None,10827400000,10827400000,1354300000,None,None,2101900000,None,None,844500000,217000000,5.0,0.0495,354000000,354000000,None,-0.502,0.07,2310600000,3155100000,1.75,2019-12-31,13.16,2685600000,7031000000.0,5075200000,1968900000,438400000,2685600000,2685600000,None,190200000,None,1752100000,None,None,2594700000,None,None,547000000,None,None,None,0.167,924000000,2737400000,2566400000,565100000,2066100000,None,None,None,None,None,None,None,6.93,25.17,1.7,None,None,None,None,None,-256000000,None,0.0998,None,7494700000,2025-10-30,quarterly,1.82,USD,pre-market,319500000,12581400000,0.113,1.369,0.001,59.4,2737400000,3817200000,1222500000,12800000,125.95,107.34,4.0,16303200000,4783100000,4642900000,10350500000,11520100000,5707600000,15902600000,5558200000,17.09,-6376100000,145.82,98.03
2025-12-28,KMB,5.91,19723999000.0,17.09,None,0.26,4.014,298000000,None,364000000,364000000,-747000000,-245000000,-118000000,-12000000,24000000,None,None,None,710800000,478140244,None,10827400000,10827400000,1354300000,None,None,2101900000,None,None,844500000,230000000,5.0,0.0495,354000000,354000000,None,-0.502,0.07,2310600000,3155100000,1.75,2019-09-30,13.16,2685600000,7031000000.0,5075200000,1968900000,438400000,2685600000,2685600000,None,190200000,None,1752100000,None,None,2594700000,None,None,671000000,None,None,None,0.167,886000000,2737400000,2566400000,565100000,2066100000,None,None,None,None,None,None,None,6.93,25.17,1.7,None,None,None,None,None,-214000000,None,0.0998,None,7494700000,2025-10-30,quarterly,1.82,USD,pre-market,319500000,12581400000,0.113,1.369,0.001,59.4,2737400000,3817200000,1222500000,12800000,125.95,107.34,4.0,16303200000,4783100000,4642900000,10350500000,11520100000,5707600000,15902600000,5558200000,17.09,-6376100000,145.82,98.03
2025-12-28,KMB,5.91,19723999000.0,17.09,None,0.26,4.014,253000000,None,364000000,364000000,-371000000,-198000000,43000000,3000000,24000000,None,None,None,710800000,478140244,None,10827400000,10827400000,1354300000,None,None,2101900000,None,None,844500000,236000000,5.0,0.0495,355000000,355000000,None,-0.502,0.07,2310600000,3155100000,1.75,2019-06-30,13.16,2685600000,7031000000.0,5075200000,1968900000,438400000,2685600000,2685600000,None,190200000,None,1752100000,None,None,2594700000,None,None,485000000,None,None,None,0.167,609000000,2737400000,2566400000,565100000,2066100000,None,None,None,None,None,None,None,6.93,25.17,1.7,None,None,None,None,None,-166000000,None,0.0998,None,7494700000,2025-10-30,quarterly,1.82,USD,pre-market,319500000,12581400000,0.113,1.369,0.001,59.4,2737400000,3817200000,1222500000,12800000,125.95,107.34,4.0,16303200000,4783100000,4642900000,10350500000,11520100000,5707600000,15902600000,5558200000,17.09,-6376100000,145.82,98.03
2025-12-28,KMB,5.91,19723999000.0,17.09,None,0.26,4.014,316000000,None,364000000,364000000,-42000000,-324000000,-48000000,1000000,24000000,None,None,None,710800000,478140244,None,10827400000,10827400000,1354300000,None,None,2101900000,None,None,844500000,234000000,5.0,0.0495,345000000,345000000,None,-0.502,0.07,2310600000,3155100000,1.75,2019-03-31,13.16,2685600000,7031000000.0,5075200000,1968900000,438400000,2685600000,2685600000,None,190200000,None,1752100000,None,None,2594700000,None,None,454000000,None,None,None,0.167,317000000,2737400000,2566400000,565100000,2066100000,None,None,None,None,None,None,None,6.93,25.17,1.7,None,None,None,None,None,-164000000,None,0.0998,None,7494700000,2025-10-30,quarterly,1.82,USD,pre-market,319500000,12581400000,0.113,1.369,0.001,59.4,2737400000,3817200000,1222500000,12800000,125.95,107.34,4.0,16303200000,4783100000,4642900000,10350500000,11520100000,5707600000,15902600000,5558200000,17.09,-6376100000,145.82,98.03
2025-12-28,KMB,5.91,19723999000.0,17.09,None,0.26,4.014,311000000,None,364000000,364000000,-632000000,-270000000,45000000,-2000000,-127000000,None,None,None,710800000,478140244,None,10827400000,10827400000,1354300000,None,None,2101900000,None,None,844500000,230000000,5.0,0.0495,347000000,347000000,None,-0.502,0.07,2310600000,3155100000,1.75,2018-12-31,13.16,2685600000,7031000000.0,5075200000,1968900000,438400000,2685600000,2685600000,None,190200000,None,1752100000,None,None,2594700000,None,None,411000000,None,None,None,0.167,949000000,2737400000,2566400000,565100000,2066100000,None,None,None,None,None,None,None,6.93,25.17,1.7,None,None,None,None,None,-204000000,None,0.0998,None,7494700000,2025-10-30,quarterly,1.82,USD,pre-market,319500000,12581400000,0.113,1.369,0.001,59.4,2737400000,3817200000,1222500000,12800000,125.95,107.34,4.0,16303200000,4783100000,4642900000,10350500000,11520100000,5707600000,15902600000,5558200000,17.09,-6376100000,145.82,98.03
2025-12-28,KMB,5.91,19723999000.0,17.09,None,0.26,4.014,219000000,None,364000000,364000000,-453000000,-220000000,10000000,-9000000,-127000000,None,None,None,710800000,478140244,None,10827400000,10827400000,1354300000,None,None,2101900000,None,None,844500000,217000000,5.0,0.0495,348000000,348000000,None,-0.502,0.07,2310600000,3155100000,1.75,2018-09-30,13.16,2685600000,7031000000.0,5075200000,1968900000,438400000,2685600000,2685600000,None,190200000,None,1752100000,None,None,2594700000,None,None,451000000,None,None,None,0.167,692000000,2737400000,2566400000,565100000,2066100000,None,None,None,None,None,None,None,6.93,25.17,1.7,None,None,None,None,None,-176000000,None,0.0998,None,7494700000,2025-10-30,quarterly,1.82,USD,pre-market,319500000,12581400000,0.113,1.369,0.001,59.4,2737400000,3817200000,1222500000,12800000,125.95,107.34,4.0,16303200000,4783100000,4642900000,10350500000,11520100000,5707600000,15902600000,5558200000,17.09,-6376100000,145.82,98.03
2025-12-28,KMB,5.91,19723999000.0,17.09,None,0.26,4.014,158000000,None,364000000,364000000,-747000000,-156000000,-142000000,-26000000,-127000000,None,None,None,710800000,478140244,None,10827400000,10827400000,1354300000,None,None,2101900000,None,None,844500000,224000000,5.0,0.0495,350000000,350000000,None,-0.502,0.07,2310600000,3155100000,1.75,2018-06-30,13.16,2685600000,7031000000.0,5075200000,1968900000,438400000,2685600000,2685600000,None,190200000,None,1752100000,None,None,2594700000,None,None,455000000,None,None,None,0.167,787000000,2737400000,2566400000,565100000,2066100000,None,None,None,None,None,None,None,6.93,25.17,1.7,None,None,None,None,None,-223000000,None,0.0998,None,7494700000,2025-10-30,quarterly,1.82,USD,pre-market,319500000,12581400000,0.113,1.369,0.001,59.4,2737400000,3817200000,1222500000,12800000,125.95,107.34,4.0,16303200000,4783100000,4642900000,10350500000,11520100000,5707600000,15902600000,5558200000,17.09,-6376100000,145.82,98.03
2025-12-28,KMB,5.91,19723999000.0,17.09,None,0.26,4.014,189000000,None,364000000,364000000,-283000000,-256000000,10000000,7000000,-127000000,None,None,None,710800000,478140244,None,10827400000,10827400000,1354300000,None,None,2101900000,None,None,844500000,211000000,5.0,0.0495,341000000,341000000,None,-0.502,0.07,2310600000,3155100000,1.75,2018-03-31,13.16,2685600000,7031000000.0,5075200000,1968900000,438400000,2685600000,2685600000,None,190200000,None,1752100000,None,None,2594700000,None,None,93000000,None,None,None,0.167,542000000,2737400000,2566400000,565100000,2066100000,None,None,None,None,None,None,None,6.93,25.17,1.7,None,None,None,None,None,-197000000,None,0.0998,None,7494700000,2025-10-30,quarterly,1.82,USD,pre-market,319500000,12581400000,0.113,1.369,0.001,59.4,2737400000,3817200000,1222500000,12800000,125.95,107.34,4.0,16303200000,4783100000,4642900000,10350500000,11520100000,5707600000,15902600000,5558200000,17.09,-6376100000,145.82,98.03
2025-12-28,KMB,5.91,19723999000.0,17.09,None,0.26,4.014,190000000,None,364000000,364000000,-741000000,-174000000,-39000000,13000000,-33000000,None,None,None,710800000,478140244,None,10827400000,10827400000,1354300000,None,None,2101900000,None,None,844500000,184000000,5.0,0.0495,342000000,342000000,None,-0.502,0.07,2310600000,3155100000,1.75,2017-12-31,13.16,2685600000,7031000000.0,5075200000,1968900000,438400000,2685600000,2685600000,None,190200000,None,1752100000,None,None,2594700000,None,None,617000000,None,None,None,0.167,863000000,2737400000,2566400000,565100000,2066100000,None,None,None,None,None,None,None,6.93,25.17,1.7,None,None,None,None,None,-107000000,None,0.0998,None,7494700000,2025-10-30,quarterly,1.82,USD,pre-market,319500000,12581400000,0.113,1.369,0.001,59.4,2737400000,3817200000,1222500000,12800000,125.95,107.34,4.0,16303200000,4783100000,4642900000,10350500000,11520100000,5707600000,15902600000,5558200000,17.09,-6376100000,145.82,98.03
2025-12-28,KMB,5.91,19723999000.0,17.09,None,0.26,4.014,209000000,None,364000000,364000000,-916000000,-290000000,-396000000,5000000,0,None,None,None,710800000,478140244,None,10827400000,10827400000,1354300000,None,None,2101900000,None,None,844500000,182000000,5.0,0.0495,343000000,343000000,None,-0.502,0.07,2310600000,3155100000,1.75,2017-09-30,13.16,2685600000,7031000000.0,5075200000,1968900000,438400000,2685600000,2685600000,None,190200000,None,1752100000,None,None,2594700000,None,None,567000000,None,None,None,0.167,805000000,2737400000,2566400000,565100000,2066100000,None,None,None,None,None,None,None,6.93,25.17,1.7,None,None,None,None,None,-207000000,None,0.0998,None,7494700000,2025-10-30,quarterly,1.82,USD,pre-market,319500000,12581400000,0.113,1.369,0.001,59.4,2737400000,3817200000,1222500000,12800000,125.95,107.34,4.0,16303200000,4783100000,4642900000,10350500000,11520100000,5707600000,15902600000,5558200000,17.09,-6376100000,145.82,98.03
2025-12-28,KMB,5.91,19723999000.0,17.09,None,0.26,4.014,171000000,None,364000000,364000000,-397000000,-209000000,216000000,-3000000,0,None,None,None,710800000,478140244,None,10827400000,10827400000,1354300000,None,None,2101900000,None,None,844500000,180000000,5.0,0.0495,345000000,345000000,None,-0.502,0.07,2310600000,3155100000,1.75,2017-06-30,13.16,2685600000,7031000000.0,5075200000,1968900000,438400000,2685600000,2685600000,None,190200000,None,1752100000,None,None,2594700000,None,None,531000000,None,None,None,0.167,825000000,2737400000,2566400000,565100000,2066100000,None,None,None,None,None,None,None,6.93,25.17,1.7,None,None,None,None,None,-302000000,None,0.0998,None,7494700000,2025-10-30,quarterly,1.82,USD,pre-market,319500000,12581400000,0.113,1.369,0.001,59.4,2737400000,3817200000,1222500000,12800000,125.95,107.34,4.0,16303200000,4783100000,4642900000,10350500000,11520100000,5707600000,15902600000,5558200000,17.09,-6376100000,145.82,98.03
2025-12-28,KMB,5.91,19723999000.0,17.09,None,0.26,4.014,215000000,None,364000000,364000000,-367000000,-178000000,-88000000,21000000,0,None,None,None,710800000,478140244,None,10827400000,10827400000,1354300000,None,None,2101900000,None,None,844500000,178000000,5.0,0.0495,329000000,329000000,None,-0.502,0.07,2310600000,3155100000,1.75,2017-03-31,13.16,2685600000,7031000000.0,5075200000,1968900000,438400000,2685600000,2685600000,None,190200000,None,1752100000,None,None,2594700000,None,None,563000000,None,None,None,0.167,436000000,2737400000,2566400000,565100000,2066100000,None,None,None,None,None,None,None,6.93,25.17,1.7,None,None,None,None,None,-295000000,None,0.0998,None,7494700000,2025-10-30,quarterly,1.82,USD,pre-market,319500000,12581400000,0.113,1.369,0.001,59.4,2737400000,3817200000,1222500000,12800000,125.95,107.34,4.0,16303200000,4783100000,4642900000,10350500000,11520100000,5707600000,15902600000,5558200000,17.09,-6376100000,145.82,98.03
2025-12-28,KMB,5.91,19723999000.0,17.09,None,0.26,4.014,189000000,None,364000000,364000000,-648000000,-156000000,39000000,-28000000,230000000,None,None,None,710800000,478140244,None,10827400000,10827400000,1354300000,None,None,2101900000,None,None,844500000,177000000,5.0,0.0495,330000000,330000000,None,-0.502,0.07,2310600000,3155100000,1.75,2016-12-31,13.16,2685600000,7031000000.0,5075200000,1968900000,438400000,2685600000,2685600000,None,190200000,None,1752100000,None,None,2594700000,None,None,505000000,None,None,None,0.167,871000000,2737400000,2566400000,565100000,2066100000,None,None,None,None,None,None,None,6.93,25.17,1.7,None,None,None,None,None,-227000000,None,0.0998,None,7494700000,2025-10-30,quarterly,1.82,USD,pre-market,319500000,12581400000,0.113,1.369,0.001,59.4,2737400000,3817200000,1222500000,12800000,125.95,107.34,4.0,16303200000,4783100000,4642900000,10350500000,11520100000,5707600000,15902600000,5558200000,17.09,-6376100000,145.82,98.03
2025-12-28,KMB,5.91,19723999000.0,17.09,None,0.26,4.014,185000000,None,364000000,364000000,-534000000,-192000000,228000000,6000000,0,None,None,None,710800000,478140244,None,10827400000,10827400000,1354300000,None,None,2101900000,None,None,844500000,179000000,5.0,0.0495,331000000,331000000,None,-0.502,0.07,2310600000,3155100000,1.75,2016-09-30,13.16,2685600000,7031000000.0,5075200000,1968900000,438400000,2685600000,2685600000,None,190200000,None,1752100000,None,None,2594700000,None,None,550000000,None,None,None,0.167,948000000,2737400000,2566400000,565100000,2066100000,None,None,None,None,None,None,None,6.93,25.17,1.7,None,None,None,None,None,-219000000,None,0.0998,None,7494700000,2025-10-30,quarterly,1.82,USD,pre-market,319500000,12581400000,0.113,1.369,0.001,59.4,2737400000,3817200000,1222500000,12800000,125.95,107.34,4.0,16303200000,4783100000,4642900000,10350500000,11520100000,5707600000,15902600000,5558200000,17.09,-6376100000,145.82,98.03
2025-12-28,KMB,5.91,19723999000.0,17.09,None,0.26,4.014,177000000,None,364000000,364000000,-688000000,-155000000,21000000,4000000,0,None,None,None,710800000,478140244,None,10827400000,10827400000,1354300000,None,None,2101900000,None,None,844500000,177000000,5.0,0.0495,332000000,332000000,None,-0.502,0.07,2310600000,3155100000,1.75,2016-06-30,13.16,2685600000,7031000000.0,5075200000,1968900000,438400000,2685600000,2685600000,None,190200000,None,1752100000,None,None,2594700000,None,None,566000000,None,None,None,0.167,860000000,2737400000,2566400000,565100000,2066100000,None,None,None,None,None,None,None,6.93,25.17,1.7,None,None,None,None,None,-153000000,None,0.0998,None,7494700000,2025-10-30,quarterly,1.82,USD,pre-market,319500000,12581400000,0.113,1.369,0.001,59.4,2737400000,3817200000,1222500000,12800000,125.95,107.34,4.0,16303200000,4783100000,4642900000,10350500000,11520100000,5707600000,15902600000,5558200000,17.09,-6376100000,145.82,98.03
2025-12-28,KMB,5.91,19723999000.0,17.09,None,0.26,4.014,220000000,None,364000000,364000000,-315000000,-229000000,16000000,7000000,0,None,None,None,710800000,478140244,None,10827400000,10827400000,1354300000,None,None,2101900000,None,None,844500000,172000000,5.0,0.0495,318000000,318000000,None,-0.502,0.07,2310600000,3155100000,1.75,2016-03-31,13.16,2685600000,7031000000.0,5075200000,1968900000,438400000,2685600000,2685600000,None,190200000,None,1752100000,None,None,2594700000,None,None,545000000,None,None,None,0.167,553000000,2737400000,2566400000,565100000,2066100000,None,None,None,None,None,None,None,6.93,25.17,1.7,None,None,None,None,None,-140000000,None,0.0998,None,7494700000,2025-10-30,quarterly,1.82,USD,pre-market,319500000,12581400000,0.113,1.369,0.001,59.4,2737400000,3817200000,1222500000,12800000,125.95,107.34,4.0,16303200000,4783100000,4642900000,10350500000,11520100000,5707600000,15902600000,5558200000,17.09,-6376100000,145.82,98.03
2025-12-28,KMB,5.91,19723999000.0,17.09,None,0.26,4.014,258000000,None,364000000,364000000,-439000000,-227000000,None,None,-28000000,None,None,None,710800000,478140244,None,10827400000,10827400000,1354300000,None,None,2101900000,None,None,844500000,181000000,5.0,0.0495,320000000,320000000,None,-0.502,0.07,2310600000,3155100000,1.75,2015-12-31,13.16,2685600000,7031000000.0,5075200000,1968900000,438400000,2685600000,2685600000,None,190200000,None,1752100000,None,None,2594700000,None,None,333000000,None,None,None,0.167,665000000,2737400000,2566400000,565100000,2066100000,None,None,None,None,None,None,None,6.93,25.17,1.7,None,None,None,None,None,-358000000,None,0.0998,None,7494700000,2025-10-30,quarterly,1.82,USD,pre-market,319500000,12581400000,0.113,1.369,0.001,59.4,2737400000,3817200000,1222500000,12800000,125.95,107.34,4.0,16303200000,4783100000,4642900000,10350500000,11520100000,5707600000,15902600000,5558200000,17.09,-6376100000,145.82,98.03
2025-12-28,KMB,5.91,19723999000.0,17.09,None,0.26,4.014,271000000,None,364000000,364000000,-455000000,-297000000,None,None,0,None,None,None,710800000,478140244,None,10827400000,10827400000,1354300000,None,None,2101900000,None,None,844500000,182000000,5.0,0.0495,321000000,321000000,None,-0.502,0.07,2310600000,3155100000,1.75,2015-09-30,13.16,2685600000,7031000000.0,5075200000,1968900000,438400000,2685600000,2685600000,None,190200000,None,1752100000,None,None,2594700000,None,None,517000000,None,None,None,0.167,849000000,2737400000,2566400000,565100000,2066100000,None,None,None,None,None,None,None,6.93,25.17,1.7,None,None,None,None,None,-145000000,None,0.0998,None,7494700000,2025-10-30,quarterly,1.82,USD,pre-market,319500000,12581400000,0.113,1.369,0.001,59.4,2737400000,3817200000,1222500000,12800000,125.95,107.34,4.0,16303200000,4783100000,4642900000,10350500000,11520100000,5707600000,15902600000,5558200000,17.09,-6376100000,145.82,98.03
2025-12-28,KMB,5.91,19723999000.0,17.09,None,0.26,4.014,243000000,None,364000000,364000000,-508000000,-245000000,None,None,0,None,None,None,710800000,478140244,None,10827400000,10827400000,1354300000,None,None,2101900000,None,None,844500000,189000000,5.0,0.0495,321000000,321000000,None,-0.502,0.07,2310600000,3155100000,1.75,2015-06-30,13.16,2685600000,7031000000.0,5075200000,1968900000,438400000,2685600000,2685600000,None,190200000,None,1752100000,None,None,2594700000,None,None,-305000000,None,None,None,0.167,772000000,2737400000,2566400000,565100000,2066100000,None,None,None,None,None,None,None,6.93,25.17,1.7,None,None,None,None,None,-110000000,None,0.0998,None,7494700000,2025-10-30,quarterly,1.82,USD,pre-market,319500000,12581400000,0.113,1.369,0.001,59.4,2737400000,3817200000,1222500000,12800000,125.95,107.34,4.0,16303200000,4783100000,4642900000,10350500000,11520100000,5707600000,15902600000,5558200000,17.09,-6376100000,145.82,98.03
2025-12-28,KMB,5.91,19723999000.0,17.09,None,0.26,4.014,284000000,None,364000000,364000000,104000000,-281000000,None,None,0,None,None,None,710800000,478140244,None,10827400000,10827400000,1354300000,None,None,2101900000,None,None,844500000,194000000,5.0,0.0495,310000000,310000000,None,-0.502,0.07,2310600000,3155100000,1.75,2015-03-31,13.16,2685600000,7031000000.0,5075200000,1968900000,438400000,2685600000,2685600000,None,190200000,None,1752100000,None,None,2594700000,None,None,468000000,None,None,None,0.167,20000000,2737400000,2566400000,565100000,2066100000,None,None,None,None,None,None,None,6.93,25.17,1.7,None,None,None,None,None,-248000000,None,0.0998,None,7494700000,2025-10-30,quarterly,1.82,USD,pre-market,319500000,12581400000,0.113,1.369,0.001,59.4,2737400000,3817200000,1222500000,12800000,125.95,107.34,4.0,16303200000,4783100000,4642900000,10350500000,11520100000,5707600000,15902600000,5558200000,17.09,-6376100000,145.82,98.03
2025-12-28,KMB,5.91,19723999000.0,17.09,None,0.26,4.014,309000000,None,364000000,364000000,-570000000,-245000000,-642000000,-417000000,12000000,None,None,None,710800000,478140244,None,10827400000,10827400000,1354300000,None,None,2101900000,None,None,844500000,207000000,5.0,0.0495,314000000,314000000,None,-0.502,0.07,2310600000,3155100000,1.75,2014-12-31,13.16,2685600000,7031000000.0,5075200000,1968900000,438400000,2685600000,2685600000,None,190200000,None,1752100000,None,None,2594700000,None,None,-83000000,None,None,None,0.167,590000000,2737400000,2566400000,565100000,2066100000,None,None,None,None,None,None,None,6.93,25.17,1.7,None,None,None,None,None,-817000000,None,0.0998,None,7494700000,2025-10-30,quarterly,1.82,USD,pre-market,319500000,12581400000,0.113,1.369,0.001,59.4,2737400000,3817200000,1222500000,12800000,125.95,107.34,4.0,16303200000,4783100000,4642900000,10350500000,11520100000,5707600000,15902600000,5558200000,17.09,-6376100000,145.82,98.03
2025-12-28,KMB,5.91,19723999000.0,17.09,None,0.26,4.014,291000000,None,364000000,364000000,-642000000,-244000000,62000000,-28000000,0,None,None,None,710800000,478140244,None,10827400000,10827400000,1354300000,None,None,2101900000,None,None,844500000,220000000,5.0,0.0495,315000000,315000000,None,-0.502,0.07,2310600000,3155100000,1.75,2014-09-30,13.16,2685600000,7031000000.0,5075200000,1968900000,438400000,2685600000,2685600000,None,190200000,None,1752100000,None,None,2594700000,None,None,562000000,None,None,None,0.167,976000000,2737400000,2566400000,565100000,2066100000,None,None,None,None,None,None,None,6.93,25.17,1.7,None,None,None,None,None,-205000000,None,0.0998,None,7494700000,2025-10-30,quarterly,1.82,USD,pre-market,319500000,12581400000,0.113,1.369,0.001,59.4,2737400000,3817200000,1222500000,12800000,125.95,107.34,4.0,16303200000,4783100000,4642900000,10350500000,11520100000,5707600000,15902600000,5558200000,17.09,-6376100000,145.82,98.03
2025-12-28,KMB,5.91,19723999000.0,17.09,None,0.26,4.014,181000000,None,364000000,364000000,-501000000,-147000000,204000000,10000000,0,None,None,None,710800000,478140244,None,10827400000,10827400000,1354300000,None,None,2101900000,None,None,844500000,217000000,5.0,0.0495,318000000,318000000,None,-0.502,0.07,2310600000,3155100000,1.75,2014-06-30,13.16,2685600000,7031000000.0,5075200000,1968900000,438400000,2685600000,2685600000,None,190200000,None,1752100000,None,None,2594700000,None,None,509000000,None,None,None,0.167,842000000,2737400000,2566400000,565100000,2066100000,None,None,None,None,None,None,None,6.93,25.17,1.7,None,None,None,None,None,-476000000,None,0.0998,None,7494700000,2025-10-30,quarterly,1.82,USD,pre-market,319500000,12581400000,0.113,1.369,0.001,59.4,2737400000,3817200000,1222500000,12800000,125.95,107.34,4.0,16303200000,4783100000,4642900000,10350500000,11520100000,5707600000,15902600000,5558200000,17.09,-6376100000,145.82,98.03
2025-12-28,KMB,5.91,19723999000.0,17.09,None,0.26,4.014,258000000,None,364000000,364000000,-180000000,-134000000,111000000,-12000000,0,None,None,None,710800000,478140244,None,10827400000,10827400000,1354300000,None,None,2101900000,None,None,844500000,218000000,5.0,0.0495,309000000,309000000,None,-0.502,0.07,2310600000,3155100000,1.75,2014-03-31,13.16,2685600000,7031000000.0,5075200000,1968900000,438400000,2685600000,2685600000,None,190200000,None,1752100000,None,None,2594700000,None,None,538000000,None,None,None,0.167,437000000,2737400000,2566400000,565100000,2066100000,None,None,None,None,None,None,None,6.93,25.17,1.7,None,None,None,None,None,-441000000,None,0.0998,None,7494700000,2025-10-30,quarterly,1.82,USD,pre-market,319500000,12581400000,0.113,1.369,0.001,59.4,2737400000,3817200000,1222500000,12800000,125.95,107.34,4.0,16303200000,4783100000,4642900000,10350500000,11520100000,5707600000,15902600000,5558200000,17.09,-6376100000,145.82,98.03
2025-12-28,KMB,5.91,19723999000.0,17.09,None,0.26,4.014,256000000,None,364000000,364000000,-832000000,-254000000,-125000000,16000000,100000000,None,None,None,710800000,478140244,None,10827400000,10827400000,1354300000,None,None,2101900000,None,None,844500000,222000000,5.0,0.0495,310000000,310000000,None,-0.502,0.07,2310600000,3155100000,1.75,2013-12-31,13.16,2685600000,7031000000.0,5075200000,1968900000,438400000,2685600000,2685600000,None,190200000,None,1752100000,None,None,2594700000,None,None,539000000,None,None,None,0.167,945000000,2737400000,2566400000,565100000,2066100000,None,None,None,None,None,None,None,6.93,25.17,1.7,None,None,None,None,None,-257000000,None,0.0998,None,7494700000,2025-10-30,quarterly,1.82,USD,pre-market,319500000,12581400000,0.113,1.369,0.001,59.4,2737400000,3817200000,1222500000,12800000,125.95,107.34,4.0,16303200000,4783100000,4642900000,10350500000,11520100000,5707600000,15902600000,5558200000,17.09,-6376100000,145.82,98.03
2025-12-28,KMB,5.91,19723999000.0,17.09,None,0.26,4.014,203000000,None,364000000,364000000,-676000000,-199000000,19000000,-18000000,0,None,None,None,710800000,478140244,None,10827400000,10827400000,1354300000,None,None,2101900000,None,None,844500000,208000000,5.0,0.0495,311000000,311000000,None,-0.502,0.07,2310600000,3155100000,1.75,2013-09-30,13.16,2685600000,7031000000.0,5075200000,1968900000,438400000,2685600000,2685600000,None,190200000,None,1752100000,None,None,2594700000,None,None,546000000,None,None,None,0.167,912000000,2737400000,2566400000,565100000,2066100000,None,None,None,None,None,None,None,6.93,25.17,1.7,None,None,None,None,None,-165000000,None,0.0998,None,7494700000,2025-10-30,quarterly,1.82,USD,pre-market,319500000,12581400000,0.113,1.369,0.001,59.4,2737400000,3817200000,1222500000,12800000,125.95,107.34,4.0,16303200000,4783100000,4642900000,10350500000,11520100000,5707600000,15902600000,5558200000,17.09,-6376100000,145.82,98.03
2025-12-28,KMB,5.91,19723999000.0,17.09,None,0.26,4.014,220000000,None,364000000,364000000,-291000000,-212000000,51000000,-22000000,0,None,None,None,710800000,478140244,None,10827400000,10827400000,1354300000,None,None,2101900000,None,None,844500000,212000000,5.0,0.0495,313000000,313000000,None,-0.502,0.07,2310600000,3155100000,1.75,2013-06-30,13.16,2685600000,7031000000.0,5075200000,1968900000,438400000,2685600000,2685600000,None,190200000,None,1752100000,None,None,2594700000,None,None,526000000,None,None,None,0.167,576000000,2737400000,2566400000,565100000,2066100000,None,None,None,None,None,None,None,6.93,25.17,1.7,None,None,None,None,None,-308000000,None,0.0998,None,7494700000,2025-10-30,quarterly,1.82,USD,pre-market,319500000,12581400000,0.113,1.369,0.001,59.4,2737400000,3817200000,1222500000,12800000,125.95,107.34,4.0,16303200000,4783100000,4642900000,10350500000,11520100000,5707600000,15902600000,5558200000,17.09,-6376100000,145.82,98.03
2025-12-28,KMB,5.91,19723999000.0,17.09,None,0.26,4.014,274000000,None,364000000,364000000,-386000000,-179000000,3000000,-39000000,None,None,None,None,710800000,478140244,None,10827400000,10827400000,1354300000,None,None,2101900000,None,None,844500000,221000000,5.0,0.0495,289000000,289000000,None,-0.502,0.07,2310600000,3155100000,1.75,2013-03-31,13.16,2685600000,7031000000.0,5075200000,1968900000,438400000,2685600000,2685600000,None,190200000,None,1752100000,None,None,2594700000,None,None,531000000,None,None,None,0.167,607000000,2737400000,2566400000,565100000,2066100000,None,None,None,None,None,None,None,6.93,25.17,1.7,None,None,None,None,None,-486000000,None,0.0998,None,7494700000,2025-10-30,quarterly,1.82,USD,pre-market,319500000,12581400000,0.113,1.369,0.001,59.4,2737400000,3817200000,1222500000,12800000,125.95,107.34,4.0,16303200000,4783100000,4642900000,10350500000,11520100000,5707600000,15902600000,5558200000,17.09,-6376100000,145.82,98.03
2025-12-28,KMB,5.91,19723999000.0,17.09,None,0.26,4.014,330000000,None,364000000,364000000,-816000000,-455000000,None,None,9000000,None,None,None,710800000,478140244,None,10827400000,10827400000,1354300000,None,None,2101900000,None,None,844500000,215000000,5.0,0.0495,292000000,292000000,None,-0.502,0.07,2310600000,3155100000,1.75,2012-12-31,13.16,2685600000,7031000000.0,5075200000,1968900000,438400000,2685600000,2685600000,None,190200000,None,1752100000,None,None,2594700000,None,None,267000000,None,None,None,0.167,1119000000,2737400000,2566400000,565100000,2066100000,None,None,None,None,None,None,None,6.93,25.17,1.7,None,None,None,None,None,-322000000,None,0.0998,None,7494700000,2025-10-30,quarterly,1.82,USD,pre-market,319500000,12581400000,0.113,1.369,0.001,59.4,2737400000,3817200000,1222500000,12800000,125.95,107.34,4.0,16303200000,4783100000,4642900000,10350500000,11520100000,5707600000,15902600000,5558200000,17.09,-6376100000,145.82,98.03
2025-12-28,KMB,5.91,19723999000.0,17.09,None,0.26,4.014,277000000,None,364000000,364000000,-348000000,-257000000,None,None,0,None,None,None,710800000,478140244,None,10827400000,10827400000,1354300000,None,None,2101900000,None,None,844500000,210000000,5.0,0.0495,292000000,292000000,None,-0.502,0.07,2310600000,3155100000,1.75,2012-09-30,13.16,2685600000,7031000000.0,5075200000,1968900000,438400000,2685600000,2685600000,None,190200000,None,1752100000,None,None,2594700000,None,None,517000000,None,None,None,0.167,844000000,2737400000,2566400000,565100000,2066100000,None,None,None,None,None,None,None,6.93,25.17,1.7,None,None,None,None,None,-311000000,None,0.0998,None,7494700000,2025-10-30,quarterly,1.82,USD,pre-market,319500000,12581400000,0.113,1.369,0.001,59.4,2737400000,3817200000,1222500000,12800000,125.95,107.34,4.0,16303200000,4783100000,4642900000,10350500000,11520100000,5707600000,15902600000,5558200000,17.09,-6376100000,145.82,98.03
2025-12-28,KMB,5.91,19723999000.0,17.09,None,0.26,4.014,227000000,None,364000000,364000000,-303000000,-221000000,None,None,0,None,None,None,710800000,478140244,None,10827400000,10827400000,1354300000,None,None,2101900000,None,None,844500000,214000000,5.0,0.0495,290000000,290000000,None,-0.502,0.07,2310600000,3155100000,1.75,2012-06-30,13.16,2685600000,7031000000.0,5075200000,1968900000,438400000,2685600000,2685600000,None,190200000,None,1752100000,None,None,2594700000,None,None,498000000,None,None,None,0.167,740000000,2737400000,2566400000,565100000,2066100000,None,None,None,None,None,None,None,6.93,25.17,1.7,None,None,None,None,None,-213000000,None,0.0998,None,7494700000,2025-10-30,quarterly,1.82,USD,pre-market,319500000,12581400000,0.113,1.369,0.001,59.4,2737400000,3817200000,1222500000,12800000,125.95,107.34,4.0,16303200000,4783100000,4642900000,10350500000,11520100000,5707600000,15902600000,5558200000,17.09,-6376100000,145.82,98.03
2025-12-28,KMB,5.91,19723999000.0,17.09,None,0.26,4.014,259000000,None,364000000,364000000,-335000000,-251000000,None,None,0,None,None,None,710800000,478140244,None,10827400000,10827400000,1354300000,None,None,2101900000,None,None,844500000,218000000,5.0,0.0495,277000000,277000000,None,-0.502,0.07,2310600000,3155100000,1.75,2012-03-31,13.16,2685600000,7031000000.0,5075200000,1968900000,438400000,2685600000,2685600000,None,190200000,None,1752100000,None,None,2594700000,None,None,468000000,None,None,None,0.167,585000000,2737400000,2566400000,565100000,2066100000,None,None,None,None,None,None,None,6.93,25.17,1.7,None,None,None,None,None,-438000000,None,0.0998,None,7494700000,2025-10-30,quarterly,1.82,USD,pre-market,319500000,12581400000,0.113,1.369,0.001,59.4,2737400000,3817200000,1222500000,12800000,125.95,107.34,4.0,16303200000,4783100000,4642900000,10350500000,11520100000,5707600000,15902600000,5558200000,17.09,-6376100000,145.82,98.03
2025-12-28,KMB,5.91,19723999000.0,17.09,None,0.26,4.014,312000000,None,364000000,364000000,-710000000,-286000000,None,None,9000000,None,None,None,710800000,478140244,None,10827400000,10827400000,1354300000,None,None,2101900000,None,None,844500000,270000000,5.0,0.0495,275000000,275000000,None,-0.502,0.07,2310600000,3155100000,1.75,2011-12-31,13.16,2685600000,7031000000.0,5075200000,1968900000,438400000,2685600000,2685600000,None,190200000,None,1752100000,None,None,2594700000,None,None,401000000,None,None,None,0.167,517000000,2737400000,2566400000,565100000,2066100000,None,None,None,None,None,None,None,6.93,25.17,1.7,None,None,None,None,None,-17000000,None,0.0998,None,7494700000,2025-10-30,quarterly,1.82,USD,pre-market,319500000,12581400000,0.113,1.369,0.001,59.4,2737400000,3817200000,1222500000,12800000,125.95,107.34,4.0,16303200000,4783100000,4642900000,10350500000,11520100000,5707600000,15902600000,5558200000,17.09,-6376100000,145.82,98.03
2025-12-28,KMB,5.91,19723999000.0,17.09,None,0.26,4.014,221000000,None,364000000,364000000,-438000000,37000000,324000000,-25000000,0,None,None,None,710800000,478140244,None,10827400000,10827400000,1354300000,None,None,2101900000,None,None,844500000,291000000,5.0,0.0495,275000000,275000000,None,-0.502,0.07,2310600000,3155100000,1.75,2011-09-30,13.16,2685600000,7031000000.0,5075200000,1968900000,438400000,2685600000,2685600000,None,190200000,None,1752100000,None,None,2594700000,None,None,432000000,None,None,None,0.167,750000000,2737400000,2566400000,565100000,2066100000,None,None,None,None,None,None,None,6.93,25.17,1.7,None,None,None,None,None,-53000000,None,0.0998,None,7494700000,2025-10-30,quarterly,1.82,USD,pre-market,319500000,12581400000,0.113,1.369,0.001,59.4,2737400000,3817200000,1222500000,12800000,125.95,107.34,4.0,16303200000,4783100000,4642900000,10350500000,11520100000,5707600000,15902600000,5558200000,17.09,-6376100000,145.82,98.03
2025-12-28,KMB,5.91,19723999000.0,17.09,None,0.26,4.014,201000000,None,364000000,364000000,-261000000,-214000000,323000000,27000000,0,None,None,None,710800000,478140244,None,10827400000,10827400000,1354300000,None,None,2101900000,None,None,844500000,287000000,5.0,0.0495,280000000,280000000,None,-0.502,0.07,2310600000,3155100000,1.75,2011-06-30,13.16,2685600000,7031000000.0,5075200000,1968900000,438400000,2685600000,2685600000,None,190200000,None,1752100000,None,None,2594700000,None,None,408000000,None,None,None,0.167,771000000,2737400000,2566400000,565100000,2066100000,None,None,None,None,None,None,None,6.93,25.17,1.7,None,None,None,None,None,-407000000,None,0.0998,None,7494700000,2025-10-30,quarterly,1.82,USD,pre-market,319500000,12581400000,0.113,1.369,0.001,59.4,2737400000,3817200000,1222500000,12800000,125.95,107.34,4.0,16303200000,4783100000,4642900000,10350500000,11520100000,5707600000,15902600000,5558200000,17.09,-6376100000,145.82,98.03
2025-12-28,KMB,5.91,19723999000.0,17.09,None,0.26,4.014,234000000,None,364000000,364000000,-332000000,-218000000,-291000000,9000000,0,None,None,None,710800000,478140244,None,10827400000,10827400000,1354300000,None,None,2101900000,None,None,844500000,243000000,5.0,0.0495,269000000,269000000,None,-0.502,0.07,2310600000,3155100000,1.75,2011-03-31,13.16,2685600000,7031000000.0,5075200000,1968900000,438400000,2685600000,2685600000,None,190200000,None,1752100000,None,None,2594700000,None,None,350000000,None,None,None,0.167,250000000,2737400000,2566400000,565100000,2066100000,None,None,None,None,None,None,None,6.93,25.17,1.7,None,None,None,None,None,-826000000,None,0.0998,None,7494700000,2025-10-30,quarterly,1.82,USD,pre-market,319500000,12581400000,0.113,1.369,0.001,59.4,2737400000,3817200000,1222500000,12800000,125.95,107.34,4.0,16303200000,4783100000,4642900000,10350500000,11520100000,5707600000,15902600000,5558200000,17.09,-6376100000,145.82,98.03
2025-12-28,KMB,5.91,19723999000.0,17.09,None,0.26,4.014,353000000,None,364000000,364000000,-353000000,-269000000,None,None,-341000000,None,None,None,710800000,478140244,None,10827400000,10827400000,1354300000,None,None,2101900000,None,None,844500000,206000000,5.0,0.0495,270000000,270000000,None,-0.502,0.07,2310600000,3155100000,1.75,2010-12-31,13.16,2685600000,7031000000.0,5075200000,1968900000,438400000,2685600000,2685600000,None,190200000,None,1752100000,None,None,2594700000,None,None,492000000,None,None,None,0.167,948000000,2737400000,2566400000,565100000,2066100000,None,None,None,None,None,None,None,6.93,25.17,1.7,None,None,None,None,None,-122000000,None,0.0998,None,7494700000,2025-10-30,quarterly,1.82,USD,pre-market,319500000,12581400000,0.113,1.369,0.001,59.4,2737400000,3817200000,1222500000,12800000,125.95,107.34,4.0,16303200000,4783100000,4642900000,10350500000,11520100000,5707600000,15902600000,5558200000,17.09,-6376100000,145.82,98.03
2025-12-28,KMB,5.91,19723999000.0,17.09,None,0.26,4.014,248000000,None,364000000,364000000,-594000000,-223000000,None,None,0,None,None,None,710800000,478140244,None,10827400000,10827400000,1354300000,None,None,2101900000,None,None,844500000,205000000,5.0,0.0495,271000000,271000000,None,-0.502,0.07,2310600000,3155100000,1.75,2010-09-30,13.16,2685600000,7031000000.0,5075200000,1968900000,438400000,2685600000,2685600000,None,190200000,None,1752100000,None,None,2594700000,None,None,469000000,None,None,None,0.167,745000000,2737400000,2566400000,565100000,2066100000,None,None,None,None,None,None,None,6.93,25.17,1.7,None,None,None,None,None,-222000000,None,0.0998,None,7494700000,2025-10-30,quarterly,1.82,USD,pre-market,319500000,12581400000,0.113,1.369,0.001,59.4,2737400000,3817200000,1222500000,12800000,125.95,107.34,4.0,16303200000,4783100000,4642900000,10350500000,11520100000,5707600000,15902600000,5558200000,17.09,-6376100000,145.82,98.03
2025-12-28,KMB,5.91,19723999000.0,17.09,None,0.26,4.014,179000000,None,364000000,364000000,1329000000,-170000000,None,None,0,None,None,None,710800000,478140244,None,10827400000,10827400000,1354300000,None,None,2101900000,None,None,844500000,209000000,5.0,0.0495,275000000,275000000,None,-0.502,0.07,2310600000,3155100000,1.75,2010-06-30,13.16,2685600000,7031000000.0,5075200000,1968900000,438400000,2685600000,2685600000,None,190200000,None,1752100000,None,None,2594700000,None,None,498000000,None,None,None,0.167,587000000,2737400000,2566400000,565100000,2066100000,None,None,None,None,None,None,None,6.93,25.17,1.7,None,None,None,None,None,-359000000,None,0.0998,None,7494700000,2025-10-30,quarterly,1.82,USD,pre-market,319500000,12581400000,0.113,1.369,0.001,59.4,2737400000,3817200000,1222500000,12800000,125.95,107.34,4.0,16303200000,4783100000,4642900000,10350500000,11520100000,5707600000,15902600000,5558200000,17.09,-6376100000,145.82,98.03
2025-12-28,KMB,5.91,19723999000.0,17.09,None,0.26,4.014,184000000,None,364000000,364000000,-417000000,-119000000,None,None,0,None,None,None,710800000,478140244,None,10827400000,10827400000,1354300000,None,None,2101900000,None,None,844500000,193000000,5.0,0.0495,250000000,250000000,None,-0.502,0.07,2310600000,3155100000,1.75,2010-03-31,13.16,2685600000,7031000000.0,5075200000,1968900000,438400000,2685600000,2685600000,None,190200000,None,1752100000,None,None,2594700000,None,None,384000000,None,None,None,0.167,464000000,2737400000,2566400000,565100000,2066100000,None,None,None,None,None,None,None,6.93,25.17,1.7,None,None,None,None,None,-154000000,None,0.0998,None,7494700000,2025-10-30,quarterly,1.82,USD,pre-market,319500000,12581400000,0.113,1.369,0.001,59.4,2737400000,3817200000,1222500000,12800000,125.95,107.34,4.0,16303200000,4783100000,4642900000,10350500000,11520100000,5707600000,15902600000,5558200000,17.09,-6376100000,145.82,98.03
2025-12-28,KMB,5.91,19723999000.0,17.09,None,0.26,4.014,285000000,None,364000000,364000000,-419000000,-540000000,None,None,523000000,None,None,None,710800000,478140244,None,10827400000,10827400000,1354300000,None,None,2101900000,None,None,844500000,220000000,5.0,0.0495,249000000,249000000,None,-0.502,0.07,2310600000,3155100000,1.75,2009-12-31,13.16,2685600000,7031000000.0,5075200000,1968900000,438400000,2685600000,2685600000,None,190200000,None,1752100000,None,None,2594700000,None,None,492000000,None,None,None,0.167,1001000000,2737400000,2566400000,565100000,2066100000,None,None,None,None,None,None,None,6.93,25.17,1.7,None,None,None,None,None,-29000000,None,0.0998,None,7494700000,2025-10-30,quarterly,1.82,USD,pre-market,319500000,12581400000,0.113,1.369,0.001,59.4,2737400000,3817200000,1222500000,12800000,125.95,107.34,4.0,16303200000,4783100000,4642900000,10350500000,11520100000,5707600000,15902600000,5558200000,17.09,-6376100000,145.82,98.03
2025-12-28,KMB,5.91,19723999000.0,17.09,None,0.26,4.014,167000000,None,364000000,364000000,-480000000,-152000000,None,None,None,None,None,None,710800000,478140244,None,10827400000,10827400000,1354300000,None,None,2101900000,None,None,844500000,196000000,5.0,0.0495,249000000,249000000,None,-0.502,0.07,2310600000,3155100000,1.75,2009-09-30,13.16,2685600000,7031000000.0,5075200000,1968900000,438400000,2685600000,2685600000,None,190200000,None,1752100000,None,None,2594700000,None,None,582000000,None,None,None,0.167,791000000,2737400000,2566400000,565100000,2066100000,None,None,None,None,None,None,None,6.93,25.17,1.7,None,None,None,None,None,-14000000,None,0.0998,None,7494700000,2025-10-30,quarterly,1.82,USD,pre-market,319500000,12581400000,0.113,1.369,0.001,59.4,2737400000,3817200000,1222500000,12800000,125.95,107.34,4.0,16303200000,4783100000,4642900000,10350500000,11520100000,5707600000,15902600000,5558200000,17.09,-6376100000,145.82,98.03
2025-12-28,KMB,5.91,19723999000.0,17.09,None,0.26,4.014,185000000,None,364000000,364000000,-594000000,-427000000,None,None,0,None,None,None,710800000,478140244,None,10827400000,10827400000,1354300000,None,None,2101900000,None,None,844500000,190000000,5.0,0.0495,248000000,248000000,None,-0.502,0.07,2310600000,3155100000,1.75,2009-06-30,13.16,2685600000,7031000000.0,5075200000,1968900000,438400000,2685600000,2685600000,None,190200000,None,1752100000,None,None,2594700000,None,None,403000000,None,None,None,0.167,997000000,2737400000,2566400000,565100000,2066100000,None,None,None,None,None,None,None,6.93,25.17,1.7,None,None,None,None,None,-19000000,None,0.0998,None,7494700000,2025-10-30,quarterly,1.82,USD,pre-market,319500000,12581400000,0.113,1.369,0.001,59.4,2737400000,3817200000,1222500000,12800000,125.95,107.34,4.0,16303200000,4783100000,4642900000,10350500000,11520100000,5707600000,15902600000,5558200000,17.09,-6376100000,145.82,98.03
2025-12-28,KMB,5.91,19723999000.0,17.09,None,0.26,4.014,211000000,None,364000000,364000000,-295000000,-169000000,None,None,None,None,None,None,710800000,478140244,None,10827400000,10827400000,1354300000,None,None,2101900000,None,None,844500000,177000000,5.0,0.0495,240000000,240000000,None,-0.502,0.07,2310600000,3155100000,1.75,2009-03-31,13.16,2685600000,7031000000.0,5075200000,1968900000,438400000,2685600000,2685600000,None,190200000,None,1752100000,None,None,2594700000,None,None,407000000,None,None,None,0.167,692000000,2737400000,2566400000,565100000,2066100000,None,None,None,None,None,None,None,6.93,25.17,1.7,None,None,None,None,None,-291000000,None,0.0998,None,7494700000,2025-10-30,quarterly,1.82,USD,pre-market,319500000,12581400000,0.113,1.369,0.001,59.4,2737400000,3817200000,1222500000,12800000,125.95,107.34,4.0,16303200000,4783100000,4642900000,10350500000,11520100000,5707600000,15902600000,5558200000,17.09,-6376100000,145.82,98.03
2025-12-28,KMB,5.91,19723999000.0,17.09,None,0.26,4.014,253600000,None,364000000,364000000,-624600000,-211500000,None,None,None,None,None,None,710800000,478140244,None,10827400000,10827400000,1354300000,None,None,2101900000,None,None,844500000,179500000,5.0,0.0495,240600000,240600000,None,-0.502,0.07,2310600000,3155100000,1.75,2008-12-31,13.16,2685600000,7031000000.0,5075200000,1968900000,438400000,2685600000,2685600000,None,190200000,None,1752100000,None,None,2594700000,None,None,419300000,None,None,None,0.167,678200000,2737400000,2566400000,565100000,2066100000,None,None,None,None,None,None,None,6.93,25.17,1.7,None,None,None,None,None,-126800000,None,0.0998,None,7494700000,2025-10-30,quarterly,1.82,USD,pre-market,319500000,12581400000,0.113,1.369,0.001,59.4,2737400000,3817200000,1222500000,12800000,125.95,107.34,4.0,16303200000,4783100000,4642900000,10350500000,11520100000,5707600000,15902600000,5558200000,17.09,-6376100000,145.82,98.03
2025-12-28,KMB,5.91,19723999000.0,17.09,None,0.26,4.014,218800000,None,364000000,364000000,-443100000,-199400000,None,None,None,None,None,None,710800000,478140244,None,10827400000,10827400000,1354300000,None,None,2101900000,None,None,844500000,195300000,5.0,0.0495,241900000,241900000,None,-0.502,0.07,2310600000,3155100000,1.75,2008-09-30,13.16,2685600000,7031000000.0,5075200000,1968900000,438400000,2685600000,2685600000,None,190200000,None,1752100000,None,None,2594700000,None,None,413100000,None,None,None,0.167,640900000,2737400000,2566400000,565100000,2066100000,None,None,None,None,None,None,None,6.93,25.17,1.7,None,None,None,None,None,-150000000,None,0.0998,None,7494700000,2025-10-30,quarterly,1.82,USD,pre-market,319500000,12581400000,0.113,1.369,0.001,59.4,2737400000,3817200000,1222500000,12800000,125.95,107.34,4.0,16303200000,4783100000,4642900000,10350500000,11520100000,5707600000,15902600000,5558200000,17.09,-6376100000,145.82,98.03
2025-12-28,KMB,5.91,19723999000.0,17.09,None,0.26,4.014,212500000,None,364000000,364000000,-460500000,-266500000,None,None,None,None,None,None,710800000,478140244,None,10827400000,10827400000,1354300000,None,None,2101900000,None,None,844500000,200700000,5.0,0.0495,243800000,243800000,None,-0.502,0.07,2310600000,3155100000,1.75,2008-06-30,13.16,2685600000,7031000000.0,5075200000,1968900000,438400000,2685600000,2685600000,None,190200000,None,1752100000,None,None,2594700000,None,None,416700000,None,None,None,0.167,752800000,2737400000,2566400000,565100000,2066100000,None,None,None,None,None,None,None,6.93,25.17,1.7,None,None,None,None,None,-242000000,None,0.0998,None,7494700000,2025-10-30,quarterly,1.82,USD,pre-market,319500000,12581400000,0.113,1.369,0.001,59.4,2737400000,3817200000,1222500000,12800000,125.95,107.34,4.0,16303200000,4783100000,4642900000,10350500000,11520100000,5707600000,15902600000,5558200000,17.09,-6376100000,145.82,98.03
2025-12-28,KMB,5.91,19723999000.0,17.09,None,0.26,4.014,221100000,None,364000000,364000000,-218800000,-169600000,None,None,None,None,None,None,710800000,478140244,None,10827400000,10827400000,1354300000,None,None,2101900000,None,None,844500000,199500000,5.0,0.0495,223700000,223700000,None,-0.502,0.07,2310600000,3155100000,1.75,2008-03-31,13.16,2685600000,7031000000.0,5075200000,1968900000,438400000,2685600000,2685600000,None,190200000,None,1752100000,None,None,2594700000,None,None,440900000,None,None,None,0.167,444100000,2737400000,2566400000,565100000,2066100000,None,None,None,None,None,None,None,6.93,25.17,1.7,None,None,None,None,None,-215000000,None,0.0998,None,7494700000,2025-10-30,quarterly,1.82,USD,pre-market,319500000,12581400000,0.113,1.369,0.001,59.4,2737400000,3817200000,1222500000,12800000,125.95,107.34,4.0,16303200000,4783100000,4642900000,10350500000,11520100000,5707600000,15902600000,5558200000,17.09,-6376100000,145.82,98.03
2025-12-28,KMB,5.91,19723999000.0,17.09,None,0.26,4.014,212500000,None,364000000,364000000,-572100000,-181700000,None,None,None,None,None,None,710800000,478140244,None,10827400000,10827400000,1354300000,None,None,2101900000,None,None,844500000,180100000,5.0,0.0495,225200000,225200000,None,-0.502,0.07,2310600000,3155100000,1.75,2007-12-31,13.16,2685600000,7031000000.0,5075200000,1968900000,438400000,2685600000,2685600000,None,190200000,None,1752100000,None,None,2594700000,None,None,456000000,None,None,None,0.167,685300000,2737400000,2566400000,565100000,2066100000,None,None,None,None,None,None,None,6.93,25.17,1.7,None,None,None,None,None,-269600000,None,0.0998,None,7494700000,2025-10-30,quarterly,1.82,USD,pre-market,319500000,12581400000,0.113,1.369,0.001,59.4,2737400000,3817200000,1222500000,12800000,125.95,107.34,4.0,16303200000,4783100000,4642900000,10350500000,11520100000,5707600000,15902600000,5558200000,17.09,-6376100000,145.82,98.03
2025-12-28,KMB,5.91,19723999000.0,17.09,None,0.26,4.014,232800000,None,364000000,364000000,-270100000,-218000000,None,None,None,None,None,None,710800000,478140244,None,10827400000,10827400000,1354300000,None,None,2101900000,None,None,844500000,213500000,5.0,0.0495,241900000,241900000,None,-0.502,0.07,2310600000,3155100000,1.75,2007-09-30,13.16,2685600000,7031000000.0,5075200000,1968900000,438400000,2685600000,2685600000,None,190200000,None,1752100000,None,None,2594700000,None,None,453100000,None,None,None,0.167,567600000,2737400000,2566400000,565100000,2066100000,None,None,None,None,None,None,None,6.93,25.17,1.7,None,None,None,None,None,-2228200000,None,0.0998,None,7494700000,2025-10-30,quarterly,1.82,USD,pre-market,319500000,12581400000,0.113,1.369,0.001,59.4,2737400000,3817200000,1222500000,12800000,125.95,107.34,4.0,16303200000,4783100000,4642900000,10350500000,11520100000,5707600000,15902600000,5558200000,17.09,-6376100000,145.82,98.03
2025-12-28,KMB,5.91,19723999000.0,17.09,None,0.26,4.014,262200000,None,364000000,364000000,-236800000,-300300000,None,None,None,None,None,None,710800000,478140244,None,10827400000,10827400000,1354300000,None,None,2101900000,None,None,844500000,198300000,5.0,0.0495,241700000,241700000,None,-0.502,0.07,2310600000,3155100000,1.75,2007-06-30,13.16,2685600000,7031000000.0,5075200000,1968900000,438400000,2685600000,2685600000,None,190200000,None,1752100000,None,None,2594700000,None,None,461800000,None,None,None,0.167,651500000,2737400000,2566400000,565100000,2066100000,None,None,None,None,None,None,None,6.93,25.17,1.7,None,None,None,None,None,-157000000,None,0.0998,None,7494700000,2025-10-30,quarterly,1.82,USD,pre-market,319500000,12581400000,0.113,1.369,0.001,59.4,2737400000,3817200000,1222500000,12800000,125.95,107.34,4.0,16303200000,4783100000,4642900000,10350500000,11520100000,5707600000,15902600000,5558200000,17.09,-6376100000,145.82,98.03
2025-12-28,KMB,5.91,19723999000.0,17.09,None,0.26,4.014,281800000,None,364000000,364000000,-347800000,-198100000,None,None,None,None,None,None,710800000,478140244,None,10827400000,10827400000,1354300000,None,None,2101900000,None,None,844500000,214600000,5.0,0.0495,224100000,224100000,None,-0.502,0.07,2310600000,3155100000,1.75,2007-03-31,13.16,2685600000,7031000000.0,5075200000,1968900000,438400000,2685600000,2685600000,None,190200000,None,1752100000,None,None,2594700000,None,None,452000000,None,None,None,0.167,524500000,2737400000,2566400000,565100000,2066100000,None,None,None,None,None,None,None,6.93,25.17,1.7,None,None,None,None,None,-158500000,None,0.0998,None,7494700000,2025-10-30,quarterly,1.82,USD,pre-market,319500000,12581400000,0.113,1.369,0.001,59.4,2737400000,3817200000,1222500000,12800000,125.95,107.34,4.0,16303200000,4783100000,4642900000,10350500000,11520100000,5707600000,15902600000,5558200000,17.09,-6376100000,145.82,98.03
2025-12-28,KMB,5.91,19723999000.0,17.09,None,0.26,4.014,333100000,None,364000000,364000000,-438100000,-418800000,None,None,None,None,None,None,710800000,478140244,None,10827400000,10827400000,1354300000,None,None,2101900000,None,None,844500000,218300000,5.0,0.0495,224400000,224400000,None,-0.502,0.07,2310600000,3155100000,1.75,2006-12-31,13.16,2685600000,7031000000.0,5075200000,1968900000,438400000,2685600000,2685600000,None,190200000,None,1752100000,None,None,2594700000,None,None,482600000,None,None,None,0.167,813000000,2737400000,2566400000,565100000,2066100000,None,None,None,None,None,None,None,6.93,25.17,1.7,None,None,None,None,None,-282100000,None,0.0998,None,7494700000,2025-10-30,quarterly,1.82,USD,pre-market,319500000,12581400000,0.113,1.369,0.001,59.4,2737400000,3817200000,1222500000,12800000,125.95,107.34,4.0,16303200000,4783100000,4642900000,10350500000,11520100000,5707600000,15902600000,5558200000,17.09,-6376100000,145.82,98.03
2025-12-28,KMB,5.91,19723999000.0,17.09,None,0.26,4.014,240400000,None,364000000,364000000,-329600000,-251800000,None,None,None,None,None,None,710800000,478140244,None,10827400000,10827400000,1354300000,None,None,2101900000,None,None,844500000,214900000,5.0,0.0495,225100000,225100000,None,-0.502,0.07,2310600000,3155100000,1.75,2006-09-30,13.16,2685600000,7031000000.0,5075200000,1968900000,438400000,2685600000,2685600000,None,190200000,None,1752100000,None,None,2594700000,None,None,364200000,None,None,None,0.167,647800000,2737400000,2566400000,565100000,2066100000,None,None,None,None,None,None,None,6.93,25.17,1.7,None,None,None,None,None,-178300000,None,0.0998,None,7494700000,2025-10-30,quarterly,1.82,USD,pre-market,319500000,12581400000,0.113,1.369,0.001,59.4,2737400000,3817200000,1222500000,12800000,125.95,107.34,4.0,16303200000,4783100000,4642900000,10350500000,11520100000,5707600000,15902600000,5558200000,17.09,-6376100000,145.82,98.03
2025-12-28,KMB,5.91,19723999000.0,17.09,None,0.26,4.014,219500000,None,364000000,364000000,-430400000,-221600000,None,None,None,None,None,None,710800000,478140244,None,10827400000,10827400000,1354300000,None,None,2101900000,None,None,844500000,238600000,5.0,0.0495,225900000,225900000,None,-0.502,0.07,2310600000,3155100000,1.75,2006-06-30,13.16,2685600000,7031000000.0,5075200000,1968900000,438400000,2685600000,2685600000,None,190200000,None,1752100000,None,None,2594700000,None,None,377600000,None,None,None,0.167,599800000,2737400000,2566400000,565100000,2066100000,None,None,None,None,None,None,None,6.93,25.17,1.7,None,None,None,None,None,-148900000,None,0.0998,None,7494700000,2025-10-30,quarterly,1.82,USD,pre-market,319500000,12581400000,0.113,1.369,0.001,59.4,2737400000,3817200000,1222500000,12800000,125.95,107.34,4.0,16303200000,4783100000,4642900000,10350500000,11520100000,5707600000,15902600000,5558200000,17.09,-6376100000,145.82,98.03
2025-12-28,KMB,5.91,19723999000.0,17.09,None,0.26,4.014,179100000,None,364000000,364000000,-353200000,-143700000,None,None,None,None,None,None,710800000,478140244,None,10827400000,10827400000,1354300000,None,None,2101900000,None,None,844500000,261000000,5.0,0.0495,208600000,208600000,None,-0.502,0.07,2310600000,3155100000,1.75,2006-03-31,13.16,2685600000,7031000000.0,5075200000,1968900000,438400000,2685600000,2685600000,None,190200000,None,1752100000,None,None,2594700000,None,None,275100000,None,None,None,0.167,518900000,2737400000,2566400000,565100000,2066100000,None,None,None,None,None,None,None,6.93,25.17,1.7,None,None,None,None,None,-152200000,None,0.0998,None,7494700000,2025-10-30,quarterly,1.82,USD,pre-market,319500000,12581400000,0.113,1.369,0.001,59.4,2737400000,3817200000,1222500000,12800000,125.95,107.34,4.0,16303200000,4783100000,4642900000,10350500000,11520100000,5707600000,15902600000,5558200000,17.09,-6376100000,145.82,98.03
2025-12-28,KMB,5.91,19723999000.0,17.09,None,0.26,4.014,257700000,None,364000000,364000000,-411000000,-213600000,None,None,None,None,None,None,710800000,478140244,None,10827400000,10827400000,1354300000,None,None,2101900000,None,None,844500000,219900000,5.0,0.0495,212700000,212700000,None,-0.502,0.07,2310600000,3155100000,1.75,2005-12-31,13.16,2685600000,7031000000.0,5075200000,1968900000,438400000,2685600000,2685600000,None,190200000,None,1752100000,None,None,2594700000,None,None,371100000,None,None,None,0.167,676100000,2737400000,2566400000,565100000,2066100000,None,None,None,None,None,None,None,6.93,25.17,1.7,None,None,None,None,None,-505900000,None,0.0998,None,7494700000,2025-10-30,quarterly,1.82,USD,pre-market,319500000,12581400000,0.113,1.369,0.001,59.4,2737400000,3817200000,1222500000,12800000,125.95,107.34,4.0,16303200000,4783100000,4642900000,10350500000,11520100000,5707600000,15902600000,5558200000,17.09,-6376100000,145.82,98.03
2025-12-28,KMB,5.91,19723999000.0,17.09,None,0.26,4.014,189900000,None,364000000,364000000,-580900000,-125100000,None,None,None,None,None,None,710800000,478140244,None,10827400000,10827400000,1354300000,None,None,2101900000,None,None,844500000,239600000,5.0,0.0495,215000000,215000000,None,-0.502,0.07,2310600000,3155100000,1.75,2005-09-30,13.16,2685600000,7031000000.0,5075200000,1968900000,438400000,2685600000,2685600000,None,190200000,None,1752100000,None,None,2594700000,None,None,325300000,None,None,None,0.167,553000000,2737400000,2566400000,565100000,2066100000,None,None,None,None,None,None,None,6.93,25.17,1.7,None,None,None,None,None,-478800000,None,0.0998,None,7494700000,2025-10-30,quarterly,1.82,USD,pre-market,319500000,12581400000,0.113,1.369,0.001,59.4,2737400000,3817200000,1222500000,12800000,125.95,107.34,4.0,16303200000,4783100000,4642900000,10350500000,11520100000,5707600000,15902600000,5558200000,17.09,-6376100000,145.82,98.03
2025-12-28,KMB,5.91,19723999000.0,17.09,None,0.26,4.014,721000000,None,364000000,364000000,-3166000000,-100000000,None,None,10000000,None,None,None,710800000,478140244,None,10827400000,10827400000,1354300000,None,None,2101900000,None,None,844500000,781000000,5.0,0.0495,1628000000,1628000000,None,-0.502,0.07,2310600000,3155100000,1.75,2024-12-31,13.16,2685600000,7031000000.0,5075200000,1968900000,438400000,2685600000,2685600000,None,190200000,None,1752100000,None,None,2594700000,None,None,2578000000,None,None,None,0.167,3234000000,2737400000,2566400000,565100000,2066100000,None,None,None,None,None,None,None,6.93,25.17,1.7,None,None,None,None,None,-1000000000,None,0.0998,None,7494700000,2025-10-30,annual,1.82,USD,pre-market,319500000,12581400000,0.113,1.369,0.001,59.4,2737400000,3817200000,1222500000,12800000,125.95,107.34,4.0,16303200000,4783100000,4642900000,10350500000,11520100000,5707600000,15902600000,5558200000,17.09,-6376100000,145.82,98.03
2025-12-28,KMB,5.91,19723999000.0,17.09,None,0.26,4.014,766000000,None,364000000,364000000,-2374000000,-418000000,None,None,290000000,None,None,None,710800000,478140244,None,10827400000,10827400000,1354300000,None,None,2101900000,None,None,844500000,753000000,5.0,0.0495,1588000000,1588000000,None,-0.502,0.07,2310600000,3155100000,1.75,2023-12-31,13.16,2685600000,7031000000.0,5075200000,1968900000,438400000,2685600000,2685600000,None,190200000,None,1752100000,None,None,2594700000,None,None,1764000000,None,None,None,0.167,3542000000,2737400000,2566400000,565100000,2066100000,None,None,None,None,None,None,None,6.93,25.17,1.7,None,None,None,None,None,-225000000,None,0.0998,None,7494700000,2025-10-30,annual,1.82,USD,pre-market,319500000,12581400000,0.113,1.369,0.001,59.4,2737400000,3817200000,1222500000,12800000,125.95,107.34,4.0,16303200000,4783100000,4642900000,10350500000,11520100000,5707600000,15902600000,5558200000,17.09,-6376100000,145.82,98.03
2025-12-28,KMB,5.91,19723999000.0,17.09,None,0.26,4.014,876000000,None,364000000,364000000,-1760000000,-785000000,None,None,-76000000,None,None,None,710800000,478140244,None,10827400000,10827400000,1354300000,None,None,2101900000,None,None,844500000,754000000,5.0,0.0495,1558000000,1558000000,None,-0.502,0.07,2310600000,3155100000,1.75,2022-12-31,13.16,2685600000,7031000000.0,5075200000,1968900000,438400000,2685600000,2685600000,None,190200000,None,1752100000,None,None,2594700000,None,None,1961000000,None,None,None,0.167,2733000000,2737400000,2566400000,565100000,2066100000,None,None,None,None,None,None,None,6.93,25.17,1.7,None,None,None,None,None,-100000000,None,0.0998,None,7494700000,2025-10-30,annual,1.82,USD,pre-market,319500000,12581400000,0.113,1.369,0.001,59.4,2737400000,3817200000,1222500000,12800000,125.95,107.34,4.0,16303200000,4783100000,4642900000,10350500000,11520100000,5707600000,15902600000,5558200000,17.09,-6376100000,145.82,98.03
2025-12-28,KMB,5.91,19723999000.0,17.09,None,0.26,4.014,1007000000,None,364000000,364000000,-1696000000,-1056000000,None,None,-417000000,None,None,None,710800000,478140244,None,10827400000,10827400000,1354300000,None,None,2101900000,None,None,844500000,766000000,5.0,0.0495,1516000000,1516000000,None,-0.502,0.07,2310600000,3155100000,1.75,2021-12-31,13.16,2685600000,7031000000.0,5075200000,1968900000,438400000,2685600000,2685600000,None,190200000,None,1752100000,None,None,2594700000,None,None,1844000000,None,None,None,0.167,2730000000,2737400000,2566400000,565100000,2066100000,None,None,None,None,None,None,None,6.93,25.17,1.7,None,None,None,None,None,-400000000,None,0.0998,None,7494700000,2025-10-30,annual,1.82,USD,pre-market,319500000,12581400000,0.113,1.369,0.001,59.4,2737400000,3817200000,1222500000,12800000,125.95,107.34,4.0,16303200000,4783100000,4642900000,10350500000,11520100000,5707600000,15902600000,5558200000,17.09,-6376100000,145.82,98.03
2025-12-28,KMB,5.91,19723999000.0,17.09,None,0.26,4.014,1217000000,None,364000000,364000000,-1567000000,-2305000000,None,None,-96000000,None,None,None,710800000,478140244,None,10827400000,10827400000,1354300000,None,None,2101900000,None,None,844500000,796000000,5.0,0.0495,1451000000,1451000000,None,-0.502,0.07,2310600000,3155100000,1.75,2020-12-31,13.16,2685600000,7031000000.0,5075200000,1968900000,438400000,2685600000,2685600000,None,190200000,None,1752100000,None,None,2594700000,None,None,2396000000,None,None,None,0.167,3729000000,2737400000,2566400000,565100000,2066100000,None,None,None,None,None,None,None,6.93,25.17,1.7,None,None,None,None,None,-700000000,None,0.0998,None,7494700000,2025-10-30,annual,1.82,USD,pre-market,319500000,12581400000,0.113,1.369,0.001,59.4,2737400000,3817200000,1222500000,12800000,125.95,107.34,4.0,16303200000,4783100000,4642900000,10350500000,11520100000,5707600000,15902600000,5558200000,17.09,-6376100000,145.82,98.03
2025-12-28,KMB,5.91,19723999000.0,17.09,None,0.26,4.014,1209000000,None,364000000,364000000,-1792000000,-1042000000,-97000000,1000000,24000000,None,None,None,710800000,478140244,None,10827400000,10827400000,1354300000,None,None,2101900000,None,None,844500000,917000000,5.0,0.0495,1408000000,1408000000,None,-0.502,0.07,2310600000,3155100000,1.75,2019-12-31,13.16,2685600000,7031000000.0,5075200000,1968900000,438400000,2685600000,2685600000,None,190200000,None,1752100000,None,None,2594700000,None,None,2197000000,None,None,None,0.167,2736000000,2737400000,2566400000,565100000,2066100000,None,None,None,None,None,None,None,6.93,25.17,1.7,None,None,None,None,None,-800000000,None,0.0998,None,7494700000,2025-10-30,annual,1.82,USD,pre-market,319500000,12581400000,0.113,1.369,0.001,59.4,2737400000,3817200000,1222500000,12800000,125.95,107.34,4.0,16303200000,4783100000,4642900000,10350500000,11520100000,5707600000,15902600000,5558200000,17.09,-6376100000,145.82,98.03
2025-12-28,KMB,5.91,19723999000.0,17.09,None,0.26,4.014,877000000,None,364000000,364000000,-2115000000,-902000000,-77000000,-30000000,-127000000,None,None,None,710800000,478140244,None,10827400000,10827400000,1354300000,None,None,2101900000,None,None,844500000,882000000,5.0,0.0495,1386000000,1386000000,None,-0.502,0.07,2310600000,3155100000,1.75,2018-12-31,13.16,2685600000,7031000000.0,5075200000,1968900000,438400000,2685600000,2685600000,None,190200000,None,1752100000,None,None,2594700000,None,None,1410000000,None,None,None,0.167,2970000000,2737400000,2566400000,565100000,2066100000,None,None,None,None,None,None,None,6.93,25.17,1.7,None,None,None,None,None,-800000000,None,0.0998,None,7494700000,2025-10-30,annual,1.82,USD,pre-market,319500000,12581400000,0.113,1.369,0.001,59.4,2737400000,3817200000,1222500000,12800000,125.95,107.34,4.0,16303200000,4783100000,4642900000,10350500000,11520100000,5707600000,15902600000,5558200000,17.09,-6376100000,145.82,98.03
2025-12-28,KMB,5.91,19723999000.0,17.09,None,0.26,4.014,785000000,None,364000000,364000000,-2421000000,-851000000,-307000000,36000000,-33000000,None,None,None,710800000,478140244,None,10827400000,10827400000,1354300000,None,None,2101900000,None,None,844500000,724000000,5.0,0.0495,1359000000,1359000000,None,-0.502,0.07,2310600000,3155100000,1.75,2017-12-31,13.16,2685600000,7031000000.0,5075200000,1968900000,438400000,2685600000,2685600000,None,190200000,None,1752100000,None,None,2594700000,None,None,2278000000,None,None,None,0.167,2929000000,2737400000,2566400000,565100000,2066100000,None,None,None,None,None,None,None,6.93,25.17,1.7,None,None,None,None,None,-911000000,None,0.0998,None,7494700000,2025-10-30,annual,1.82,USD,pre-market,319500000,12581400000,0.113,1.369,0.001,59.4,2737400000,3817200000,1222500000,12800000,125.95,107.34,4.0,16303200000,4783100000,4642900000,10350500000,11520100000,5707600000,15902600000,5558200000,17.09,-6376100000,145.82,98.03
2025-12-28,KMB,5.91,19723999000.0,17.09,None,0.26,4.014,771000000,None,364000000,364000000,-2185000000,-732000000,304000000,-11000000,230000000,None,None,None,710800000,478140244,None,10827400000,10827400000,1354300000,None,None,2101900000,None,None,844500000,705000000,5.0,0.0495,1311000000,1311000000,None,-0.502,0.07,2310600000,3155100000,1.75,2016-12-31,13.16,2685600000,7031000000.0,5075200000,1968900000,438400000,2685600000,2685600000,None,190200000,None,1752100000,None,None,2594700000,None,None,2166000000,None,None,None,0.167,3232000000,2737400000,2566400000,565100000,2066100000,None,None,None,None,None,None,None,6.93,25.17,1.7,None,None,None,None,None,-739000000,None,0.0998,None,7494700000,2025-10-30,annual,1.82,USD,pre-market,319500000,12581400000,0.113,1.369,0.001,59.4,2737400000,3817200000,1222500000,12800000,125.95,107.34,4.0,16303200000,4783100000,4642900000,10350500000,11520100000,5707600000,15902600000,5558200000,17.09,-6376100000,145.82,98.03
2025-12-28,KMB,5.91,19723999000.0,17.09,None,0.26,4.014,1056000000,None,364000000,364000000,-1298000000,-1050000000,-170000000,-128000000,-28000000,None,None,None,710800000,478140244,None,10827400000,10827400000,1354300000,None,None,2101900000,None,None,844500000,746000000,5.0,0.0495,1272000000,1272000000,None,-0.502,0.07,2310600000,3155100000,1.75,2015-12-31,13.16,2685600000,7031000000.0,5075200000,1968900000,438400000,2685600000,2685600000,None,190200000,None,1752100000,None,None,2594700000,None,None,1013000000,None,None,None,0.167,2306000000,2737400000,2566400000,565100000,2066100000,None,None,None,None,None,None,None,6.93,25.17,1.7,None,None,None,None,None,-861000000,None,0.0998,None,7494700000,2025-10-30,annual,1.82,USD,pre-market,319500000,12581400000,0.113,1.369,0.001,59.4,2737400000,3817200000,1222500000,12800000,125.95,107.34,4.0,16303200000,4783100000,4642900000,10350500000,11520100000,5707600000,15902600000,5558200000,17.09,-6376100000,145.82,98.03
2025-12-28,KMB,5.91,19723999000.0,17.09,None,0.26,4.014,1039000000,None,364000000,364000000,-1893000000,-770000000,-265000000,-447000000,12000000,None,None,None,710800000,478140244,None,10827400000,10827400000,1354300000,None,None,2101900000,None,None,844500000,862000000,5.0,0.0495,1256000000,1256000000,None,-0.502,0.07,2310600000,3155100000,1.75,2014-12-31,13.16,2685600000,7031000000.0,5075200000,1968900000,438400000,2685600000,2685600000,None,190200000,None,1752100000,None,None,2594700000,None,None,1526000000,None,None,None,0.167,2845000000,2737400000,2566400000,565100000,2066100000,None,None,None,None,None,None,None,6.93,25.17,1.7,None,None,None,None,None,-1939000000,None,0.0998,None,7494700000,2025-10-30,annual,1.82,USD,pre-market,319500000,12581400000,0.113,1.369,0.001,59.4,2737400000,3817200000,1222500000,12800000,125.95,107.34,4.0,16303200000,4783100000,4642900000,10350500000,11520100000,5707600000,15902600000,5558200000,17.09,-6376100000,145.82,98.03
2025-12-28,KMB,5.91,19723999000.0,17.09,None,0.26,4.014,953000000,None,364000000,364000000,-2185000000,-844000000,-52000000,-63000000,100000000,None,None,None,710800000,478140244,None,10827400000,10827400000,1354300000,None,None,2101900000,None,None,844500000,863000000,5.0,0.0495,1223000000,1223000000,None,-0.502,0.07,2310600000,3155100000,1.75,2013-12-31,13.16,2685600000,7031000000.0,5075200000,1968900000,438400000,2685600000,2685600000,None,190200000,None,1752100000,None,None,2594700000,None,None,2142000000,None,None,None,0.167,3040000000,2737400000,2566400000,565100000,2066100000,None,None,None,None,None,None,None,6.93,25.17,1.7,None,None,None,None,None,-1216000000,None,0.0998,None,7494700000,2025-10-30,annual,1.82,USD,pre-market,319500000,12581400000,0.113,1.369,0.001,59.4,2737400000,3817200000,1222500000,12800000,125.95,107.34,4.0,16303200000,4783100000,4642900000,10350500000,11520100000,5707600000,15902600000,5558200000,17.09,-6376100000,145.82,98.03
2025-12-28,KMB,5.91,19723999000.0,17.09,None,0.26,4.014,1093000000,None,364000000,364000000,-1802000000,-1184000000,342000000,40000000,9000000,None,None,None,710800000,478140244,None,10827400000,10827400000,1354300000,None,None,2101900000,None,None,844500000,857000000,5.0,0.0495,1151000000,1151000000,None,-0.502,0.07,2310600000,3155100000,1.75,2012-12-31,13.16,2685600000,7031000000.0,5075200000,1968900000,438400000,2685600000,2685600000,None,190200000,None,1752100000,None,None,2594700000,None,None,1750000000,None,None,None,0.167,3288000000,2737400000,2566400000,565100000,2066100000,None,None,None,None,None,None,None,6.93,25.17,1.7,None,None,None,None,None,-1284000000,None,0.0998,None,7494700000,2025-10-30,annual,1.82,USD,pre-market,319500000,12581400000,0.113,1.369,0.001,59.4,2737400000,3817200000,1222500000,12800000,125.95,107.34,4.0,16303200000,4783100000,4642900000,10350500000,11520100000,5707600000,15902600000,5558200000,17.09,-6376100000,145.82,98.03
2025-12-28,KMB,5.91,19723999000.0,17.09,None,0.26,4.014,968000000,None,364000000,364000000,-1741000000,-681000000,None,None,9000000,None,None,None,710800000,478140244,None,10827400000,10827400000,1354300000,None,None,2101900000,None,None,844500000,1091000000,5.0,0.0495,1099000000,1099000000,None,-0.502,0.07,2310600000,3155100000,1.75,2011-12-31,13.16,2685600000,7031000000.0,5075200000,1968900000,438400000,2685600000,2685600000,None,190200000,None,1752100000,None,None,2594700000,None,None,1591000000,None,None,None,0.167,2288000000,2737400000,2566400000,565100000,2066100000,None,None,None,None,None,None,None,6.93,25.17,1.7,None,None,None,None,None,-1246000000,None,0.0998,None,7494700000,2025-10-30,annual,1.82,USD,pre-market,319500000,12581400000,0.113,1.369,0.001,59.4,2737400000,3817200000,1222500000,12800000,125.95,107.34,4.0,16303200000,4783100000,4642900000,10350500000,11520100000,5707600000,15902600000,5558200000,17.09,-6376100000,145.82,98.03
2025-12-28,KMB,5.91,19723999000.0,17.09,None,0.26,4.014,964000000,None,364000000,364000000,-1859000000,-781000000,78000000,-26000000,-341000000,None,None,None,710800000,478140244,None,10827400000,10827400000,1354300000,None,None,2101900000,None,None,844500000,813000000,5.0,0.0495,1066000000,1066000000,None,-0.502,0.07,2310600000,3155100000,1.75,2010-12-31,13.16,2685600000,7031000000.0,5075200000,1968900000,438400000,2685600000,2685600000,None,190200000,None,1752100000,None,None,2594700000,None,None,1843000000,None,None,None,0.167,2744000000,2737400000,2566400000,565100000,2066100000,None,None,None,None,None,None,None,6.93,25.17,1.7,None,None,None,None,None,-803000000,None,0.0998,None,7494700000,2025-10-30,annual,1.82,USD,pre-market,319500000,12581400000,0.113,1.369,0.001,59.4,2737400000,3817200000,1222500000,12800000,125.95,107.34,4.0,16303200000,4783100000,4642900000,10350500000,11520100000,5707600000,15902600000,5558200000,17.09,-6376100000,145.82,98.03
2025-12-28,KMB,5.91,19723999000.0,17.09,None,0.26,4.014,848000000,None,364000000,364000000,-1788000000,-1288000000,None,None,523000000,None,None,None,710800000,478140244,None,10827400000,10827400000,1354300000,None,None,2101900000,None,None,844500000,783000000,5.0,0.0495,986000000,986000000,None,-0.502,0.07,2310600000,3155100000,1.75,2009-12-31,13.16,2685600000,7031000000.0,5075200000,1968900000,438400000,2685600000,2685600000,None,190200000,None,1752100000,None,None,2594700000,None,None,1884000000,None,None,None,0.167,3481000000,2737400000,2566400000,565100000,2066100000,None,None,None,None,None,None,None,6.93,25.17,1.7,None,None,None,None,None,-300000000,None,0.0998,None,7494700000,2025-10-30,annual,1.82,USD,pre-market,319500000,12581400000,0.113,1.369,0.001,59.4,2737400000,3817200000,1222500000,12800000,125.95,107.34,4.0,16303200000,4783100000,4642900000,10350500000,11520100000,5707600000,15902600000,5558200000,17.09,-6376100000,145.82,98.03
2025-12-28,KMB,5.91,19723999000.0,17.09,None,0.26,4.014,906000000,None,364000000,364000000,-1747000000,-847000000,None,None,-45000000,None,None,None,710800000,478140244,None,10827400000,10827400000,1354300000,None,None,2101900000,None,None,844500000,775000000,5.0,0.0495,950000000,950000000,None,-0.502,0.07,2310600000,3155100000,1.75,2008-12-31,13.16,2685600000,7031000000.0,5075200000,1968900000,438400000,2685600000,2685600000,None,190200000,None,1752100000,None,None,2594700000,None,None,1690000000,None,None,None,0.167,2516000000,2737400000,2566400000,565100000,2066100000,None,None,None,None,None,None,None,6.93,25.17,1.7,None,None,None,None,None,-700000000,None,0.0998,None,7494700000,2025-10-30,annual,1.82,USD,pre-market,319500000,12581400000,0.113,1.369,0.001,59.4,2737400000,3817200000,1222500000,12800000,125.95,107.34,4.0,16303200000,4783100000,4642900000,10350500000,11520100000,5707600000,15902600000,5558200000,17.09,-6376100000,145.82,98.03
2025-12-28,KMB,5.91,19723999000.0,17.09,None,0.26,4.014,989300000,None,364000000,364000000,-1426800000,-898100000,None,None,-439300000,None,None,None,710800000,478140244,None,10827400000,10827400000,1354300000,None,None,2101900000,None,None,844500000,806500000,5.0,0.0495,932900000,932900000,None,-0.502,0.07,2310600000,3155100000,1.75,2007-12-31,13.16,2685600000,7031000000.0,5075200000,1968900000,438400000,2685600000,2685600000,None,190200000,None,1752100000,None,None,2594700000,None,None,1822900000,None,None,None,0.167,2428900000,2737400000,2566400000,565100000,2066100000,None,None,None,None,None,None,None,6.93,25.17,1.7,None,None,None,None,None,-2813300000,None,0.0998,None,7494700000,2025-10-30,annual,1.82,USD,pre-market,319500000,12581400000,0.113,1.369,0.001,59.4,2737400000,3817200000,1222500000,12800000,125.95,107.34,4.0,16303200000,4783100000,4642900000,10350500000,11520100000,5707600000,15902600000,5558200000,17.09,-6376100000,145.82,98.03
2025-12-28,KMB,5.91,19723999000.0,17.09,None,0.26,4.014,972100000,None,364000000,364000000,-1551300000,-1035900000,None,None,None,None,None,None,710800000,478140244,None,10827400000,10827400000,1354300000,None,None,2101900000,None,None,844500000,932800000,5.0,0.0495,884000000,884000000,None,-0.502,0.07,2310600000,3155100000,1.75,2006-12-31,13.16,2685600000,7031000000.0,5075200000,1968900000,438400000,2685600000,2685600000,None,190200000,None,1752100000,None,None,2594700000,None,None,1499500000,None,None,None,0.167,2579500000,2737400000,2566400000,565100000,2066100000,None,None,None,None,None,None,None,6.93,25.17,1.7,None,None,None,None,None,-761500000,None,0.0998,None,7494700000,2025-10-30,annual,1.82,USD,pre-market,319500000,12581400000,0.113,1.369,0.001,59.4,2737400000,3817200000,1222500000,12800000,125.95,107.34,4.0,16303200000,4783100000,4642900000,10350500000,11520100000,5707600000,15902600000,5558200000,17.09,-6376100000,145.82,98.03
2025-12-28,KMB,5.91,19723999000.0,17.09,None,0.26,4.014,709600000,None,364000000,364000000,-1929700000,-596200000,None,None,None,None,None,None,710800000,478140244,None,10827400000,10827400000,1354300000,None,None,2101900000,None,None,844500000,844500000,5.0,0.0495,838400000,838400000,None,-0.502,0.07,2310600000,3155100000,1.75,2005-12-31,13.16,2685600000,7031000000.0,5075200000,1968900000,438400000,2685600000,2685600000,None,190200000,None,1752100000,None,None,2594700000,None,None,1568300000,None,None,None,0.167,2311800000,2737400000,2566400000,565100000,2066100000,None,None,None,None,None,None,None,6.93,25.17,1.7,None,None,None,None,None,-1519500000,None,0.0998,None,7494700000,2025-10-30,annual,1.82,USD,pre-market,319500000,12581400000,0.113,1.369,0.001,59.4,2737400000,3817200000,1222500000,12800000,125.95,107.34,4.0,16303200000,4783100000,4642900000,10350500000,11520100000,5707600000,15902600000,5558200000,17.09,-6376100000,145.82,98.03
