date,symbol,eps,revenue_ttm,pe_ratio,accumulateddepreciationamortizationppe,beta,book_value,capitalexpenditures,capitalleaseobligations,cashandcashequivalentsatcarryingvalue,cashandshortterminvestments,cashflowfromfinancing,cashflowfrominvestment,changeincashandcashequivalents,changeinexchangerate,changeininventory,changeinoperatingassets,changeinoperatingliabilities,changeinreceivables,commonstock,commonstocksharesoutstanding,comprehensiveincomenetoftax,costofgoodsandservicessold,costofrevenue,currentaccountspayable,currentdebt,currentlongtermdebt,currentnetreceivables,deferredrevenue,depreciation,depreciationandamortization,depreciationdepletionandamortization,dividend_per_share,dividend_yield,dividendpayout,dividendpayoutcommonstock,dividendpayoutpreferredstock,earnings_growth_yoy,earnings_surprise,ebit,ebitda,estimated_eps,fiscaldateending,forward_pe,goodwill,gross_profit_ttm,grossprofit,incomebeforetax,incometaxexpense,intangibleassets,intangibleassetsexcludinggoodwill,interestanddebtexpense,interestexpense,interestincome,inventory,investmentincomenet,investments,longtermdebt,longtermdebtnoncurrent,longterminvestments,netincome,netincomefromcontinuingoperations,netinterestincome,noninterestincome,operating_margin_ttm,operatingcashflow,operatingexpenses,operatingincome,othercurrentassets,othercurrentliabilities,othernoncurrentassets,othernoncurrentliabilities,othernonoperatingincome,paymentsforoperatingactivities,paymentsforrepurchaseofcommonstock,paymentsforrepurchaseofequity,paymentsforrepurchaseofpreferredstock,peg_ratio,price_to_book,price_to_sales_ttm,proceedsfromissuanceofcommonstock,proceedsfromissuanceoflongtermdebtandcapitalsecuritiesnet,proceedsfromissuanceofpreferredstock,proceedsfromoperatingactivities,proceedsfromrepaymentsofshorttermdebt,proceedsfromrepurchaseofequity,proceedsfromsaleoftreasurystock,profit_margin,profitloss,propertyplantequipment,report_date,report_type,reported_eps,reportedcurrency,reporttime,researchanddevelopment,retainedearnings,return_on_assets_ttm,return_on_equity_ttm,revenue_growth_yoy,revenue_per_share_ttm,sellinggeneralandadministrative,shortlongtermdebttotal,shorttermdebt,shortterminvestments,sma_200,sma_50,surprise_pct,totalassets,totalcurrentassets,totalcurrentliabilities,totalliabilities,totalnoncurrentassets,totalnoncurrentliabilities,totalrevenue,totalshareholderequity,trailing_pe,treasurystock,week_52_high,week_52_low
1998-01-31,KR,,,,,,,,,,,,,,,,,,,,,,,,,,,,,,,,,,,,,,0.0,,,,,,,,,,,,,,,,,,,,,,,,,,,,,,,,,,,,,,,,,,,,,,,,,,,,1998-03-31,,0.0972,,pre-market,,,,,,,,,,,,,,,,,,,,,,,,,
1998-04-30,KR,,,,,,,,,,,,,,,,,,,,,,,,,,,,,,,,,,,,,,0.0,,,,,,,,,,,,,,,,,,,,,,,,,,,,,,,,,,,,,,,,,,,,,,,,,,,,1998-06-30,,0.0889,,pre-market,,,,,,,,,,,,,,,,,,,,,,,,,
1998-07-31,KR,,,,,,,,,,,,,,,,,,,,,,,,,,,,,,,,,,,,,,0.0,,,,,,,,,,,,,,,,,,,,,,,,,,,,,,,,,,,,,,,,,,,,,,,,,,,,1998-09-30,,0.111,,pre-market,,,,,,,,,,,,,,,,,,,,,,,,,
1998-10-31,KR,,,,,,,,,,,,,,,,,,,,,,,,,,,,,,,,,,,,,,0.0,,,,,,,,,,,,,,,,,,,,,,,,,,,,,,,,,,,,,,,,,,,,,,,,,,,,1998-12-31,,0.1421,,pre-market,,,,,,,,,,,,,,,,,,,,,,,,,
1999-04-30,KR,,,,,,,,,,,,,,,,,,,,,,,,,,,,,,,,,,,,,,0.0,,,,,,,,,,,,,,,,,,,,,,,,,,,,,,,,,,,,,,,,,,,,,,,,,,,,1999-05-31,,0.1199,,pre-market,,,,,,,,,,,,,,,,,,,,,,,,,
1999-07-31,KR,,,,,,,,,,,,,,,,,,,,,,,,,,,,,,,,,,,,,,0.0,,,,,,,,,,,,,,,,,,,,,,,,,,,,,,,,,,,,,,,,,,,,,,,,,,,,1999-08-31,,0.0267,,pre-market,,,,,,,,,,,,,,,,,,,,,,,,,
1999-10-31,KR,,,,,,,,,,,,,,,,,,,,,,,,,,,,,,,,,,,,,,0.0,,,,,,,,,,,,,,,,,,,,,,,,,,,,,,,,,,,,,,,,,,,,,,,,,,,,1999-10-31,,0.0753,,pre-market,,,,,,,,,,,,,,,,,,,,,,,,,
2000-01-31,KR,,,,,,,,,,,,,,,,,,,,,,,,,,,,,,,,,,,,,,0.0,,,,,,,,,,,,,,,,,,,,,,,,,,,,,,,,,,,,,,,,,,,,,,,,,,,,2000-01-31,,0.144,,pre-market,,,,,,,,,,,,,,,,,,,,,,,,,
2000-04-30,KR,,,,,,,,,,,,,,,,,,,,,,,,,,,,,,,,,,,,,,0.0,,,,,,,,,,,,,,,,,,,,,,,,,,,,,,,,,,,,,,,,,,,,,,,,,,,,2000-05-31,,0.0624,,pre-market,,,,,,,,,,,,,,,,,,,,,,,,,
2000-07-31,KR,,,,,,,,,,,,,,,,,,,,,,,,,,,,,,,,,,,,,,0.0,,,,,,,,,,,,,,,,,,,,,,,,,,,,,,,,,,,,,,,,,,,,,,,,,,,,2000-08-31,,0.1275,,pre-market,,,,,,,,,,,,,,,,,,,,,,,,,
2000-10-31,KR,,,,,,,,,,,,,,,,,,,,,,,,,,,,,,,,,,,,,,0.0,,,,,,,,,,,,,,,,,,,,,,,,,,,,,,,,,,,,,,,,,,,,,,,,,,,,2000-10-31,,0.1189,,pre-market,,,,,,,,,,,,,,,,,,,,,,,,,
2001-01-31,KR,,,,,,,,,,,,,,,,,,,,,,,,,,,,,,,,,,,,,,0.0,,,,,,,,,,,,,,,,,,,,,,,,,,,,,,,,,,,,,,,,,,,,,,,,,,,,2001-01-31,,0.2175,,pre-market,,,,,,,,,,,,,,,,,,,,,,,,,
2001-04-30,KR,,,,,,,,,,,,,,,,,,,,,,,,,,,,,,,,,,,,,,0.0,,,,,,,,,,,,,,,,,,,,,,,,,,,,,,,,,,,,,,,,,,,,,,,,,,,,2001-05-31,,0.1825,,pre-market,,,,,,,,,,,,,,,,,,,,,,,,,
2001-07-31,KR,,,,,,,,,,,,,,,,,,,,,,,,,,,,,,,,,,,,,,0.0,,,,,,,,,,,,,,,,,,,,,,,,,,,,,,,,,,,,,,,,,,,,,,,,,,,,2001-08-31,,0.1548,,pre-market,,,,,,,,,,,,,,,,,,,,,,,,,
2001-10-31,KR,,,,,,,,,,,,,,,,,,,,,,,,,,,,,,,,,,,,,,0.0,,,,,,,,,,,,,,,,,,,,,,,,,,,,,,,,,,,,,,,,,,,,,,,,,,,,2001-11-30,,0.081,,pre-market,,,,,,,,,,,,,,,,,,,,,,,,,
2002-01-31,KR,,,,,,,,,,,,,,,,,,,,,,,,,,,,,,,,,,,,,,0.0,,,,,,,,,,,,,,,,,,,,,,,,,,,,,,,,,,,,,,,,,,,,,,,,,,,,2002-03-12,,0.2121,,pre-market,,,,,,,,,,,,,,,,,,,,,,,,,
2002-04-30,KR,,,,,,,,,,,,,,,,,,,,,,,,,,,,,,,,,,,,,,0.0,,,,,,,,,,,,,,,,,,,,,,,,,,,,,,,,,,,,,,,,,,,,,,,,,,,,2002-05-31,,0.2237,,pre-market,,,,,,,,,,,,,,,,,,,,,,,,,
2002-07-31,KR,,,,,,,,,,,,,,,,,,,,,,,,,,,,,,,,,,,,,,0.0,,,,,,,,,,,,,,,,,,,,,,,,,,,,,,,,,,,,,,,,,,,,,,,,,,,,2002-08-31,,0.165,,pre-market,,,,,,,,,,,,,,,,,,,,,,,,,
2002-10-31,KR,,,,,,,,,,,,,,,,,,,,,,,,,,,,,,,,,,,,,,0.0,,,,,,,,,,,,,,,,,,,,,,,,,,,,,,,,,,,,,,,,,,,,,,,,,,,,2002-12-10,,0.1637,,pre-market,,,,,,,,,,,,,,,,,,,,,,,,,
2003-01-31,KR,,,,,,,,,,,,,,,,,,,,,,,,,,,,,,,,,,,,,,0.0,,,,,,,,,,,,,,,,,,,,,,,,,,,,,,,,,,,,,,,,,,,,,,,,,,,,2003-03-11,,0.2477,,pre-market,,,,,,,,,,,,,,,,,,,,,,,,,
2003-04-30,KR,,,,,,,,,,,,,,,,,,,,,,,,,,,,,,,,,,,,,,0.0,,,,,,,,,,,,,,,,,,,,,,,,,,,,,,,,,,,,,,,,,,,,,,,,,,,,2003-05-31,,0.2313,,pre-market,,,,,,,,,,,,,,,,,,,,,,,,,
2003-07-31,KR,,,,,,,,,,,,,,,,,,,,,,,,,,,,,,,,,,,,,,0.0,,,,,,,,,,,,,,,,,,,,,,,,,,,,,,,,,,,,,,,,,,,,,,,,,,,,2003-08-31,,0.1257,,pre-market,,,,,,,,,,,,,,,,,,,,,,,,,
2003-10-31,KR,,,,,,,,,,,,,,,,,,,,,,,,,,,,,,,,,,,,,,0.0,,,,,,,,,,,,,,,,,,,,,,,,,,,,,,,,,,,,,,,,,,,,,,,,,,,,2003-12-09,,0.0729,,pre-market,,,,,,,,,,,,,,,,,,,,,,,,,
2004-01-31,KR,,,,,,,,,,,,,,,,,,,,,,,,,,,,,,,,,,,,,,0.0,,,,,,,,,,,,,,,,,,,,,,,,,,,,,,,,,,,,,,,,,,,,,,,,,,,,2004-03-09,,-0.2271,,pre-market,,,,,,,,,,,,,,,,,,,,,,,,,
2004-04-30,KR,,,,,,,,,,,,,,,,,,,,,,,,,,,,,,,,,,,,,,0.0,,,,,,,,,,,,,,,,,,,,,,,,,,,,,,,,,,,,,,,,,,,,,,,,,,,,2004-05-31,,0.1756,,pre-market,,,,,,,,,,,,,,,,,,,,,,,,,
2004-07-31,KR,,,,,,,,,,,,,,,,,,,,,,,,,,,,,,,,,,,,,,0.0,,,,,,,,,,,,,,,,,,,,,,,,,,,,,,,,,,,,,,,,,,,,,,,,,,,,2004-08-31,,0.0954,,pre-market,,,,,,,,,,,,,,,,,,,,,,,,,
2004-10-31,KR,,,,,,,,,,,,,,,,,,,,,,,,,,,,,,,,,,,,,,0.0,,,,,,,,,,,,,,,,,,,,,,,,,,,,,,,,,,,,,,,,,,,,,,,,,,,,2004-12-06,,0.0964,,pre-market,,,,,,,,,,,,,,,,,,,,,,,,,
2005-01-31,KR,,,,,,,,,,,,,,,,,,,,,,,,,,,,,,,,,,,,,,0.0,,,,,,,,,,,,,,,,,,,,,,,,,,,,,,,,,,,,,,,,,,,,,,,,,,,,2005-04-15,,-0.4628,,pre-market,,,,,,,,,,,,,,,,,,,,,,,,,
2005-04-30,KR,,,,,,,,,,,,,,,,,,,,,,,,,,,,,,,,,,,,,,0.0,,,,,,,,,,,,,,,,,,,,,,,,,,,,,,,,,,,,,,,,,,,,,,,,,,,,2005-05-31,,0.2008,,pre-market,,,,,,,,,,,,,,,,,,,,,,,,,
2005-07-31,KR,,,,,,,,,,,,,,,,,,,,,,,,,,,,,,,,,,,,,,0.0,,,,,,,,,,,,,,,,,,,,,,,,,,,,,,,,,,,,,,,,,,,,,,,,,,,,2005-08-31,,0.1342,,pre-market,,,,,,,,,,,,,,,,,,,,,,,,,
2005-10-31,KR,,,,,,,,,,,,,,,,,,,,,,,,,,,,,,,,,,,,,,0.0,,,,,,,,,,,,,,,,,,,,,,,,,,,,,,,,,,,,,,,,,,,,,,,,,,,,2005-12-06,,0.1264,,pre-market,,,,,,,,,,,,,,,,,,,,,,,,,
2006-01-31,KR,,,,,,,,,,,,,,,,,,,,,,,,,,,,,,,,,,,,,,0.0,,,,,,,,,,,,,,,,,,,,,,,,,,,,,,,,,,,,,,,,,,,,,,,,,,,,2006-03-07,,0.1932,,pre-market,,,,,,,,,,,,,,,,,,,,,,,,,
2006-04-30,KR,,,,,,,,,,,,,,,,,,,,,,,,,,,,,,,,,,,,,,0.0,,,,,,,,,,,,,,,,,,,,,,,,,,,,,,,,,,,,,,,,,,,,,,,,,,,,2006-05-31,,0.2099,,pre-market,,,,,,,,,,,,,,,,,,,,,,,,,
2006-07-31,KR,,,,,,,,,,,,,,,,,,,,,,,,,,,,,,,,,,,,,,0.0,,,,,,,,,,,,,,,,,,,,,,,,,,,,,,,,,,,,,,,,,,,,,,,,,,,,2006-08-31,,0.1441,,pre-market,,,,,,,,,,,,,,,,,,,,,,,,,
2006-10-31,KR,,,,,,,,,,,,,,,,,,,,,,,,,,,,,,,,,,,,,,0.0,,,,,,,,,,,,,,,,,,,,,,,,,,,,,,,,,,,,,,,,,,,,,,,,,,,,2006-12-05,,0.1493,,pre-market,,,,,,,,,,,,,,,,,,,,,,,,,
2007-01-31,KR,,,,,,,,,,,,,,,,,,,,,,,,,,,,,,,,,,,,,,0.0,,,,,,,,,,,,,,,,,,,,,,,,,,,,,,,,,,,,,,,,,,,,,,,,,,,,2007-03-13,,0.2692,,pre-market,,,,,,,,,,,,,,,,,,,,,,,,,
2007-04-30,KR,,,,,,,,,,,,,,,,,,,,,,,,,,,,,,,,,,,,,,0.0,,,,,,,,,,,,,,,,,,,,,,,,,,,,,,,,,,,,,,,,,,,,,,,,,,,,2007-05-31,,0.2357,,pre-market,,,,,,,,,,,,,,,,,,,,,,,,,
2007-07-31,KR,,,,,,,,,,,,,,,,,,,,,,,,,,,,,,,,,,,,,,0.0,,,,,,,,,,,,,,,,,,,,,,,,,,,,,,,,,,,,,,,,,,,,,,,,,,,,2007-08-31,,0.1883,,pre-market,,,,,,,,,,,,,,,,,,,,,,,,,
2007-10-31,KR,,,,,,,,,,,,,,,,,,,,,,,,,,,,,,,,,,,,,,0.0,,,,,,,,,,,,,,,,,,,,,,,,,,,,,,,,,,,,,,,,,,,,,,,,,,,,2007-11-30,,0.1854,,pre-market,,,,,,,,,,,,,,,,,,,,,,,,,
2008-01-31,KR,,,,,,,,,,,,,,,,,,,,,,,,,,,,,,,,,,,,,,0.0,,,,,,,,,,,,,,,,,,,,,,,,,,,,,,,,,,,,,,,,,,,,,,,,,,,,2008-03-11,,0.2389,,pre-market,,,,,,,,,,,,,,,,,,,,,,,,,
2008-04-30,KR,,,,,,,,,,,,,,,,,,,,,,,,,,,,,,,,,,,,,,0.0,,,,,,,,,,,,,,,,,,,,,,,,,,,,,,,,,,,,,,,,,,,,,,,,,,,,2008-05-31,,0.2907,,pre-market,,,,,,,,,,,,,,,,,,,,,,,,,
2008-07-31,KR,,,,,,,,,,,,,,,,,,,,,,,,,,,,,,,,,,,,,,0.0,,,,,,,,,,,,,,,,,,,,,,,,,,,,,,,,,,,,,,,,,,,,,,,,,,,,2008-08-31,,0.2102,,pre-market,,,,,,,,,,,,,,,,,,,,,,,,,
2008-10-31,KR,,,,,,,,,,,,,,,,,,,,,,,,,,,,,,,,,,,,,,0.0,,,,,,,,,,,,,,,,,,,,,,,,,,,,,,,,,,,,,,,,,,,,,,,,,,,,2008-12-09,,0.1806,,pre-market,,,,,,,,,,,,,,,,,,,,,,,,,
2009-01-31,KR,,,,,,,,,,,,,,,,,,,,,,,,,,,,,,,,,,,,,,0.0,,,,,,,,,,,,,,,,,,,,,,,,,,,,,,,,,,,,,,,,,,,,,,,,,,,,2009-03-10,,0.2664,,pre-market,,,,,,,,,,,,,,,,,,,,,,,,,
2009-04-30,KR,,,,,,,,,,,,,,,,,,,,,,,,,,,,,,,,,,,,,,0.0,,,,,,,,,,,,,,,,,,,,,,,,,,,,,,,,,,,,,,,,,,,,,,,,,,,,2009-05-31,,0.3318,,pre-market,,,,,,,,,,,,,,,,,,,,,,,,,
2009-07-31,KR,,,,,,,,,,,,,,,,,,,,,,,,,,,,,,,,,,,,,,0.0,,,,,,,,,,,,,,,,,,,,,,,,,,,,,,,,,,,,,,,,,,,,,,,,,,,,2009-08-31,,0.1943,,pre-market,,,,,,,,,,,,,,,,,,,,,,,,,
2009-10-31,KR,,,,,,,,,,,,,,,,,,,,,,,,,,,,,,,,,,,,,,0.0,,,,,,,,,,,,,,,,,,,,,,,,,,,,,,,,,,,,,,,,,,,,,,,,,,,,2009-12-08,,-0.6772,,pre-market,,,,,,,,,,,,,,,,,,,,,,,,,
2010-01-31,KR,,,,,,,,,,,,,,,,,,,,,,,,,,,,,,,,,,,,,,0.0,,,,,,,,,,,,,,,,,,,,,,,,,,,,,,,,,,,,,,,,,,,,,,,,,,,,2010-03-09,,0.1968,,pre-market,,,,,,,,,,,,,,,,,,,,,,,,,
2010-04-30,KR,,,,,,,,,,,,,,,,,,,,,,,,,,,,,,,,,,,,,,0.0,,,,,,,,,,,,,,,,,,,,,,,,,,,,,,,,,,,,,,,,,,,,,,,,,,,,2010-05-31,,0.2876,,pre-market,,,,,,,,,,,,,,,,,,,,,,,,,
2010-07-31,KR,,,,,,,,,,,,,,,,,,,,,,,,,,,,,,,,,,,,,,0.0,,,,,,,,,,,,,,,,,,,,,,,,,,,,,,,,,,,,,,,,,,,,,,,,,,,,2010-08-31,,0.2031,,pre-market,,,,,,,,,,,,,,,,,,,,,,,,,
2010-10-31,KR,,,,,,,,,,,,,,,,,,,,,,,,,,,,,,,,,,,,,,0.0,,,,,,,,,,,,,,,,,,,,,,,,,,,,,,,,,,,,,,,,,,,,,,,,,,,,2010-12-02,,0.158,,pre-market,,,,,,,,,,,,,,,,,,,,,,,,,
2011-01-31,KR,,,,,,,,,,,,,,,,,,,,,,,,,,,,,,,,,,,,,,0.0,,,,,,,,,,,,,,,,,,,,,,,,,,,,,,,,,,,,,,,,,,,,,,,,,,,,2011-03-03,,0.2195,,pre-market,,,,,,,,,,,,,,,,,,,,,,,,,
2011-04-30,KR,,,,,,,,,,,,,,,,,,,,,,,,,,,,,,,,,,,,,,0.0,,,,,,,,,,,,,,,,,,,,,,,,,,,,,,,,,,,,,,,,,,,,,,,,,,,,2011-05-31,,0.3505,,pre-market,,,,,,,,,,,,,,,,,,,,,,,,,
2011-07-31,KR,,,,,,,,,,,,,,,,,,,,,,,,,,,,,,,,,,,,,,0.0,,,,,,,,,,,,,,,,,,,,,,,,,,,,,,,,,,,,,,,,,,,,,,,,,,,,2011-08-31,,0.2325,,pre-market,,,,,,,,,,,,,,,,,,,,,,,,,
2011-10-31,KR,,,,,,,,,,,,,,,,,,,,,,,,,,,,,,,,,,,,,,0.0,,,,,,,,,,,,,,,,,,,,,,,,,,,,,,,,,,,,,,,,,,,,,,,,,,,,2011-12-01,,0.1655,,pre-market,,,,,,,,,,,,,,,,,,,,,,,,,
2012-01-31,KR,,,,,,,,,,,,,,,,,,,,,,,,,,,,,,,,,,,,,,0.0,,,,,,,,,,,,,,,,,,,,,,,,,,,,,,,,,,,,,,,,,,,,,,,,,,,,2012-03-01,,-0.2717,,pre-market,,,,,,,,,,,,,,,,,,,,,,,,,
2012-04-30,KR,,,,,,,,,,,,,,,,,,,,,,,,,,,,,,,,,,,,,,0.0,,,,,,,,,,,,,,,,,,,,,,,,,,,,,,,,,,,,,,,,,,,,,,,,,,,,2012-05-31,,0.39,,pre-market,,,,,,,,,,,,,,,,,,,,,,,,,
2012-07-31,KR,,,,,,,,,,,,,,,,,,,,,,,,,,,,,,,,,,,,,,0.0,,,,,,,,,,,,,,,,,,,,,,,,,,,,,,,,,,,,,,,,,,,,,,,,,,,,2012-08-31,,0.256,,pre-market,,,,,,,,,,,,,,,,,,,,,,,,,
2012-10-31,KR,,,,,,,,,,,,,,,,,,,,,,,,,,,,,,,,,,,,,,0.0,,,,,,,,,,,,,,,,,,,,,,,,,,,,,,,,,,,,,,,,,,,,,,,,,,,,2012-11-29,,0.3008,,pre-market,,,,,,,,,,,,,,,,,,,,,,,,,
2013-01-31,KR,,,,,,,,,,,,,,,,,,,,,,,,,,,,,,,,,,,,,,0.0,,,,,,,,,,,,,,,,,,,,,,,,,,,,,,,,,,,,,,,,,,,,,,,,,,,,2013-03-07,,0.4459,,pre-market,,,,,,,,,,,,,,,,,,,,,,,,,
2013-04-30,KR,,,,,,,,,,,,,,,,,,,,,,,,,,,,,,,,,,,,,,0.0,,,,,,,,,,,,,,,,,,,,,,,,,,,,,,,,,,,,,,,,,,,,,,,,,,,,2013-05-31,,0.4587,,pre-market,,,,,,,,,,,,,,,,,,,,,,,,,
2013-07-31,KR,,,,,,,,,,,,,,,,,,,,,,,,,,,,,,,,,,,,,,0.0,,,,,,,,,,,,,,,,,,,,,,,,,,,,,,,,,,,,,,,,,,,,,,,,,,,,2013-08-31,,0.3023,,pre-market,,,,,,,,,,,,,,,,,,,,,,,,,
2013-10-31,KR,,,,,,,,,,,,,,,,,,,,,,,,,,,,,,,,,,,,,,0.0,,,,,,,,,,,,,,,,,,,,,,,,,,,,,,,,,,,,,,,,,,,,,,,,,,,,2013-12-05,,0.285,,pre-market,,,,,,,,,,,,,,,,,,,,,,,,,
2014-01-31,KR,,,,,,,,,,,,,,,,,,,,,,,,,,,,,,,,,,,,,,0.0,,,,,,,,,,,,,,,,,,,,,,,,,,,,,,,,,,,,,,,,,,,,,,,,,,,,2014-03-06,,0.4052,,pre-market,,,,,,,,,,,,,,,,,,,,,,,,,
2014-04-30,KR,,,,,,,,,,,,,,,,,,,,,,,,,,,,,,,,,,,,,,0.0,,,,,,,,,,,,,,,,,,,,,,,,,,,,,,,,,,,,,,,,,,,,,,,,,,,,2014-05-31,,0.4901,,pre-market,,,,,,,,,,,,,,,,,,,,,,,,,
2014-07-31,KR,,,,,,,,,,,,,,,,,,,,,,,,,,,,,,,,,,,,,,0.0,,,,,,,,,,,,,,,,,,,,,,,,,,,,,,,,,,,,,,,,,,,,,,,,,,,,2014-08-31,,0.3493,,pre-market,,,,,,,,,,,,,,,,,,,,,,,,,
2014-10-31,KR,,,,,,,,,,,,,,,,,,,,,,,,,,,,,,,,,,,,,,0.0,,,,,,,,,,,,,,,,,,,,,,,,,,,,,,,,,,,,,,,,,,,,,,,,,,,,2014-12-04,,0.3638,,pre-market,,,,,,,,,,,,,,,,,,,,,,,,,
2015-01-31,KR,,,,,,,,,,,,,,,,,,,,,,,,,,,,,,,,,,,,,,0.15,,,0.89,,,,,,,,,,,,,,,,,,,,,,,,,,,,,,,,,,,,,,,,,,,,,,,,,2015-03-05,,1.04,,pre-market,,,,,,,,,,,,,16.8539,,,,,,,,,,,,
2015-04-30,KR,,,,,,,,,,,,,,,,,,,,,,,,,,,,,,,,,,,,,,0.0,,,0.89,,,,,,,,,,,,,,,,,,,,,,,,,,,,,,,,,,,,,,,,,,,,,,,,,2015-05-31,,0.623,,pre-market,,,,,,,,,,,,,16.8539,,,,,,,,,,,,
2015-07-31,KR,,,,,,,,,,,,,,,,,,,,,,,,,,,,,,,,,,,,,,0.0,,,0.89,,,,,,,,,,,,,,,,,,,,,,,,,,,,,,,,,,,,,,,,,,,,,,,,,2015-08-31,,0.4391,,pre-market,,,,,,,,,,,,,16.8539,,,,,,,,,,,,
2015-10-31,KR,,,,,,,,,,,,,,,,,,,,,,,,,,,,,,,,,,,,,,0.1231,,,0.31,,,,,,,,,,,,,,,,,,,,,,,,,,,,,,,,,,,,,,,,,,,,,,,,,2015-12-03,,0.4331,,pre-market,,,,,,,,,,,,,39.7097,,,,,,,,,,,,
2016-01-31,KR,,,,,,,,,,,,,,,,,,,,,,,,,,,,,,,,,,,,,,0.16,,,0.54,,,,,,,,,,,,,,,,,,,,,,,,,,,,,,,,,,,,,,,,,,,,,,,,,2016-03-03,,0.7,,pre-market,,,,,,,,,,,,,29.6296,,,,,,,,,,,,
2016-04-30,KR,,,,,,,,,,,,,,,,,,,,,,,,,,,,,,,,,,,,,,0.0,,,0.54,,,,,,,,,,,,,,,,,,,,,,,,,,,,,,,,,,,,,,,,,,,,,,,,,2016-05-31,,0.6977,,pre-market,,,,,,,,,,,,,29.6296,,,,,,,,,,,,
2016-07-31,KR,,,,,,,,,,,,,,,,,,,,,,,,,,,,,,,,,,,,,,0.0,,,0.54,,,,,,,,,,,,,,,,,,,,,,,,,,,,,,,,,,,,,,,,,,,,,,,,,2016-08-31,,0.3962,,pre-market,,,,,,,,,,,,,29.6296,,,,,,,,,,,,
2016-10-31,KR,,,,,,,,,,,,,,,,,,,,,,,,,,,,,,,,,,,,,,0.02,,,0.39,,,,,,,,,,,,,,,,,,,,,,,,,,,,,,,,,,,,,,,,,,,,,,,,,2016-12-01,,0.41,,pre-market,,,,,,,,,,,,,5.1282,,,,,,,,,,,,
2017-01-31,KR,,,,,,,,,,,,,,,,,,,,,,,,,,,,,,,,,,,,,,0.01,,,0.52,,,,,,,,,,,,,,,,,,,,,,,,,,,,,,,,,,,,,,,,,,,,,,,,,2017-03-02,,0.53,,pre-market,,,,,,,,,,,,,1.9231,,,,,,,,,,,,
2017-04-30,KR,,,,,,,,,,,,,,,,,,,,,,,,,,,,,,,,,,,,,,-0.11,,,0.69,,,,,,,,,,,,,,,,,,,,,,,,,,,,,,,,,,,,,,,,,,,,,,,,,2017-06-15,,0.58,,pre-market,,,,,,,,,,,,,-15.942,,,,,,,,,,,,
2017-07-31,KR,,,,,,,,,,,,,,,,,,,,,,,,,,,,,,,,,,,,,,-0.06,,,0.45,,,,,,,,,,,,,,,,,,,,,,,,,,,,,,,,,,,,,,,,,,,,,,,,,2017-09-08,,0.39,,pre-market,,,,,,,,,,,,,-13.3333,,,,,,,,,,,,
2017-10-31,KR,,,,,,,,,,,,,,,,,,,,,,,,,,,,,,,,,,,,,,0.03,,,0.41,,,,,,,,,,,,,,,,,,,,,,,,,,,,,,,,,,,,,,,,,,,,,,,,,2017-11-30,,0.44,,pre-market,,,,,,,,,,,,,7.3171,,,,,,,,,,,,
2018-01-31,KR,,,,,,,,,,,,,,,,,,,,,,,,,,,,,,,,,,,,,,0.0,,,0.63,,,,,,,,,,,,,,,,,,,,,,,,,,,,,,,,,,,,,,,,,,,,,,,,,2018-03-08,,0.63,,pre-market,,,,,,,,,,,,,0.0,,,,,,,,,,,,
2018-04-30,KR,,,,,,,,,,,,,,,,,,,,,,,,,,,,,,,,,,,,,,0.1,,,0.63,,,,,,,,,,,,,,,,,,,,,,,,,,,,,,,,,,,,,,,,,,,,,,,,,2018-06-21,,0.73,,pre-market,,,,,,,,,,,,,15.873,,,,,,,,,,,,
2018-07-31,KR,,,,,,,,,,,,,,,,,,,,,,,,,,,,,,,,,,,,,,0.04,,,0.37,,,,,,,,,,,,,,,,,,,,,,,,,,,,,,,,,,,,,,,,,,,,,,,,,2018-09-13,,0.41,,pre-market,,,,,,,,,,,,,10.8108,,,,,,,,,,,,
2018-10-31,KR,,,,,,,,,,,,,,,,,,,,,,,,,,,,,,,,,,,,,,0.05,,,0.43,,,,,,,,,,,,,,,,,,,,,,,,,,,,,,,,,,,,,,,,,,,,,,,,,2018-12-06,,0.48,,pre-market,,,,,,,,,,,,,11.6279,,,,,,,,,,,,
2019-01-31,KR,,,,,,,,,,,,,,,,,,,,,,,,,,,,,,,,,,,,,,-0.04,,,0.52,,,,,,,,,,,,,,,,,,,,,,,,,,,,,,,,,,,,,,,,,,,,,,,,,2019-03-07,,0.48,,pre-market,,,,,,,,,,,,,-7.6923,,,,,,,,,,,,
2019-04-30,KR,,,,,,,,,,,,,,,,,,,,,,,,,,,,,,,,,,,,,,0.01,,,0.71,,,,,,,,,,,,,,,,,,,,,,,,,,,,,,,,,,,,,,,,,,,,,,,,,2019-06-20,,0.72,,pre-market,,,,,,,,,,,,,1.4085,,,,,,,,,,,,
2019-07-31,KR,,,,,,,,,,,,,,,,,,,,,,,,,,,,,,,,,,,,,,0.03,,,0.41,,,,,,,,,,,,,,,,,,,,,,,,,,,,,,,,,,,,,,,,,,,,,,,,,2019-09-12,,0.44,,pre-market,,,,,,,,,,,,,7.3171,,,,,,,,,,,,
2019-10-31,KR,,,,,,,,,,,,,,,,,,,,,,,,,,,,,,,,,,,,,,-0.02,,,0.49,,,,,,,,,,,,,,,,,,,,,,,,,,,,,,,,,,,,,,,,,,,,,,,,,2019-12-05,,0.47,,pre-market,,,,,,,,,,,,,-4.0816,,,,,,,,,,,,
2020-01-31,KR,,,,,,,,,,,,,,,,,,,,,,,,,,,,,,,,,,,,,,0.01,,,0.56,,,,,,,,,,,,,,,,,,,,,,,,,,,,,,,,,,,,,,,,,,,,,,,,,2020-03-05,,0.57,,pre-market,,,,,,,,,,,,,1.7857,,,,,,,,,,,,
2020-04-30,KR,,,,,,,,,,,,,,,,,,,,,,,,,,,,,,,,,,,,,,0.1,,,1.12,,,,,,,,,,,,,,,,,,,,,,,,,,,,,,,,,,,,,,,,,,,,,,,,,2020-06-18,,1.22,,pre-market,,,,,,,,,,,,,8.9286,,,,,,,,,,,,
2020-07-31,KR,,,,,,,,,,,,,,,,,,,,,,,,,,,,,,,,,,,,,,0.19,,,0.54,,,,,,,,,,,,,,,,,,,,,,,,,,,,,,,,,,,,,,,,,,,,,,,,,2020-09-11,,0.73,,pre-market,,,,,,,,,,,,,35.1852,,,,,,,,,,,,
2020-10-31,KR,,,,,,,,,,,,,,,,,,,,,,,,,,,,,,,,,,,,,,0.0433,,,0.6667,,,,,,,,,,,,,,,,,,,,,,,,,,,,,,,,,,,,,,,,,,,,,,,,,2020-12-03,,0.71,,pre-market,,,,,,,,,,,,,6.4947,,,,,,,,,,,,
2021-01-31,KR,,,,,,,,,,,,,,,,,,,,,,,,,,,,,,,,,,,,,,0.1212,,,0.6888,,,,,,,,,,,,,,,,,,,,,,,,,,,,,,,,,,,,,,,,,,,,,,,,,2021-03-04,,0.81,,pre-market,,,,,,,,,,,,,17.5958,,,,,,,,,,,,
2021-04-30,KR,,,,,,,,,,,,,,,,,,,,,,,,,,,,,,,,,,,,,,0.18,,,1.01,,,,,,,,,,,,,,,,,,,,,,,,,,,,,,,,,,,,,,,,,,,,,,,,,2021-06-17,,1.19,,pre-market,,,,,,,,,,,,,17.8218,,,,,,,,,,,,
2021-07-31,KR,,,,,,,,,,,,,,,,,,,,,,,,,,,,,,,,,,,,,,0.157,,,0.643,,,,,,,,,,,,,,,,,,,,,,,,,,,,,,,,,,,,,,,,,,,,,,,,,2021-09-10,,0.8,,pre-market,,,,,,,,,,,,,24.4168,,,,,,,,,,,,
2021-10-31,KR,,,,,,,,,,,,,,,,,,,,,,,,,,,,,,,,,,,,,,0.1135,,,0.6665,,,,,,,,,,,,,,,,,,,,,,,,,,,,,,,,,,,,,,,,,,,,,,,,,2021-12-02,,0.78,,pre-market,,,,,,,,,,,,,17.0293,,,,,,,,,,,,
2022-01-31,KR,,,,,,,,,,,,,,,,,,,,,,,,,,,,,,,,,,,,,,0.0,,,0.91,,,,,,,,,,,,,,,,,,,,,,,,,,,,,,,,,,,,,,,,,,,,,,,,,2022-03-03,,0.91,,pre-market,,,,,,,,,,,,,0.0,,,,,,,,,,,,
2022-04-30,KR,,,,,,,,,,,,,,,,,,,,,,,,,,,,,,,,,,,,,,0.0,,,1.45,,,,,,,,,,,,,,,,,,,,,,,,,,,,,,,,,,,,,,,,,,,,,,,,,2022-06-16,,1.45,,pre-market,,,,,,,,,,,,,0.0,,,,,,,,,,,,
2022-07-31,KR,,,,,,,,,,,,,,,,,,,,,,,,,,,,,,,,,,,,,,0.0,,,0.9,,,,,,,,,,,,,,,,,,,,,,,,,,,,,,,,,,,,,,,,,,,,,,,,,2022-09-09,,0.9,,pre-market,,,,,,,,,,,,,0.0,,,,,,,,,,,,
2022-10-31,KR,,,,,,,,,,,,,,,,,,,,,,,,,,,,,,,,,,,,,,0.07,,,0.81,,,,,,,,,,,,,,,,,,,,,,,,,,,,,,,,,,,,,,,,,,,,,,,,,2022-12-01,,0.88,,pre-market,,,,,,,,,,,,,8.642,,,,,,,,,,,,
2023-01-31,KR,,,,,,,,,,,,,,,,,,,,,,,,,,,,,,,,,,,,,,0.09,,,0.9,,,,,,,,,,,,,,,,,,,,,,,,,,,,,,,,,,,,,,,,,,,,,,,,,2023-03-02,,0.99,,pre-market,,,,,,,,,,,,,10.0,,,,,,,,,,,,
2023-04-30,KR,,,,,,,,,,,,,,,,,,,,,,,,,,,,,,,,,,,,,,0.07,,,1.44,,,,,,,,,,,,,,,,,,,,,,,,,,,,,,,,,,,,,,,,,,,,,,,,,2023-06-15,,1.51,,pre-market,,,,,,,,,,,,,4.8611,,,,,,,,,,,,
2023-07-31,KR,,,,,,,,,,,,,,,,,,,,,,,,,,,,,,,,,,,,,,0.05,,,0.91,,,,,,,,,,,,,,,,,,,,,,,,,,,,,,,,,,,,,,,,,,,,,,,,,2023-09-08,,0.96,,pre-market,,,,,,,,,,,,,5.4945,,,,,,,,,,,,
2023-10-31,KR,,,,,,,,,,,,,,,,,,,,,,,,,,,,,,,,,,,,,,0.05,,,0.9,,,,,,,,,,,,,,,,,,,,,,,,,,,,,,,,,,,,,,,,,,,,,,,,,2023-11-30,,0.95,,pre-market,,,,,,,,,,,,,5.5556,,,,,,,,,,,,
2024-01-31,KR,,,,,,,,,,,,,,,,,,,,,,,,,,,,,,,,,,,,,,0.21,,,1.13,,,,,,,,,,,,,,,,,,,,,,,,,,,,,,,,,,,,,,,,,,,,,,,,,2024-03-07,,1.34,,pre-market,,,,,,,,,,,,,18.5841,,,,,,,,,,,,
2024-04-30,KR,,,,,,,,,,,,,,,,,,,,,,,,,,,,,,,,,,,,,,0.09,,,1.34,,,,,,,,,,,,,,,,,,,,,,,,,,,,,,,,,,,,,,,,,,,,,,,,,2024-06-20,,1.43,,pre-market,,,,,,,,,,,,,6.7164,,,,,,,,,,,,
2024-07-31,KR,,,,,,,,,,,,,,,,,,,,,,,,,,,,,,,,,,,,,,0.02,,,0.91,,,,,,,,,,,,,,,,,,,,,,,,,,,,,,,,,,,,,,,,,,,,,,,,,2024-09-12,,0.93,,pre-market,,,,,,,,,,,,,2.1978,,,,,,,,,,,,
2024-10-31,KR,,,,,,,,,,,,,,,,,,,,,,,,,,,,,,,,,,,,,,0.0,,,0.98,,,,,,,,,,,,,,,,,,,,,,,,,,,,,,,,,,,,,,,,,,,,,,,,,2024-12-05,,0.98,,pre-market,,,,,,,,,,,,,0.0,,,,,,,,,,,,
2025-01-31,KR,,,,,,,,,,,,,,,,,,,,,,,,,,,,,,,,,,,,,,0.03,,,1.11,,,,,,,,,,,,,,,,,,,,,,,,,,,,,,,,,,,,,,,,,,,,,,,,,2025-03-06,,1.14,,pre-market,,,,,,,,,,,,,2.7027,,,,,,,,,,,,
2025-04-30,KR,,,,,,,,,,,,,,,,,,,,,,,,,,,,,,,,,,,,,,0.03,,,1.46,,,,,,,,,,,,,,,,,,,,,,,,,,,,,,,,,,,,,,,,,,,,,,,,,2025-06-20,,1.49,,pre-market,,,,,,,,,,,,,2.0548,,,,,,,,,,,,
2025-07-31,KR,,,,,,,,,,,,,,,,,,,,,,,,,,,,,,,,,,,,,,0.04,,,1.0,,,,,,,,,,,,,,,,,,,,,,,,,,,,,,,,,,,,,,,,,,,,,,,,,2025-09-11,,1.04,,pre-market,,,,,,,,,,,,,4.0,,,,,,,,,,,,
2025-10-31,KR,,,,,,,,,,,,,,,,,,,,,,,,,,,,,,,,,,,,,,0.07,,,0.98,,,,,,,,,,,,,,,,,,,,,,,,,,,,,,,,,,,,,,,,,,,,,,,,,2025-12-04,,1.05,,pre-market,,,,,,,,,,,,,7.1429,,,,,,,,,,,,
2025-12-28,KR,1.13,147225002000.0,55.97,,0.577,12.34,,,,,,,,,,,,,,,,,,,,,,,,,,1.34,0.0213,,,,0.422,0.07,,,0.98,,11.82,,35370000000.0,,,,,,,,,,,,,,,,,,,0.031,,,,,,,,,,,,,1.251,5.68,0.285,,,,,,,,0.0054,,,2025-12-04,,1.05,,pre-market,,,0.0519,0.08,0.007,220.48,,,,,67.96,65.27,7.1429,,,,,,,,,55.97,,74.13,56.96
2025-12-28,KR,1.13,147225002000.0,55.97,,0.577,12.34,,,,,,,,,,,,,,,None,26739000000,26739000000,,,,,,None,782000000,,1.34,0.0213,,,,0.422,0.07,-1644000000,-862000000,0.98,2025-10-31,11.82,,35370000000.0,7120000000,-1790000000,-475000000,,,None,146000000,247000000,,None,,,,,-1320000000,-1315000000,-146000000,None,0.031,,8661000000,-1541000000,,,,,None,,,,,1.251,5.68,0.285,,,,,,,,0.0054,,,2025-12-04,quarterly,1.05,USD,pre-market,None,,0.0519,0.08,0.007,220.48,8467000000,,,,67.96,65.27,7.1429,,,,,,,33859000000,,55.97,,74.13,56.96
2025-12-28,KR,1.13,147225002000.0,55.97,,0.577,12.34,,,,,,,,,,,,,,,None,26130000000,26130000000,,,,,,None,912000000,,1.34,0.0213,,,,0.422,0.07,916000000,1828000000,0.98,2025-07-31,11.82,,35370000000.0,7810000000,772000000,162000000,,,None,144000000,88000000,,None,,,,,609000000,610000000,-144000000,None,0.031,,6947000000,863000000,,,,,None,,,,,1.251,5.68,0.285,,,,,,,,0.0054,,,2025-12-04,quarterly,1.05,USD,pre-market,None,,0.0519,0.08,0.007,220.48,202000000,,,,67.96,65.27,7.1429,,,,,,,33940000000,,55.97,,74.13,56.96
2025-12-28,KR,1.13,147225002000.0,55.97,,0.577,12.34,,,,,,,,,,,,,,,None,34551000000,34551000000,,,,,,None,1235000000,,1.34,0.0213,,,,0.422,0.07,1302000000,2537000000,0.98,2025-04-30,11.82,,35370000000.0,10567000000,1103000000,235000000,,,None,265000000,218000000,,None,,,,,866000000,868000000,-199000000,None,0.031,,9245000000,1322000000,,,,,None,,,,,1.251,5.68,0.285,,,,,,,,0.0054,,,2025-12-04,quarterly,1.05,USD,pre-market,None,,0.0519,0.08,0.007,220.48,271000000,,,,67.96,65.27,7.1429,,,,,,,45118000000,,55.97,,74.13,56.96
2025-12-28,KR,1.13,147225002000.0,55.97,,0.577,12.34,,,,,,,,,,,,,,,None,26388000000,26388000000,,,,,,None,898000000,,1.34,0.0213,,,,0.422,0.07,892000000,1790000000,0.98,2025-01-31,11.82,,35370000000.0,7920000000,736000000,102000000,,,None,159000000,179000000,,None,,,,,634000000,634000000,-156000000,None,0.031,,7008000000,912000000,,,,,None,,,,,1.251,5.68,0.285,,,,,,,,0.0054,,,2025-12-04,quarterly,1.05,USD,pre-market,None,,0.0519,0.08,0.007,220.48,205000000,,,,67.96,65.27,7.1429,,,,,,,34308000000,,55.97,,74.13,56.96
2025-12-28,KR,1.13,147225002000.0,55.97,,0.577,12.34,,,,,,,,,,,,,,,None,25948000000,25948000000,,,,,,None,896000000,,1.34,0.0213,,,,0.422,0.07,890000000,1786000000,0.98,2024-10-31,11.82,,35370000000.0,7686000000,804000000,187000000,,,None,88000000,106000000,,None,,,,,618000000,617000000,-86000000,None,0.031,,6858000000,828000000,,,,,None,,,,,1.251,5.68,0.285,,,,,,,,0.0054,,,2025-12-04,quarterly,1.05,USD,pre-market,None,,0.0519,0.08,0.007,220.48,203000000,,,,67.96,65.27,7.1429,,,,,,,33634000000,,55.97,,74.13,56.96
2025-12-28,KR,1.13,147225002000.0,55.97,,0.577,12.34,,,,,,,,,,,,,,,None,26261000000,26261000000,,,,,,None,890000000,,1.34,0.0213,,,,0.422,0.07,697000000,1587000000,0.98,2024-07-31,11.82,,35370000000.0,7651000000,613000000,148000000,,,None,86000000,None,,None,,,,,466000000,465000000,-84000000,None,0.031,,6836000000,815000000,,,,,None,,,,,1.251,5.68,0.285,,,,,,,,0.0054,,,2025-12-04,quarterly,1.05,USD,pre-market,None,,0.0519,0.08,0.007,220.48,199000000,,,,67.96,65.27,7.1429,,,,,,,33912000000,,55.97,,74.13,56.96
2025-12-28,KR,1.13,147225002000.0,55.97,,0.577,12.34,,,,,,,,,,,,,,,None,35124000000,35124000000,,,,,,None,1165000000,,1.34,0.0213,,,,0.422,0.07,1314000000,2479000000,0.98,2024-04-30,11.82,,35370000000.0,10145000000,1191000000,235000000,,,None,126000000,None,,None,,,,,947000000,956000000,-123000000,None,0.031,,8851000000,1294000000,,,,,None,,,,,1.251,5.68,0.285,,,,,,,,0.0054,,,2025-12-04,quarterly,1.05,USD,pre-market,None,,0.0519,0.08,0.007,220.48,269000000,,,,67.96,65.27,7.1429,,,,,,,45269000000,,55.97,,74.13,56.96
2025-12-28,KR,1.13,147225002000.0,55.97,,0.577,12.34,,,,,,,,,,,,,,,None,28643000000,28643000000,,,,,,None,882000000,,1.34,0.0213,,,,0.422,0.07,1034000000,1916000000,0.98,2024-01-31,11.82,,35370000000.0,8421000000,934000000,195000000,,,None,102000000,None,,None,,,,,736000000,739000000,-100000000,None,0.031,,7227000000,1194000000,,,,,None,,,,,1.251,5.68,0.285,,,,,,,,0.0054,,,2025-12-04,quarterly,1.05,USD,pre-market,None,,0.0519,0.08,0.007,220.48,220000000,,,,67.96,65.27,7.1429,,,,,,,37064000000,,55.97,,74.13,56.96
2025-12-28,KR,1.13,147225002000.0,55.97,,0.577,12.34,,,,,,,,,,,,,,,None,26477000000,26477000000,,,,,,None,864000000,,1.34,0.0213,,,,0.422,0.07,945000000,1809000000,0.98,2023-10-31,11.82,,35370000000.0,7480000000,851000000,204000000,,,None,96000000,None,,None,,,,,646000000,739000000,-100000000,None,0.031,,6568000000,912000000,,,,,None,,,,,1.251,5.68,0.285,,,,,,,,0.0054,,,2025-12-04,quarterly,1.05,USD,pre-market,None,,0.0519,0.08,0.007,220.48,201000000,,,,67.96,65.27,7.1429,,,,,,,33957000000,,55.97,,74.13,56.96
2025-12-28,KR,1.13,147225002000.0,55.97,,0.577,12.34,,,,,,,,,,,,,,,None,26475000000,26475000000,,,,,,None,859000000,,1.34,0.0213,,,,0.422,0.07,-104000000,755000000,0.98,2023-07-31,11.82,,35370000000.0,7378000000,-197000000,-18000000,,,None,95000000,274000000,,None,,,,,-180000000,647000000,-94000000,None,0.031,,7857000000,-479000000,,,,,None,,,,,1.251,5.68,0.285,,,,,,,,0.0054,,,2025-12-04,quarterly,1.05,USD,pre-market,None,,0.0519,0.08,0.007,220.48,206000000,,,,67.96,65.27,7.1429,,,,,,,33853000000,,55.97,,74.13,56.96
2025-12-28,KR,1.13,147225002000.0,55.97,,0.577,12.34,,,,,,,,,,,,,,,None,35080000000,35080000000,,,,,,None,1145000000,,1.34,0.0213,,,,0.422,0.07,1401000000,2546000000,0.98,2023-04-30,11.82,,35370000000.0,10085000000,1248000000,286000000,,,None,155000000,231000000,,None,,,,,962000000,-179000000,-93000000,None,0.031,,8615000000,1470000000,,,,,None,,,,,1.251,5.68,0.285,,,,,,,,0.0054,,,2025-12-04,quarterly,1.05,USD,pre-market,None,,0.0519,0.08,0.007,220.48,265000000,,,,67.96,65.27,7.1429,,,,,,,45165000000,,55.97,,74.13,56.96
2025-12-28,KR,1.13,147225002000.0,55.97,,0.577,12.34,,,,,,,,,,,,,,,None,27246000000,27246000000,,,,,,None,849000000,,1.34,0.0213,,,,0.422,0.07,736000000,1585000000,0.98,2023-01-31,11.82,,35370000000.0,7576000000,623000000,172000000,,,None,115000000,None,,None,,,,,451000000,962000000,-153000000,None,0.031,,6750000000,826000000,,,,,None,,,,,1.251,5.68,0.285,,,,,,,,0.0054,,,2025-12-04,quarterly,1.05,USD,pre-market,None,,0.0519,0.08,0.007,220.48,197000000,,,,67.96,65.27,7.1429,,,,,,,34822000000,,55.97,,74.13,56.96
2025-12-28,KR,1.13,147225002000.0,55.97,,0.577,12.34,,,,,,,,,,,,,,,None,26890000000,26890000000,,,,,,None,827000000,,1.34,0.0213,,,,0.422,0.07,645000000,1472000000,0.98,2022-10-31,11.82,,35370000000.0,7308000000,526000000,126000000,,,None,121000000,326000000,,None,,,,,398000000,451000000,-113000000,None,0.031,,6467000000,841000000,,,,,None,,,,,1.251,5.68,0.285,,,,,,,,0.0054,,,2025-12-04,quarterly,1.05,USD,pre-market,None,,0.0519,0.08,0.007,220.48,195000000,,,,67.96,65.27,7.1429,,,,,,,34198000000,,55.97,,74.13,56.96
2025-12-28,KR,1.13,147225002000.0,55.97,,0.577,12.34,,,,,,,,,,,,,,,None,27392000000,27392000000,,,,,,None,827000000,,1.34,0.0213,,,,0.422,0.07,1068000000,1895000000,0.98,2022-07-31,11.82,,35370000000.0,7246000000,941000000,209000000,,,None,129000000,24000000,,None,,,,,724000000,400000000,-119000000,None,0.031,,6292000000,954000000,,,,,None,,,,,1.251,5.68,0.285,,,,,,,,0.0054,,,2025-12-04,quarterly,1.05,USD,pre-market,None,,0.0519,0.08,0.007,220.48,191000000,,,,67.96,65.27,7.1429,,,,,,,34638000000,,55.97,,74.13,56.96
2025-12-28,KR,1.13,147225002000.0,55.97,,0.577,12.34,,,,,,,,,,,,,,,None,34952000000,34952000000,,,,,,None,1076000000,,1.34,0.0213,,,,0.422,0.07,989000000,2065000000,0.98,2022-04-30,11.82,,35370000000.0,9648000000,812000000,146000000,,,None,180000000,709000000,,None,,,,,664000000,732000000,-127000000,None,0.031,,8143000000,1505000000,,,,,None,,,,,1.251,5.68,0.285,,,,,,,,0.0054,,,2025-12-04,quarterly,1.05,USD,pre-market,None,,0.0519,0.08,0.007,220.48,256000000,,,,67.96,65.27,7.1429,,,,,,,44600000000,,55.97,,74.13,56.96
2025-12-28,KR,1.13,147225002000.0,55.97,,0.577,12.34,,,,,,,,,,,,,,,None,25719000000,25719000000,,,,,,None,793000000,,1.34,0.0213,,,,0.422,0.07,848000000,1641000000,0.98,2022-01-31,11.82,,35370000000.0,7329000000,715000000,146000000,,,None,133000000,None,,None,,,,,566000000,666000000,-177000000,None,0.031,,6364000000,965000000,,,,,None,,,,,1.251,5.68,0.285,,,,,,,,0.0054,,,2025-12-04,quarterly,1.05,USD,pre-market,None,,0.0519,0.08,0.007,220.48,197000000,,,,67.96,65.27,7.1429,,,,,,,33048000000,,55.97,,74.13,56.96
2025-12-28,KR,1.13,147225002000.0,55.97,,0.577,12.34,,,,,,,,,,,,,,,None,24959000000,24959000000,,,,,,None,796000000,,1.34,0.0213,,,,0.422,0.07,697000000,1493000000,0.98,2021-10-31,11.82,,35370000000.0,6901000000,562000000,77000000,,,None,135000000,229000000,,None,,,,,483000000,569000000,-133000000,None,0.031,,6033000000,868000000,,,,,None,,,,,1.251,5.68,0.285,,,,,,,,0.0054,,,2025-12-04,quarterly,1.05,USD,pre-market,None,,0.0519,0.08,0.007,220.48,197000000,,,,67.96,65.27,7.1429,,,,,,,31860000000,,55.97,,74.13,56.96
2025-12-28,KR,1.13,147225002000.0,55.97,,0.577,12.34,,,,,,,,,,,,,,,None,24914000000,24914000000,,,,,,None,788000000,,1.34,0.0213,,,,0.422,0.07,732000000,1520000000,0.98,2021-07-31,11.82,,35370000000.0,6768000000,595000000,126000000,,,None,137000000,259000000,,None,,,,,467000000,485000000,-135000000,None,0.031,,5929000000,839000000,,,,,None,,,,,1.251,5.68,0.285,,,,,,,,0.0054,,,2025-12-04,quarterly,1.05,USD,pre-market,None,,0.0519,0.08,0.007,220.48,191000000,,,,67.96,65.27,7.1429,,,,,,,31682000000,,55.97,,74.13,56.96
2025-12-28,KR,1.13,147225002000.0,55.97,,0.577,12.34,,,,,,,,,,,,,,,None,31947000000,31947000000,,,,,,None,1052000000,,1.34,0.0213,,,,0.422,0.07,345000000,1397000000,0.98,2021-04-30,11.82,,35370000000.0,9351000000,179000000,36000000,,,None,176000000,644000000,,None,,,,,139000000,143000000,-165000000,None,0.031,,8546000000,805000000,,,,,None,,,,,1.251,5.68,0.285,,,,,,,,0.0054,,,2025-12-04,quarterly,1.05,USD,pre-market,None,,0.0519,0.08,0.007,220.48,260000000,,,,67.96,65.27,7.1429,,,,,,,41298000000,,55.97,,74.13,56.96
2025-12-28,KR,1.13,147225002000.0,55.97,,0.577,12.34,,,,,,,,,,,,,,,None,23691000000,23691000000,,,,,,None,819000000,,1.34,0.0213,,,,0.422,0.07,-4000000,815000000,0.98,2021-01-31,11.82,,35370000000.0,7046000000,-110000000,-34000000,,,None,106000000,None,,None,,,,,-77000000,143000000,-165000000,None,0.031,,7204000000,-158000000,,,,,None,,,,,1.251,5.68,0.285,,,,,,,,0.0054,,,2025-12-04,quarterly,1.05,USD,pre-market,None,,0.0519,0.08,0.007,220.48,192000000,,,,67.96,65.27,7.1429,,,,,,,30737000000,,55.97,,74.13,56.96
2025-12-28,KR,1.13,147225002000.0,55.97,,0.577,12.34,,,,,,,,,,,,,,,None,22901000000,22901000000,,,,,,None,776000000,,1.34,0.0213,,,,0.422,0.07,963000000,1739000000,0.98,2020-10-31,11.82,,35370000000.0,6822000000,834000000,202000000,,,None,130000000,33000000,,None,,,,,631000000,632000000,-106000000,None,0.031,,6030000000,792000000,,,,,None,,,,,1.251,5.68,0.285,,,,,,,,0.0054,,,2025-12-04,quarterly,1.05,USD,pre-market,None,,0.0519,0.08,0.007,220.48,205000000,,,,67.96,65.27,7.1429,,,,,,,29723000000,,55.97,,74.13,56.96
2025-12-28,KR,1.13,147225002000.0,55.97,,0.577,12.34,,,,,,,,,,,,,,,None,23551000000,23551000000,,,,,,None,760000000,,1.34,0.0213,,,,0.422,0.07,1196000000,1956000000,0.98,2020-07-31,11.82,,35370000000.0,6938000000,1061000000,241000000,,,None,136000000,233000000,,None,,,,,819000000,820000000,-129000000,None,0.031,,6118000000,820000000,,,,,None,,,,,1.251,5.68,0.285,,,,,,,,0.0054,,,2025-12-04,quarterly,1.05,USD,pre-market,None,,0.0519,0.08,0.007,220.48,204000000,,,,67.96,65.27,7.1429,,,,,,,30489000000,,55.97,,74.13,56.96
2025-12-28,KR,1.13,147225002000.0,55.97,,0.577,12.34,,,,,,,,,,,,,,,None,31454000000,31454000000,,,,,,None,1018000000,,1.34,0.0213,,,,0.422,0.07,1759000000,2777000000,0.98,2020-04-30,11.82,,35370000000.0,10095000000,1585000000,373000000,,,None,176000000,248000000,,None,,,,,1212000000,820000000,-135000000,None,0.031,,8769000000,1326000000,,,,,None,,,,,1.251,5.68,0.285,,,,,,,,0.0054,,,2025-12-04,quarterly,1.05,USD,pre-market,None,,0.0519,0.08,0.007,220.48,273000000,,,,67.96,65.27,7.1429,,,,,,,41549000000,,55.97,,74.13,56.96
2025-12-28,KR,1.13,147225002000.0,55.97,,0.577,12.34,,,,,,,,,,,,,,,None,22507000000,22507000000,,,,,,None,1295000000,,1.34,0.0213,,,,0.422,0.07,530000000,1825000000,0.98,2020-01-31,11.82,,35370000000.0,6386000000,390000000,71000000,,,None,130000000,149000000,,None,,,,,327000000,1212000000,-174000000,None,0.031,,5849000000,537000000,,,,,None,,,,,1.251,5.68,0.285,,,,,,,,0.0054,,,2025-12-04,quarterly,1.05,USD,pre-market,None,,0.0519,0.08,0.007,220.48,209000000,,,,67.96,65.27,7.1429,,,,,,,28893000000,,55.97,,74.13,56.96
2025-12-28,KR,1.13,147225002000.0,55.97,,0.577,12.34,,,,,,,,,,,,,,,None,21798000000,21798000000,,,,,,None,772000000,,1.34,0.0213,,,,0.422,0.07,359000000,1131000000,0.98,2019-10-31,11.82,,35370000000.0,6176000000,222000000,79000000,,,None,139000000,31000000,,None,,,,,263000000,319000000,-140000000,None,0.031,,5922000000,254000000,,,,,None,,,,,1.251,5.68,0.285,,,,,,,,0.0054,,,2025-12-04,quarterly,1.05,USD,pre-market,None,,0.0519,0.08,0.007,220.48,201000000,,,,67.96,65.27,7.1429,,,,,,,27974000000,,55.97,,74.13,56.96
2025-12-28,KR,1.13,147225002000.0,55.97,,0.577,12.34,,,,,,,,,,,,,,,None,22007000000,22007000000,,,,,,None,740000000,,1.34,0.0213,,,,0.422,0.07,510000000,1250000000,0.98,2019-07-31,11.82,,35370000000.0,6161000000,380000000,93000000,,,None,132000000,175000000,,None,,,,,297000000,143000000,-137000000,None,0.031,,5602000000,559000000,,,,,None,,,,,1.251,5.68,0.285,,,,,,,,0.0054,,,2025-12-04,quarterly,1.05,USD,pre-market,None,,0.0519,0.08,0.007,220.48,200000000,,,,67.96,65.27,7.1429,,,,,,,28168000000,,55.97,,74.13,56.96
2025-12-28,KR,1.13,147225002000.0,55.97,,0.577,12.34,,,,,,,,,,,,,,,None,28983000000,28983000000,,,,,,None,976000000,,1.34,0.0213,,,,0.422,0.07,1186000000,2162000000,0.98,2019-04-30,11.82,,35370000000.0,8268000000,989000000,226000000,,,None,199000000,None,,None,,,,,772000000,287000000,-130000000,None,0.031,,7367000000,901000000,,,,,None,,,,,1.251,5.68,0.285,,,,,,,,0.0054,,,2025-12-04,quarterly,1.05,USD,pre-market,None,,0.0519,0.08,0.007,220.48,274000000,,,,67.96,65.27,7.1429,,,,,,,37251000000,,55.97,,74.13,56.96
2025-12-28,KR,1.13,147225002000.0,55.97,,0.577,12.34,,,,,,,,,,,,,,,None,21903000000,21903000000,,,,,,None,581000000,,1.34,0.0213,,,,0.422,0.07,458000000,1039000000,0.98,2019-01-31,11.82,,35370000000.0,6188000000,317000000,66000000,,,None,142000000,None,,None,,,,,259000000,None,None,None,0.031,,5799000000,389000000,,,,,None,,,,,1.251,5.68,0.285,,,,,,,,0.0054,,,2025-12-04,quarterly,1.05,USD,pre-market,None,,0.0519,0.08,0.007,220.48,204000000,,,,67.96,65.27,7.1429,,,,,,,28091000000,,55.97,,74.13,56.96
2025-12-28,KR,1.13,147225002000.0,55.97,,0.577,12.34,,,,,,,,,,,,,,,None,21753000000,21753000000,,,,,,None,569000000,,1.34,0.0213,,,,0.422,0.07,542000000,1111000000,0.98,2018-10-31,11.82,,35370000000.0,6078000000,399000000,91000000,,,None,142000000,None,,None,,,,,317000000,308000000,None,None,0.031,,5431000000,647000000,,,,,None,,,,,1.251,5.68,0.285,,,,,,,,0.0054,,,2025-12-04,quarterly,1.05,USD,pre-market,0,,0.0519,0.08,0.007,220.48,200000000,,,,67.96,65.27,7.1429,,,,,,,27831000000,,55.97,,74.13,56.96
2025-12-28,KR,1.13,147225002000.0,55.97,,0.577,12.34,,,,,,,,,,,,,,,None,21976000000,21976000000,,,,,,None,574000000,,1.34,0.0213,,,,0.422,0.07,772000000,1346000000,0.98,2018-07-31,11.82,,35370000000.0,6038000000,628000000,127000000,,,None,144000000,None,,None,,,,,508000000,501000000,None,None,0.031,,5489000000,549000000,,,,,11000000,,,,,1.251,5.68,0.285,,,,,,,,0.0054,,,2025-12-04,quarterly,1.05,USD,pre-market,0,,0.0519,0.08,0.007,220.48,204000000,,,,67.96,65.27,7.1429,,,,,,,28014000000,,55.97,,74.13,56.96
2025-12-28,KR,1.13,147225002000.0,55.97,,0.577,12.34,,,,,,,,,,,,,,,None,29419000000,29419000000,,,,,,None,741000000,,1.34,0.0213,,,,0.422,0.07,2826000000,3567000000,0.98,2018-04-30,11.82,,35370000000.0,8303000000,2634000000,616000000,,,None,192000000,None,,None,,,,,2026000000,2018000000,None,None,0.031,,7274000000,1029000000,,,,,None,,,,,1.251,5.68,0.285,,,,,,,,0.0054,,,2025-12-04,quarterly,1.05,USD,pre-market,0,,0.0519,0.08,0.007,220.48,276000000,,,,67.96,65.27,7.1429,,,,,,,37722000000,,55.97,,74.13,56.96
2025-12-28,KR,1.13,147225002000.0,55.97,,0.577,12.34,,,,,,,,,,,,,,,None,24240000000,24240000000,,,,,,None,565000000,,1.34,0.0213,,,,0.422,0.07,44000000,609000000,0.98,2018-01-31,11.82,,35370000000.0,6791000000,-104000000,-957000000,,,None,148000000,None,,None,,,,,854000000,1293000000,None,None,0.031,,6747000000,44000000,,,,,None,,,,,1.251,5.68,0.285,,,,,,,,0.0054,,,2025-12-04,quarterly,1.05,USD,pre-market,0,,0.0519,0.08,0.007,220.48,220000000,,,,67.96,65.27,7.1429,,,,,,,31031000000,,55.97,,74.13,56.96
2025-12-28,KR,1.13,147225002000.0,55.97,,0.577,12.34,,,,,,,,,,,,,,,None,21532000000,21532000000,,,,,,None,572000000,,1.34,0.0213,,,,0.422,0.07,741000000,1313000000,0.98,2017-10-31,11.82,,35370000000.0,6217000000,604000000,215000000,,,None,136000000,None,,None,,,,,397000000,389000000,None,None,0.031,,5470000000,747000000,,,,,None,,,,,1.251,5.68,0.285,,,,,,,,0.0054,,,2025-12-04,quarterly,1.05,USD,pre-market,0,,0.0519,0.08,0.007,220.48,196000000,,,,67.96,65.27,7.1429,,,,,,,27749000000,,55.97,,74.13,56.96
2025-12-28,KR,1.13,147225002000.0,55.97,,0.577,12.34,,,,,,,,,,,,,,,None,21609000000,21609000000,,,,,,None,563000000,,1.34,0.0213,,,,0.422,0.07,678000000,1241000000,0.98,2017-07-31,11.82,,35370000000.0,5988000000,540000000,189000000,,,None,138000000,None,,None,,,,,353000000,351000000,None,None,0.031,,5304000000,684000000,,,,,None,,,,,1.251,5.68,0.285,,,,,,,,0.0054,,,2025-12-04,quarterly,1.05,USD,pre-market,0,,0.0519,0.08,0.007,220.48,225000000,,,,67.96,65.27,7.1429,,,,,,,27597000000,,55.97,,74.13,56.96
2025-12-28,KR,1.13,147225002000.0,55.97,,0.577,12.34,,,,,,,,,,,,,,,None,28281000000,28281000000,,,,,,None,736000000,,1.34,0.0213,,,,0.422,0.07,622000000,1358000000,0.98,2017-04-30,11.82,,35370000000.0,8004000000,445000000,148000000,,,None,177000000,None,,None,,,,,303000000,303000000,None,None,0.031,,7373000000,631000000,,,,,None,,,,,1.251,5.68,0.285,,,,,,,,0.0054,,,2025-12-04,quarterly,1.05,USD,pre-market,0,,0.0519,0.08,0.007,220.48,270000000,,,,67.96,65.27,7.1429,,,,,,,36285000000,,55.97,,74.13,56.96
2025-12-28,KR,1.13,147225002000.0,55.97,,0.577,12.34,,,,,,,,,,,,,,,None,21483000000,21483000000,,,,,,None,572000000,,1.34,0.0213,,,,0.422,0.07,858000000,1430000000,0.98,2017-01-31,11.82,,35370000000.0,6128000000,732000000,230000000,,,None,126000000,None,,None,,,,,506000000,None,None,None,0.031,,5270000000,858000000,,,,,None,,,,,1.251,5.68,0.285,,,,,,,,0.0054,,,2025-12-04,quarterly,1.05,USD,pre-market,None,,0.0519,0.08,0.007,220.48,215000000,,,,67.96,65.27,7.1429,,,,,,,27611000000,,55.97,,74.13,56.96
2025-12-28,KR,1.13,147225002000.0,55.97,,0.577,12.34,,,,,,,,,,,,,,,None,20653000000,20653000000,,,,,,None,549000000,,1.34,0.0213,,,,0.422,0.07,713000000,1262000000,0.98,2016-10-31,11.82,,35370000000.0,5904000000,589000000,206000000,,,None,125000000,None,,None,,,,,391000000,383000000,None,None,0.031,,5191000000,713000000,,,,,None,,,,,1.251,5.68,0.285,,,,,,,,0.0054,,,2025-12-04,quarterly,1.05,USD,pre-market,0,,0.0519,0.08,0.007,220.48,199000000,,,,67.96,65.27,7.1429,,,,,,,26557000000,,55.97,,74.13,56.96
2025-12-28,KR,1.13,147225002000.0,55.97,,0.577,12.34,,,,,,,,,,,,,,,None,20697000000,20697000000,,,,,,None,525000000,,1.34,0.0213,,,,0.422,0.07,665000000,1190000000,0.98,2016-07-31,11.82,,35370000000.0,5868000000,549000000,171000000,,,None,116000000,None,,None,,,,,383000000,378000000,None,None,0.031,,5203000000,665000000,,,,,None,,,,,1.251,5.68,0.285,,,,,,,,0.0054,,,2025-12-04,quarterly,1.05,USD,pre-market,0,,0.0519,0.08,0.007,220.48,205000000,,,,67.96,65.27,7.1429,,,,,,,26565000000,,55.97,,74.13,56.96
2025-12-28,KR,1.13,147225002000.0,55.97,,0.577,12.34,,,,,,,,,,,,,,,None,26669000000,26669000000,,,,,,None,694000000,,1.34,0.0213,,,,0.422,0.07,1200000000,1894000000,0.98,2016-04-30,11.82,,35370000000.0,7935000000,1045000000,350000000,,,None,155000000,None,,None,,,,,680000000,680000000,None,None,0.031,,6735000000,1200000000,,,,,None,,,,,1.251,5.68,0.285,,,,,,,,0.0054,,,2025-12-04,quarterly,1.05,USD,pre-market,0,,0.0519,0.08,0.007,220.48,262000000,,,,67.96,65.27,7.1429,,,,,,,34604000000,,55.97,,74.13,56.96
2025-12-28,KR,1.13,147225002000.0,55.97,,0.577,12.34,,,,,,,,,,,,,,,None,20193000000,20193000000,,,,,,None,508000000,,1.34,0.0213,,,,0.422,0.07,928000000,1436000000,0.98,2016-01-31,11.82,,35370000000.0,5972000000,815000000,250000000,,,None,113000000,None,,None,,,,,559000000,None,None,None,0.031,,5044000000,928000000,,,,,None,,,,,1.251,5.68,0.285,,,,,,,,0.0054,,,2025-12-04,quarterly,1.05,USD,pre-market,None,,0.0519,0.08,0.007,220.48,181000000,,,,67.96,65.27,7.1429,,,,,,,26165000000,,55.97,,74.13,56.96
2025-12-28,KR,1.13,147225002000.0,55.97,,0.577,12.34,,,,,,,,,,,,,,,None,19478000000,19478000000,,,,,,None,484000000,,1.34,0.0213,,,,0.422,0.07,772000000,1256000000,0.98,2015-10-31,11.82,,35370000000.0,5597000000,665000000,238000000,,,None,107000000,None,,None,,,,,428000000,427000000,None,None,0.031,,4825000000,772000000,,,,,None,,,,,1.251,5.68,0.285,,,,,,,,0.0054,,,2025-12-04,quarterly,1.05,USD,pre-market,0,,0.0519,0.08,0.007,220.48,172000000,,,,67.96,65.27,7.1429,,,,,,,25075000000,,55.97,,74.13,56.96
2025-12-28,KR,1.13,147225002000.0,55.97,,0.577,12.34,,,,,,,,,,,,,,,None,20065000000,20065000000,,,,,,None,477000000,,1.34,0.0213,,,,0.422,0.07,774000000,1251000000,0.98,2015-07-31,11.82,,35370000000.0,5474000000,660000000,227000000,,,None,114000000,None,,None,,,,,433000000,433000000,None,None,0.031,,4700000000,774000000,,,,,None,,,,,1.251,5.68,0.285,,,,,,,,0.0054,,,2025-12-04,quarterly,1.05,USD,pre-market,0,,0.0519,0.08,0.007,220.48,155000000,,,,67.96,65.27,7.1429,,,,,,,25539000000,,55.97,,74.13,56.96
2025-12-28,KR,1.13,147225002000.0,55.97,,0.577,12.34,,,,,,,,,,,,,,,None,25760000000,25760000000,,,,,,None,620000000,,1.34,0.0213,,,,0.422,0.07,1102000000,1722000000,0.98,2015-04-30,11.82,,35370000000.0,7291000000,954000000,330000000,,,None,148000000,None,,None,,,,,619000000,0,None,None,0.031,,6189000000,1102000000,,,,,None,,,,,1.251,5.68,0.285,,,,,,,,0.0054,,,2025-12-04,quarterly,1.05,USD,pre-market,0,,0.0519,0.08,0.007,220.48,215000000,,,,67.96,65.27,7.1429,,,,,,,33051000000,,55.97,,74.13,56.96
2025-12-28,KR,1.13,147225002000.0,55.97,,0.577,12.34,,,,,,,,,,,,,,,None,19547000000,19547000000,,,,,,None,467000000,,1.34,0.0213,,,,0.422,0.07,912000000,1379000000,0.98,2015-01-31,11.82,,35370000000.0,5660000000,797000000,274000000,,,None,115000000,None,,None,,,,,518000000,None,None,None,0.031,,4748000000,912000000,,,,,None,,,,,1.251,5.68,0.285,,,,,,,,0.0054,,,2025-12-04,quarterly,1.05,USD,pre-market,None,,0.0519,0.08,0.007,220.48,162000000,,,,67.96,65.27,7.1429,,,,,,,25207000000,,55.97,,74.13,56.96
2025-12-28,KR,1.13,147225002000.0,55.97,,0.577,12.34,,,,,,,,,,,,,,,None,19764000000,19764000000,,,,,,None,456000000,,1.34,0.0213,,,,0.422,0.07,651000000,1107000000,0.98,2014-10-31,11.82,,35370000000.0,5223000000,537000000,172000000,,,None,114000000,None,,None,,,,,362000000,365000000,None,None,0.031,,4572000000,651000000,,,,,None,,,,,1.251,5.68,0.285,,,,,,,,0.0054,,,2025-12-04,quarterly,1.05,USD,pre-market,0,,0.0519,0.08,0.007,220.48,162000000,,,,67.96,65.27,7.1429,,,,,,,24987000000,,55.97,,74.13,56.96
2025-12-28,KR,1.13,147225002000.0,55.97,,0.577,12.34,,,,,,,,,,,,,,,None,20136000000,20136000000,,,,,,None,444000000,,1.34,0.0213,,,,0.422,0.07,644000000,1088000000,0.98,2014-07-31,11.82,,35370000000.0,5174000000,532000000,182000000,,,None,112000000,None,,None,,,,,347000000,350000000,None,None,0.031,,4530000000,644000000,,,,,None,,,,,1.251,5.68,0.285,,,,,,,,0.0054,,,2025-12-04,quarterly,1.05,USD,pre-market,0,,0.0519,0.08,0.007,220.48,166000000,,,,67.96,65.27,7.1429,,,,,,,25310000000,,55.97,,74.13,56.96
2025-12-28,KR,1.13,147225002000.0,55.97,,0.577,12.34,,,,,,,,,,,,,,,None,26065000000,26065000000,,,,,,None,581000000,,1.34,0.0213,,,,0.422,0.07,930000000,1511000000,0.98,2014-04-30,11.82,,35370000000.0,6896000000,783000000,274000000,,,None,147000000,None,,None,,,,,501000000,0,None,None,0.031,,5966000000,930000000,,,,,None,,,,,1.251,5.68,0.285,,,,,,,,0.0054,,,2025-12-04,quarterly,1.05,USD,pre-market,0,,0.0519,0.08,0.007,220.48,217000000,,,,67.96,65.27,7.1429,,,,,,,32961000000,,55.97,,74.13,56.96
2025-12-28,KR,1.13,147225002000.0,55.97,,0.577,12.34,,,,,,,,,,,,,,,None,18306000000,18306000000,,,,,,None,402000000,,1.34,0.0213,,,,0.422,0.07,718000000,1120000000,0.98,2014-01-31,11.82,,35370000000.0,4799000000,611000000,184000000,,,None,107000000,None,,None,,,,,422000000,0,None,None,0.031,,4081000000,718000000,,,,,None,,,,,1.251,5.68,0.285,,,,,,,,0.0054,,,2025-12-04,quarterly,1.05,USD,pre-market,0,,0.0519,0.08,0.007,220.48,147000000,,,,67.96,65.27,7.1429,,,,,,,23105000000,,55.97,,74.13,56.96
2025-12-28,KR,1.13,147225002000.0,55.97,,0.577,12.34,,,,,,,,,,,,,,,None,17866000000,17866000000,,,,,,None,395000000,,1.34,0.0213,,,,0.422,0.07,534000000,929000000,0.98,2013-10-31,11.82,,35370000000.0,4604000000,426000000,125000000,,,None,108000000,None,,None,,,,,299000000,301000000,None,None,0.031,,4070000000,534000000,,,,,None,,,,,1.251,5.68,0.285,,,,,,,,0.0054,,,2025-12-04,quarterly,1.05,USD,pre-market,0,,0.0519,0.08,0.007,220.48,138000000,,,,67.96,65.27,7.1429,,,,,,,22470000000,,55.97,,74.13,56.96
2025-12-28,KR,1.13,147225002000.0,55.97,,0.577,12.34,,,,,,,,,,,,,,,None,18059000000,18059000000,,,,,,None,387000000,,1.34,0.0213,,,,0.422,0.07,595000000,982000000,0.98,2013-07-31,11.82,,35370000000.0,4627000000,496000000,176000000,,,None,99000000,None,,None,,,,,317000000,320000000,None,None,0.031,,4032000000,595000000,,,,,None,,,,,1.251,5.68,0.285,,,,,,,,0.0054,,,2025-12-04,quarterly,1.05,USD,pre-market,0,,0.0519,0.08,0.007,220.48,139000000,,,,67.96,65.27,7.1429,,,,,,,22686000000,,55.97,,74.13,56.96
2025-12-28,KR,1.13,147225002000.0,55.97,,0.577,12.34,,,,,,,,,,,,,,,None,23817000000,23817000000,,,,,,None,519000000,,1.34,0.0213,,,,0.422,0.07,879000000,1398000000,0.98,2013-04-30,11.82,,35370000000.0,6180000000,750000000,266000000,,,None,129000000,None,,None,,,,,481000000,0,None,None,0.031,,5301000000,879000000,,,,,None,,,,,1.251,5.68,0.285,,,,,,,,0.0054,,,2025-12-04,quarterly,1.05,USD,pre-market,0,,0.0519,0.08,0.007,220.48,189000000,,,,67.96,65.27,7.1429,,,,,,,29997000000,,55.97,,74.13,56.96
2025-12-28,KR,1.13,147225002000.0,55.97,,0.577,12.34,,,,,,,,,,,,,,,None,19101000000,19101000000,,,,,,None,387000000,,1.34,0.0213,,,,0.422,0.07,820000000,1207000000,0.98,2013-01-31,11.82,,35370000000.0,5052000000,708000000,239000000,,,None,112300000,None,,None,,,,,461500000,0,None,None,0.031,,4232000000,820000000,,,,,None,,,,,1.251,5.68,0.285,,,,,,,,0.0054,,,2025-12-04,quarterly,1.05,USD,pre-market,0,,0.0519,0.08,0.007,220.48,11004000000,,,,67.96,65.27,7.1429,,,,,,,24153000000,,55.97,,74.13,56.96
2025-12-28,KR,1.13,147225002000.0,55.97,,0.577,12.34,,,,,,,,,,,,,,,None,17383000000,17383000000,,,,,,None,381000000,,1.34,0.0213,,,,0.422,0.07,597000000,978000000,0.98,2012-10-31,11.82,,35370000000.0,4424000000,493000000,175000000,,,None,103000000,None,,None,,,,,316500000,318000000,None,None,0.031,,3828000000,596000000,,,,,None,,,,,1.251,5.68,0.285,,,,,,,,0.0054,,,2025-12-04,quarterly,1.05,USD,pre-market,0,,0.0519,0.08,0.007,220.48,141000000,,,,67.96,65.27,7.1429,,,,,,,21807000000,,55.97,,74.13,56.96
2025-12-28,KR,1.13,147225002000.0,55.97,,0.577,12.34,,,,,,,,,,,,,,,None,17278000000,17278000000,,,,,,None,383000000,,1.34,0.0213,,,,0.422,0.07,535000000,918000000,0.98,2012-07-31,11.82,,35370000000.0,4448000000,429000000,148000000,,,None,105900000,None,,None,,,,,279100000,281000000,None,None,0.031,,3913000000,535000000,,,,,None,,,,,1.251,5.68,0.285,,,,,,,,0.0054,,,2025-12-04,quarterly,1.05,USD,pre-market,0,,0.0519,0.08,0.007,220.48,139000000,,,,67.96,65.27,7.1429,,,,,,,21726000000,,55.97,,74.13,56.96
2025-12-28,KR,1.13,147225002000.0,55.97,,0.577,12.34,,,,,,,,,,,,,,,None,23095000000,23095000000,,,,,,None,501000000,,1.34,0.0213,,,,0.422,0.07,814000000,1315000000,0.98,2012-04-30,11.82,,35370000000.0,5970000000,673000000,232000000,,,None,140900000,None,,None,,,,,439400000,0,None,None,0.031,,5156000000,814000000,,,,,None,,,,,1.251,5.68,0.285,,,,,,,,0.0054,,,2025-12-04,quarterly,1.05,USD,pre-market,0,,0.0519,0.08,0.007,220.48,191000000,,,,67.96,65.27,7.1429,,,,,,,29065000000,,55.97,,74.13,56.96
2025-12-28,KR,1.13,147225002000.0,55.97,,0.577,12.34,,,,,,,,,,,,,,,None,16955000000,16955000000,,,,,,None,392000000,,1.34,0.0213,,,,0.422,0.07,-425000000,-33000000,0.98,2012-01-31,11.82,,35370000000.0,4450000000,-526000000,-221000000,,,None,101000000,None,,None,,,,,-307000000,None,None,None,0.031,,4875000000,-425000000,,,,,None,,,,,1.251,5.68,0.285,,,,,,,,0.0054,,,2025-12-04,quarterly,1.05,USD,pre-market,None,,0.0519,0.08,0.007,220.48,10862000000,,,,67.96,65.27,7.1429,,,,,,,21405000000,,55.97,,74.13,56.96
2025-12-28,KR,1.13,147225002000.0,55.97,,0.577,12.34,,,,,,,,,,,,,,,None,16358000000,16358000000,,,,,,None,373000000,,1.34,0.0213,,,,0.422,0.07,405000000,778000000,0.98,2011-10-31,11.82,,35370000000.0,4236000000,306000000,108000000,,,None,99100000,None,,None,,,,,195900000,198000000,None,None,0.031,,3831000000,405000000,,,,,None,,,,,1.251,5.68,0.285,,,,,,,,0.0054,,,2025-12-04,quarterly,1.05,USD,pre-market,0,,0.0519,0.08,0.007,220.48,3459000000,,,,67.96,65.27,7.1429,,,,,,,20594000000,,55.97,,74.13,56.96
2025-12-28,KR,1.13,147225002000.0,55.97,,0.577,12.34,,,,,,,,,,,,,,,None,16555000000,16555000000,,,,,,None,374000000,,1.34,0.0213,,,,0.422,0.07,488000000,862000000,0.98,2011-07-31,11.82,,35370000000.0,4358000000,391000000,108000000,,,None,97300000,None,,None,,,,,280800000,283000000,None,None,0.031,,3870000000,488000000,,,,,None,,,,,1.251,5.68,0.285,,,,,,,,0.0054,,,2025-12-04,quarterly,1.05,USD,pre-market,0,,0.0519,0.08,0.007,220.48,3496000000,,,,67.96,65.27,7.1429,,,,,,,20913000000,,55.97,,74.13,56.96
2025-12-28,KR,1.13,147225002000.0,55.97,,0.577,12.34,,,,,,,,,,,,,,,None,21624000000,21624000000,,,,,,None,499000000,,1.34,0.0213,,,,0.422,0.07,811000000,1310000000,0.98,2011-04-30,11.82,,35370000000.0,5837000000,673000000,252000000,,,None,138000000,None,,None,,,,,432300000,0,None,None,0.031,,5026000000,811000000,,,,,None,,,,,1.251,5.68,0.285,,,,,,,,0.0054,,,2025-12-04,quarterly,1.05,USD,pre-market,0,,0.0519,0.08,0.007,220.48,192000000,,,,67.96,65.27,7.1429,,,,,,,27461000000,,55.97,,74.13,56.96
2025-12-28,KR,1.13,147225002000.0,55.97,,0.577,12.34,,,,,,,,,,,,,,,None,15611000000,15611000000,,,,,,None,386000000,,1.34,0.0213,,,,0.422,0.07,559000000,945000000,0.98,2011-01-31,11.82,,35370000000.0,4320000000,448000000,165000000,,,None,111000000,None,,None,,,,,278000000,None,None,None,0.031,,3761000000,559000000,,,,,None,,,,,1.251,5.68,0.285,,,,,,,,0.0054,,,2025-12-04,quarterly,1.05,USD,pre-market,None,,0.0519,0.08,0.007,220.48,10454000000,,,,67.96,65.27,7.1429,,,,,,,19931000000,,55.97,,74.13,56.96
2025-12-28,KR,1.13,147225002000.0,55.97,,0.577,12.34,,,,,,,,,,,,,,,None,14550000000,14550000000,,,,,,None,368000000,,1.34,0.0213,,,,0.422,0.07,406000000,774000000,0.98,2010-10-31,11.82,,35370000000.0,4117000000,303000000,96000000,,,None,103400000,None,,None,,,,,202200000,207000000,None,None,0.031,,3711000000,406000000,,,,,None,,,,,1.251,5.68,0.285,,,,,,,,0.0054,,,2025-12-04,quarterly,1.05,USD,pre-market,0,,0.0519,0.08,0.007,220.48,3343000000,,,,67.96,65.27,7.1429,,,,,,,18667000000,,55.97,,74.13,56.96
2025-12-28,KR,1.13,147225002000.0,55.97,,0.577,12.34,,,,,,,,,,,,,,,None,14550000000,14550000000,,,,,,None,368000000,,1.34,0.0213,,,,0.422,0.07,494000000,862000000,0.98,2010-07-31,11.82,,35370000000.0,4210000000,392000000,124000000,,,None,102000000,None,,None,,,,,261600000,268000000,None,None,0.031,,3716000000,494000000,,,,,None,,,,,1.251,5.68,0.285,,,,,,,,0.0054,,,2025-12-04,quarterly,1.05,USD,pre-market,0,,0.0519,0.08,0.007,220.48,3348000000,,,,67.96,65.27,7.1429,,,,,,,18760000000,,55.97,,74.13,56.96
2025-12-28,KR,1.13,147225002000.0,55.97,,0.577,12.34,,,,,,,,,,,,,,,None,19155000000,19155000000,,,,,,None,478000000,,1.34,0.0213,,,,0.422,0.07,723000000,1201000000,0.98,2010-04-30,11.82,,35370000000.0,5583000000,591000000,216000000,,,None,132000000,None,,None,,,,,373700000,0,None,None,0.031,,4860000000,723000000,,,,,None,,,,,1.251,5.68,0.285,,,,,,,,0.0054,,,2025-12-04,quarterly,1.05,USD,pre-market,0,,0.0519,0.08,0.007,220.48,200000000,,,,67.96,65.27,7.1429,,,,,,,24738000000,,55.97,,74.13,56.96
2025-12-28,KR,1.13,147225002000.0,55.97,,0.577,12.34,,,,,,,,,,,,,,,None,14375000000,14375000000,,,,,,None,368000000,,1.34,0.0213,,,,0.422,0.07,506000000,874000000,0.98,2010-01-31,11.82,,35370000000.0,4155000000,387000000,136000000,,,None,119000000,None,,None,,,,,255000000,None,None,None,0.031,,3649000000,506000000,,,,,None,,,,,1.251,5.68,0.285,,,,,,,,0.0054,,,2025-12-04,quarterly,1.05,USD,pre-market,None,,0.0519,0.08,0.007,220.48,10117000000,,,,67.96,65.27,7.1429,,,,,,,18530000000,,55.97,,74.13,56.96
2025-12-28,KR,1.13,147225002000.0,55.97,,0.577,12.34,,,,,,,,,,,,,,,None,13662000000,13662000000,,,,,,None,356000000,,1.34,0.0213,,,,0.422,0.07,-758000000,-402000000,0.98,2009-10-31,11.82,,35370000000.0,4000000000,-863000000,13000000,,,None,105100000,None,,None,,,,,-874900000,-876000000,None,None,0.031,,4758000000,-758000000,,,,,None,,,,,1.251,5.68,0.285,,,,,,,,0.0054,,,2025-12-04,quarterly,1.05,USD,pre-market,0,,0.0519,0.08,0.007,220.48,3289000000,,,,67.96,65.27,7.1429,,,,,,,17662000000,,55.97,,74.13,56.96
2025-12-28,KR,1.13,147225002000.0,55.97,,0.577,12.34,,,,,,,,,,,,,,,None,13646000000,13646000000,,,,,,None,348000000,,1.34,0.0213,,,,0.422,0.07,499000000,847000000,0.98,2009-07-31,11.82,,35370000000.0,4082000000,384000000,133000000,,,None,115200000,None,,None,,,,,254400000,251000000,None,None,0.031,,3583000000,499000000,,,,,None,,,,,1.251,5.68,0.285,,,,,,,,0.0054,,,2025-12-04,quarterly,1.05,USD,pre-market,0,,0.0519,0.08,0.007,220.48,150000000,,,,67.96,65.27,7.1429,,,,,,,17728000000,,55.97,,74.13,56.96
2025-12-28,KR,1.13,147225002000.0,55.97,,0.577,12.34,,,,,,,,,,,,,,,None,17266000000,17266000000,,,,,,None,453000000,,1.34,0.0213,,,,0.422,0.07,844000000,1297000000,0.98,2009-04-30,11.82,,35370000000.0,5523000000,681000000,250000000,,,None,163000000,None,,None,,,,,435000000,None,None,None,0.031,,4679000000,844000000,,,,,None,,,,,1.251,5.68,0.285,,,,,,,,0.0054,,,2025-12-04,quarterly,1.05,USD,pre-market,None,,0.0519,0.08,0.007,220.48,200000000,,,,67.96,65.27,7.1429,,,,,,,22789000000,,55.97,,74.13,56.96
2025-12-28,KR,1.13,147225002000.0,55.97,,0.577,12.34,,,,,,,,,,,,,,,None,13088000000,13088000000,,,,,,None,348000000,,1.34,0.0213,,,,0.422,0.07,659000000,1007000000,0.98,2009-01-31,11.82,,35370000000.0,4172000000,544000000,195000000,,,None,115000000,None,,None,,,,,349000000,0,None,None,0.031,,3513000000,659000000,,,,,None,,,,,1.251,5.68,0.285,,,,,,,,0.0054,,,2025-12-04,quarterly,1.05,USD,pre-market,0,,0.0519,0.08,0.007,220.48,3165000000,,,,67.96,65.27,7.1429,,,,,,,17260000000,,55.97,,74.13,56.96
2025-12-28,KR,1.13,147225002000.0,55.97,,0.577,12.34,,,,,,,,,,,,,,,None,13545000000,13545000000,,,,,,None,335000000,,1.34,0.0213,,,,0.422,0.07,479000000,814000000,0.98,2008-10-31,11.82,,35370000000.0,4070000000,373000000,136000000,,,None,107000000,None,,None,,,,,237000000,0,None,None,0.031,,3591000000,479000000,,,,,None,,,,,1.251,5.68,0.285,,,,,,,,0.0054,,,2025-12-04,quarterly,1.05,USD,pre-market,0,,0.0519,0.08,0.007,220.48,3256000000,,,,67.96,65.27,7.1429,,,,,,,17615000000,,55.97,,74.13,56.96
2025-12-28,KR,1.13,147225002000.0,55.97,,0.577,12.34,,,,,,,,,,,,,,,None,14066000000,14066000000,,,,,,None,327000000,,1.34,0.0213,,,,0.422,0.07,546000000,873000000,0.98,2008-07-31,11.82,,35370000000.0,4028000000,435000000,159000000,,,None,112000000,None,,None,,,,,277000000,0,None,None,0.031,,3482000000,546000000,,,,,None,,,,,1.251,5.68,0.285,,,,,,,,0.0054,,,2025-12-04,quarterly,1.05,USD,pre-market,0,,0.0519,0.08,0.007,220.48,3155000000,,,,67.96,65.27,7.1429,,,,,,,18094000000,,55.97,,74.13,56.96
2025-12-28,KR,1.13,147225002000.0,55.97,,0.577,12.34,,,,,,,,,,,,,,,None,17845000000,17845000000,,,,,,None,433000000,,1.34,0.0213,,,,0.422,0.07,769000000,1202000000,0.98,2008-04-30,11.82,,35370000000.0,5299000000,617000000,227000000,,,None,152000000,None,,None,,,,,386000000,0,None,None,0.031,,4530000000,769000000,,,,,None,,,,,1.251,5.68,0.285,,,,,,,,0.0054,,,2025-12-04,quarterly,1.05,USD,pre-market,0,,0.0519,0.08,0.007,220.48,4097000000,,,,67.96,65.27,7.1429,,,,,,,23144000000,,55.97,,74.13,56.96
2025-12-28,KR,1.13,147225002000.0,55.97,,0.577,12.34,,,,,,,,,,,,,,,None,13228000000,13228000000,,,,,,None,326000000,,1.34,0.0213,,,,0.422,0.07,629000000,955000000,0.98,2008-01-31,11.82,,35370000000.0,4007000000,515000000,192000000,,,None,114000000,None,,None,,,,,323000000,0,None,None,0.031,,3378000000,629000000,,,,,None,,,,,1.251,5.68,0.285,,,,,,,,0.0054,,,2025-12-04,quarterly,1.05,USD,pre-market,0,,0.0519,0.08,0.007,220.48,3052000000,,,,67.96,65.27,7.1429,,,,,,,17235000000,,55.97,,74.13,56.96
2025-12-28,KR,1.13,147225002000.0,55.97,,0.577,12.34,,,,,,,,,,,,,,,None,12402000000,12402000000,,,,,,None,315000000,,1.34,0.0213,,,,0.422,0.07,445000000,760000000,0.98,2007-10-31,11.82,,35370000000.0,3733000000,335000000,81000000,,,None,110000000,None,,None,,,,,254000000,0,None,None,0.031,,3288000000,445000000,,,,,None,,,,,1.251,5.68,0.285,,,,,,,,0.0054,,,2025-12-04,quarterly,1.05,USD,pre-market,0,,0.0519,0.08,0.007,220.48,2973000000,,,,67.96,65.27,7.1429,,,,,,,16135000000,,55.97,,74.13,56.96
2025-12-28,KR,1.13,147225002000.0,55.97,,0.577,12.34,,,,,,,,,,,,,,,None,12315000000,12315000000,,,,,,None,311000000,,1.34,0.0213,,,,0.422,0.07,537000000,848000000,0.98,2007-07-31,11.82,,35370000000.0,3824000000,433000000,166000000,,,None,104000000,None,,None,,,,,267000000,0,None,None,0.031,,3287000000,537000000,,,,,None,,,,,1.251,5.68,0.285,,,,,,,,0.0054,,,2025-12-04,quarterly,1.05,USD,pre-market,0,,0.0519,0.08,0.007,220.48,2976000000,,,,67.96,65.27,7.1429,,,,,,,16139000000,,55.97,,74.13,56.96
2025-12-28,KR,1.13,147225002000.0,55.97,,0.577,12.34,,,,,,,,,,,,,,,None,15834000000,15834000000,,,,,,None,404000000,,1.34,0.0213,,,,0.422,0.07,690000000,1094000000,0.98,2007-04-30,11.82,,35370000000.0,4892000000,544000000,207000000,,,None,146000000,None,,None,,,,,337000000,0,None,None,0.031,,4202000000,690000000,,,,,None,,,,,1.251,5.68,0.285,,,,,,,,0.0054,,,2025-12-04,quarterly,1.05,USD,pre-market,0,,0.0519,0.08,0.007,220.48,3798000000,,,,67.96,65.27,7.1429,,,,,,,20726000000,,55.97,,74.13,56.96
2025-12-28,KR,1.13,147225002000.0,55.97,,0.577,12.34,,,,,,,,,,,,,,,None,12728000000,12728000000,,,,,,None,299000000,,1.34,0.0213,,,,0.422,0.07,694000000,993000000,0.98,2007-01-31,11.82,,35370000000.0,4131000000,578000000,193000000,,,None,116000000,None,,None,,,,,385000000,0,None,None,0.031,,3437000000,694000000,,,,,None,,,,,1.251,5.68,0.285,,,,,,,,0.0054,,,2025-12-04,quarterly,1.05,USD,pre-market,0,,0.0519,0.08,0.007,220.48,3137000000,,,,67.96,65.27,7.1429,,,,,,,16859000000,,55.97,,74.13,56.96
2025-12-28,KR,1.13,147225002000.0,55.97,,0.577,12.34,,,,,,,,,,,,,,,None,11131000000,11131000000,,,,,,None,295000000,,1.34,0.0213,,,,0.422,0.07,449000000,744000000,0.98,2006-10-31,11.82,,35370000000.0,3568000000,342000000,127000000,,,None,107000000,None,,None,,,,,215000000,0,None,None,0.031,,3119000000,449000000,,,,,None,,,,,1.251,5.68,0.285,,,,,,,,0.0054,,,2025-12-04,quarterly,1.05,USD,pre-market,0,,0.0519,0.08,0.007,220.48,2824000000,,,,67.96,65.27,7.1429,,,,,,,14699000000,,55.97,,74.13,56.96
2025-12-28,KR,1.13,147225002000.0,55.97,,0.577,12.34,,,,,,,,,,,,,,,None,11598000000,11598000000,,,,,,None,290000000,,1.34,0.0213,,,,0.422,0.07,448000000,738000000,0.98,2006-07-31,11.82,,35370000000.0,3540000000,338000000,129000000,,,None,110000000,None,,None,,,,,209000000,0,None,None,0.031,,3092000000,448000000,,,,,None,,,,,1.251,5.68,0.285,,,,,,,,0.0054,,,2025-12-04,quarterly,1.05,USD,pre-market,0,,0.0519,0.08,0.007,220.48,2802000000,,,,67.96,65.27,7.1429,,,,,,,15138000000,,55.97,,74.13,56.96
2025-12-28,KR,1.13,147225002000.0,55.97,,0.577,12.34,,,,,,,,,,,,,,,None,14659000000,14659000000,,,,,,None,388000000,,1.34,0.0213,,,,0.422,0.07,644000000,1032000000,0.98,2006-04-30,11.82,,35370000000.0,4756000000,489000000,183000000,,,None,155000000,None,,None,,,,,306000000,0,None,None,0.031,,4112000000,644000000,,,,,None,,,,,1.251,5.68,0.285,,,,,,,,0.0054,,,2025-12-04,quarterly,1.05,USD,pre-market,0,,0.0519,0.08,0.007,220.48,3724000000,,,,67.96,65.27,7.1429,,,,,,,19415000000,,55.97,,74.13,56.96
2025-12-28,KR,1.13,147225002000.0,55.97,,0.577,12.34,,,,,,,,,,,,,,,None,11062000000,11062000000,,,,,,None,296000000,,1.34,0.0213,,,,0.422,0.07,568000000,864000000,0.98,2006-01-31,11.82,,35370000000.0,3658000000,452000000,170000000,,,None,117000000,None,,None,,,,,282000000,0,None,None,0.031,,3090000000,568000000,,,,,None,,,,,1.251,5.68,0.285,,,,,,,,0.0054,,,2025-12-04,quarterly,1.05,USD,pre-market,0,,0.0519,0.08,0.007,220.48,2795000000,,,,67.96,65.27,7.1429,,,,,,,14720000000,,55.97,,74.13,56.96
2025-12-28,KR,1.13,147225002000.0,55.97,,0.577,12.34,,,,,,,,,,,,,,,None,10596000000,10596000000,,,,,,None,287000000,,1.34,0.0213,,,,0.422,0.07,415000000,702000000,0.98,2005-10-31,11.82,,35370000000.0,3424000000,301000000,116000000,,,None,114000000,None,,None,,,,,185000000,0,None,None,0.031,,3009000000,415000000,,,,,None,,,,,1.251,5.68,0.285,,,,,,,,0.0054,,,2025-12-04,quarterly,1.05,USD,pre-market,0,,0.0519,0.08,0.007,220.48,2722000000,,,,67.96,65.27,7.1429,,,,,,,14020000000,,55.97,,74.13,56.96
2025-12-28,KR,1.13,147225002000.0,55.97,,0.577,12.34,,,,,,,,,,,,,,,None,113720000000,113720000000,,,,,,None,3849000000,,1.34,0.0213,,,,0.422,0.07,3792000000,7641000000,0.98,2025-01-31,11.82,,35370000000.0,33403000000,3342000000,670000000,,,None,459000000,598000000,,None,,,,,2665000000,2672000000,-450000000,None,0.031,,29554000000,3849000000,,,,,None,,,,,1.251,5.68,0.285,,,,,,,,0.0054,,,2025-12-04,annual,1.05,USD,pre-market,None,,0.0519,0.08,0.007,220.48,877000000,,,,67.96,65.27,7.1429,,,,,,,147123000000,,55.97,,74.13,56.96
2025-12-28,KR,1.13,147225002000.0,55.97,,0.577,12.34,,,,,,,,,,,,,,,None,116675000000,116675000000,,,,,,None,3750000000,,1.34,0.0213,,,,0.422,0.07,3277000000,7027000000,0.98,2024-01-31,11.82,,35370000000.0,33364000000,2836000000,667000000,,,None,449000000,290000000,,None,,,,,2164000000,2169000000,-441000000,None,0.031,,30268000000,3096000000,,,,,None,,,,,1.251,5.68,0.285,,,,,,,,0.0054,,,2025-12-04,annual,1.05,USD,pre-market,None,,0.0519,0.08,0.007,220.48,891000000,,,,67.96,65.27,7.1429,,,,,,,150039000000,,55.97,,74.13,56.96
2025-12-28,KR,1.13,147225002000.0,55.97,,0.577,12.34,,,,,,,,,,,,,,,None,116480000000,116480000000,,,,,,None,3579000000,,1.34,0.0213,,,,0.422,0.07,3437000000,7016000000,0.98,2023-01-31,11.82,,35370000000.0,31778000000,2902000000,653000000,,,None,544000000,1263000000,,None,,,,,2244000000,2249000000,-535000000,None,0.031,,27652000000,4126000000,,,,,None,,,,,1.251,5.68,0.285,,,,,,,,0.0054,,,2025-12-04,annual,1.05,USD,pre-market,None,,0.0519,0.08,0.007,220.48,839000000,,,,67.96,65.27,7.1429,,,,,,,148258000000,,55.97,,74.13,56.96
2025-12-28,KR,1.13,147225002000.0,55.97,,0.577,12.34,,,,,,,,,,,,,,,None,107539000000,107539000000,,,,,,None,3429000000,,1.34,0.0213,,,,0.422,0.07,2622000000,6051000000,0.98,2022-01-31,11.82,,35370000000.0,30349000000,2051000000,385000000,,,None,581000000,1392000000,,None,,,,,1655000000,1666000000,-571000000,None,0.031,,26872000000,3477000000,,,,,None,,,,,1.251,5.68,0.285,,,,,,,,0.0054,,,2025-12-04,annual,1.05,USD,pre-market,None,,0.0519,0.08,0.007,220.48,845000000,,,,67.96,65.27,7.1429,,,,,,,137888000000,,55.97,,74.13,56.96
2025-12-28,KR,1.13,147225002000.0,55.97,,0.577,12.34,,,,,,,,,,,,,,,None,101597000000,101597000000,,,,,,None,3373000000,,1.34,0.0213,,,,0.422,0.07,3914000000,7287000000,0.98,2021-01-31,11.82,,35370000000.0,30901000000,3370000000,782000000,,,None,548000000,561000000,,None,,,,,2585000000,2588000000,-544000000,None,0.031,,28121000000,2780000000,,,,,None,,,,,1.251,5.68,0.285,,,,,,,,0.0054,,,2025-12-04,annual,1.05,USD,pre-market,None,,0.0519,0.08,0.007,220.48,874000000,,,,67.96,65.27,7.1429,,,,,,,132498000000,,55.97,,74.13,56.96
2025-12-28,KR,1.13,147225002000.0,55.97,,0.577,12.34,,,,,,,,,,,,,,,None,95294000000,95294000000,,,,,,None,3289000000,,1.34,0.0213,,,,0.422,0.07,2584000000,5873000000,0.98,2020-01-31,11.82,,35370000000.0,26992000000,1981000000,469000000,,,None,599000000,446000000,,None,,,,,1659000000,1512000000,-603000000,None,0.031,,24741000000,2251000000,,,,,176000000,,,,,1.251,5.68,0.285,,,,,,,,0.0054,,,2025-12-04,annual,1.05,USD,pre-market,None,,0.0519,0.08,0.007,220.48,884000000,,,,67.96,65.27,7.1429,,,,,,,122286000000,,55.97,,74.13,56.96
2025-12-28,KR,1.13,147225002000.0,55.97,,0.577,12.34,,,,,,,,,,,,,,,None,95103000000,95103000000,,,,,,None,2465000000,,1.34,0.0213,,,,0.422,0.07,4598000000,7063000000,0.98,2019-01-31,11.82,,35370000000.0,26749000000,3978000000,900000000,,,None,616000000,392000000,,None,,,,,3110000000,3078000000,-620000000,None,0.031,,24135000000,2614000000,,,,,1782000000,,,,,1.251,5.68,0.285,,,,,,,,0.0054,,,2025-12-04,annual,1.05,USD,pre-market,0,,0.0519,0.08,0.007,220.48,884000000,,,,67.96,65.27,7.1429,,,,,,,121852000000,,55.97,,74.13,56.96
2025-12-28,KR,1.13,147225002000.0,55.97,,0.577,12.34,,,,,,,,,,,,,,,None,95811000000,95811000000,,,,,,None,2436000000,,1.34,0.0213,,,,0.422,0.07,2085000000,4521000000,0.98,2018-01-31,11.82,,35370000000.0,27469000000,1484000000,-405000000,,,None,598000000,601000000,,None,,,,,1907000000,1889000000,-601000000,None,0.031,,24857000000,2612000000,,,,,None,,,,,1.251,5.68,0.285,,,,,,,,0.0054,,,2025-12-04,annual,1.05,USD,pre-market,0,,0.0519,0.08,0.007,220.48,911000000,,,,67.96,65.27,7.1429,,,,,,,123280000000,,55.97,,74.13,56.96
2025-12-28,KR,1.13,147225002000.0,55.97,,0.577,12.34,,,,,,,,,,,,,,,None,89502000000,89502000000,,,,,,None,2340000000,,1.34,0.0213,,,,0.422,0.07,3436000000,5776000000,0.98,2017-01-31,11.82,,35370000000.0,25835000000,2914000000,957000000,,,None,520000000,522000000,,None,,,,,1975000000,1957000000,-522000000,None,0.031,,22383000000,3452000000,,,,,None,,,,,1.251,5.68,0.285,,,,,,,,0.0054,,,2025-12-04,annual,1.05,USD,pre-market,0,,0.0519,0.08,0.007,220.48,881000000,,,,67.96,65.27,7.1429,,,,,,,115337000000,,55.97,,74.13,56.96
2025-12-28,KR,1.13,147225002000.0,55.97,,0.577,12.34,,,,,,,,,,,,,,,None,85496000000,85496000000,,,,,,None,2089000000,,1.34,0.0213,,,,0.422,0.07,3576000000,5665000000,0.98,2016-01-31,11.82,,35370000000.0,24334000000,3094000000,1045000000,,,None,481000000,482000000,,None,,,,,2039000000,2049000000,None,None,0.031,,20758000000,3576000000,,,,,None,,,,,1.251,5.68,0.285,,,,,,,,0.0054,,,2025-12-04,annual,1.05,USD,pre-market,0,,0.0519,0.08,0.007,220.48,723000000,,,,67.96,65.27,7.1429,,,,,,,109830000000,,55.97,,74.13,56.96
2025-12-28,KR,1.13,147225002000.0,55.97,,0.577,12.34,,,,,,,,,,,,,,,None,85512000000,85512000000,,,,,,None,1948000000,,1.34,0.0213,,,,0.422,0.07,3137000000,5085000000,0.98,2015-01-31,11.82,,35370000000.0,22953000000,2649000000,902000000,,,None,488000000,None,,None,,,,,1728000000,1747000000,None,None,0.031,,19816000000,3137000000,,,,,None,,,,,1.251,5.68,0.285,,,,,,,,0.0054,,,2025-12-04,annual,1.05,USD,pre-market,0,,0.0519,0.08,0.007,220.48,707000000,,,,67.96,65.27,7.1429,,,,,,,108465000000,,55.97,,74.13,56.96
2025-12-28,KR,1.13,147225002000.0,55.97,,0.577,12.34,,,,,,,,,,,,,,,None,78138000000,78138000000,,,,,,None,1703000000,,1.34,0.0213,,,,0.422,0.07,2725000000,4428000000,0.98,2014-01-31,11.82,,35370000000.0,20237000000,2282000000,751000000,,,None,443000000,None,,None,,,,,1519000000,1531000000,None,None,0.031,,17512000000,2725000000,,,,,None,,,,,1.251,5.68,0.285,,,,,,,,0.0054,,,2025-12-04,annual,1.05,USD,pre-market,0,,0.0519,0.08,0.007,220.48,613000000,,,,67.96,65.27,7.1429,,,,,,,98375000000,,55.97,,74.13,56.96
2025-12-28,KR,1.13,147225002000.0,55.97,,0.577,12.34,,,,,,,,,,,,,,,None,76726000000,76726000000,,,,,,None,1652000000,,1.34,0.0213,,,,0.422,0.07,2764000000,4416000000,0.98,2013-01-31,11.82,,35370000000.0,19893000000,2302000000,794000000,,,None,451000000,None,,None,,,,,1496500000,1508000000,None,None,0.031,,17129000000,2764000000,,,,,None,,,,,1.251,5.68,0.285,,,,,,,,0.0054,,,2025-12-04,annual,1.05,USD,pre-market,0,,0.0519,0.08,0.007,220.48,628000000,,,,67.96,65.27,7.1429,,,,,,,96619000000,,55.97,,74.13,56.96
2025-12-28,KR,1.13,147225002000.0,55.97,,0.577,12.34,,,,,,,,,,,,,,,None,71389000000,71389000000,,,,,,None,1638000000,,1.34,0.0213,,,,0.422,0.07,1278000000,2916000000,0.98,2012-01-31,11.82,,35370000000.0,18880000000,843000000,247000000,,,None,435000000,None,,None,,,,,602100000,596000000,None,None,0.031,,17602000000,1278000000,,,,,None,,,,,1.251,5.68,0.285,,,,,,,,0.0054,,,2025-12-04,annual,1.05,USD,pre-market,0,,0.0519,0.08,0.007,220.48,619000000,,,,67.96,65.27,7.1429,,,,,,,90269000000,,55.97,,74.13,56.96
2025-12-28,KR,1.13,147225002000.0,55.97,,0.577,12.34,,,,,,,,,,,,,,,None,63803000000,63803000000,,,,,,None,1600000000,,1.34,0.0213,,,,0.422,0.07,2182000000,3782000000,0.98,2011-01-31,11.82,,35370000000.0,18246000000,1734000000,601000000,,,None,454000000,None,,None,,,,,1116300000,1133000000,None,None,0.031,,16064000000,2182000000,,,,,None,,,,,1.251,5.68,0.285,,,,,,,,0.0054,,,2025-12-04,annual,1.05,USD,pre-market,0,,0.0519,0.08,0.007,220.48,623000000,,,,67.96,65.27,7.1429,,,,,,,82049000000,,55.97,,74.13,56.96
2025-12-28,KR,1.13,147225002000.0,55.97,,0.577,12.34,,,,,,,,,,,,,,,None,58848000000,58848000000,,,,,,None,1525000000,,1.34,0.0213,,,,0.422,0.07,1091000000,2616000000,0.98,2010-01-31,11.82,,35370000000.0,17761000000,589000000,532000000,,,None,502000000,None,,None,,,,,70000000,57000000,None,None,0.031,,16670000000,1091000000,,,,,None,,,,,1.251,5.68,0.285,,,,,,,,0.0054,,,2025-12-04,annual,1.05,USD,pre-market,0,,0.0519,0.08,0.007,220.48,620000000,,,,67.96,65.27,7.1429,,,,,,,76609000000,,55.97,,74.13,56.96
2025-12-28,KR,1.13,147225002000.0,55.97,,0.577,12.34,,,,,,,,,,,,,,,None,58544000000,58544000000,,,,,,None,1443000000,,1.34,0.0213,,,,0.422,0.07,2452000000,3895000000,0.98,2009-01-31,11.82,,35370000000.0,17604000000,1967000000,717000000,,,None,485000000,None,,None,,,,,1249000000,None,None,None,0.031,,15152000000,2452000000,,,,,None,,,,,1.251,5.68,0.285,,,,,,,,0.0054,,,2025-12-04,annual,1.05,USD,pre-market,None,,0.0519,0.08,0.007,220.48,659000000,,,,67.96,65.27,7.1429,,,,,,,76148000000,,55.97,,74.13,56.96
2025-12-28,KR,1.13,147225002000.0,55.97,,0.577,12.34,,,,,,,,,,,,,,,None,53711000000,53711000000,,,,,,None,1355000000,,1.34,0.0213,,,,0.422,0.07,2362000000,3717000000,0.98,2008-01-31,11.82,,35370000000.0,16625000000,1888000000,664000000,,,None,474000000,None,,None,,,,,1209000000,None,None,None,0.031,,14263000000,2362000000,,,,,None,,,,,1.251,5.68,0.285,,,,,,,,0.0054,,,2025-12-04,annual,1.05,USD,pre-market,None,,0.0519,0.08,0.007,220.48,643000000,,,,67.96,65.27,7.1429,,,,,,,70336000000,,55.97,,74.13,56.96
2025-12-28,KR,1.13,147225002000.0,55.97,,0.577,12.34,,,,,,,,,,,,,,,None,50115000000,50115000000,,,,,,None,1272000000,,1.34,0.0213,,,,0.422,0.07,2236000000,3508000000,0.98,2007-01-31,11.82,,35370000000.0,15996000000,1748000000,633000000,,,None,488000000,None,,None,,,,,1115000000,None,None,None,0.031,,13760000000,2236000000,,,,,None,,,,,1.251,5.68,0.285,,,,,,,,0.0054,,,2025-12-04,annual,1.05,USD,pre-market,None,,0.0519,0.08,0.007,220.48,12488000000,,,,67.96,65.27,7.1429,,,,,,,66111000000,,55.97,,74.13,56.96
2025-12-28,KR,1.13,147225002000.0,55.97,,0.577,12.34,,,,,,,,,,,,,,,None,45565000000,45565000000,,,,,,None,1265000000,,1.34,0.0213,,,,0.422,0.07,2035000000,3300000000,0.98,2006-01-31,11.82,,35370000000.0,14988000000,1525000000,567000000,,,None,510000000,None,,None,,,,,958000000,None,None,None,0.031,,12953000000,2035000000,,,,,None,,,,,1.251,5.68,0.285,,,,,,,,0.0054,,,2025-12-04,annual,1.05,USD,pre-market,None,,0.0519,0.08,0.007,220.48,11688000000,,,,67.96,65.27,7.1429,,,,,,,60553000000,,55.97,,74.13,56.96
2025-12-28,KR,1.13,147225002000.0,55.97,None,0.577,12.34,,9248000000,3956000000,3956000000,,,,,,,,,1918000000,655000000,None,45565000000,45565000000,10547000000,None,1402000000,2373000000,None,None,1265000000,,1.34,0.0213,,,,0.422,0.07,2035000000,3300000000,0.98,2025-10-31,11.82,2674000000,35370000000.0,14988000000,1525000000,567000000,860000000,860000000,None,510000000,None,7714000000,None,None,14549000000,None,None,958000000,None,None,None,0.031,,12953000000,2035000000,840000000,5073000000,None,2295000000,None,,,,,1.251,5.68,0.285,,,,,,,,0.0054,,30878000000,2025-12-04,quarterly,1.05,USD,pre-market,None,28205000000,0.0519,0.08,0.007,220.48,11688000000,25199000000,2602000000,1111000000,67.96,65.27,7.1429,51440000000,15994000000,18222000000,44401000000,35446000000,26179000000,60553000000,7042000000,55.97,None,74.13,56.96
2025-12-28,KR,1.13,147225002000.0,55.97,None,0.577,12.34,,9232000000,4883000000,4883000000,,,,,,,,,1918000000,665000000,None,45565000000,45565000000,10183000000,None,620000000,2211000000,None,None,1265000000,,1.34,0.0213,,,,0.422,0.07,2035000000,3300000000,0.98,2025-07-31,11.82,2674000000,35370000000.0,14988000000,1525000000,567000000,866000000,866000000,None,510000000,None,9349000000,None,None,15326000000,None,None,958000000,None,None,None,0.031,,12953000000,2035000000,-1771000000,5016000000,None,2173000000,None,,,,,1.251,5.68,0.285,,,,,,,,0.0054,,32759000000,2025-12-04,quarterly,1.05,USD,pre-market,None,29754000000,0.0519,0.08,0.007,220.48,11688000000,25178000000,1500000000,1133000000,67.96,65.27,7.1429,53590000000,15805000000,16699000000,44313000000,37785000000,27614000000,60553000000,9282000000,55.97,None,74.13,56.96
2025-12-28,KR,1.13,147225002000.0,55.97,None,0.577,12.34,,9270000000,4738000000,4738000000,,,,,,,,,1918000000,664000000,None,45565000000,45565000000,10562000000,None,606000000,2131000000,None,None,1265000000,,1.34,0.0213,,,,0.422,0.07,2035000000,3300000000,0.98,2025-04-30,11.82,2674000000,35370000000.0,14988000000,1525000000,567000000,836000000,836000000,None,510000000,None,7020000000,None,None,15332000000,None,None,958000000,None,None,None,0.031,,12953000000,2035000000,697000000,4588000000,None,2200000000,None,,,,,1.251,5.68,0.285,,,,,,,,0.0054,,32669000000,2025-12-04,quarterly,1.05,USD,pre-market,None,29381000000,0.0519,0.08,0.007,220.48,11688000000,25208000000,1475000000,1179000000,67.96,65.27,7.1429,53248000000,15765000000,16625000000,44340000000,37483000000,27715000000,60553000000,8913000000,55.97,None,74.13,56.96
2025-12-28,KR,1.13,147225002000.0,55.97,None,0.577,12.34,,7177000000,3959000000,3959000000,,,,,,,,,1918000000,696000000,None,45565000000,45565000000,10124000000,None,272000000,2195000000,None,None,1265000000,,1.34,0.0213,,,,0.422,0.07,2035000000,3300000000,0.98,2025-01-31,11.82,2674000000,35370000000.0,14988000000,1525000000,567000000,834000000,834000000,None,510000000,None,7038000000,None,None,17633000000,None,None,958000000,None,None,None,0.031,,12953000000,2035000000,769000000,4945000000,None,2380000000,None,,,,,1.251,5.68,0.285,,,,,,,,0.0054,,32542000000,2025-12-04,quarterly,1.05,USD,pre-market,None,28724000000,0.0519,0.08,0.007,220.48,11688000000,25082000000,871000000,1312000000,67.96,65.27,7.1429,52616000000,15273000000,15940000000,44335000000,37343000000,28395000000,60553000000,8285000000,55.97,None,74.13,56.96
2025-12-28,KR,1.13,147225002000.0,55.97,None,0.577,12.34,,9202000000,13358000000,13358000000,,,,,,,,,1918000000,728000000,None,45565000000,45565000000,10521000000,None,10000000,2193000000,None,None,1265000000,,1.34,0.0213,,,,0.422,0.07,2035000000,3300000000,0.98,2024-10-31,11.82,2674000000,35370000000.0,14988000000,1525000000,567000000,865000000,865000000,None,510000000,None,7585000000,None,None,20568000000,None,None,958000000,None,None,None,0.031,,12953000000,2035000000,807000000,4899000000,None,2397000000,None,,,,,1.251,5.68,0.285,,,,,,,,0.0054,,32527000000,2025-12-04,quarterly,1.05,USD,pre-market,None,28299000000,0.0519,0.08,0.007,220.48,11688000000,29780000000,854000000,1082000000,67.96,65.27,7.1429,62418000000,25025000000,16274000000,49524000000,37393000000,33250000000,60553000000,12900000000,55.97,None,74.13,56.96
2025-12-28,KR,1.13,147225002000.0,55.97,None,0.577,12.34,,9207000000,2786000000,2786000000,,,,,,,,,1918000000,727000000,None,45565000000,45565000000,10344000000,None,23000000,2149000000,None,None,1265000000,,1.34,0.0213,,,,0.422,0.07,2035000000,3300000000,0.98,2024-07-31,11.82,2673000000,35370000000.0,14988000000,1525000000,567000000,866000000,866000000,None,510000000,None,6643000000,None,None,10151000000,None,None,958000000,None,None,None,0.031,,12953000000,2035000000,1394000000,4926000000,None,2372000000,None,,,,,1.251,5.68,0.285,,,,,,,,0.0054,,None,2025-12-04,quarterly,1.05,USD,pre-market,None,27917000000,0.0519,0.08,0.007,220.48,11688000000,19381000000,862000000,1091000000,67.96,65.27,7.1429,51443000000,14063000000,16132000000,38931000000,37380000000,22799000000,60553000000,12518000000,55.97,None,74.13,56.96
2025-12-28,KR,1.13,147225002000.0,55.97,None,0.577,12.34,,9110000000,2846000000,2846000000,,,,,,,,,1918000000,727000000,None,45565000000,45565000000,10777000000,None,22000000,1968000000,None,None,1265000000,,1.34,0.0213,,,,0.422,0.07,2035000000,3300000000,0.98,2024-04-30,11.82,2673000000,35370000000.0,14988000000,1525000000,567000000,864000000,864000000,None,510000000,None,6694000000,None,None,10164000000,None,None,958000000,None,None,None,0.031,,12953000000,2035000000,1429000000,4738000000,None,2434000000,None,,,,,1.251,5.68,0.285,,,,,,,,0.0054,,None,2025-12-04,quarterly,1.05,USD,pre-market,None,27683000000,0.0519,0.08,0.007,220.48,11688000000,19296000000,863000000,1226000000,67.96,65.27,7.1429,51579000000,14163000000,16378000000,39166000000,37416000000,22788000000,60553000000,12418000000,55.97,None,74.13,56.96
2025-12-28,KR,1.13,147225002000.0,55.97,None,0.577,12.34,,9060000000,1883000000,1883000000,,,,,,,,,1918000000,725000000,None,45565000000,45565000000,10381000000,None,25000000,2136000000,None,None,1265000000,,1.34,0.0213,,,,0.422,0.07,2035000000,3300000000,0.98,2024-01-31,11.82,2916000000,35370000000.0,14988000000,1525000000,567000000,899000000,899000000,None,510000000,None,7105000000,None,None,10162000000,None,None,958000000,None,None,None,0.031,,12953000000,2035000000,609000000,4809000000,None,2503000000,None,,,,,1.251,5.68,0.285,,,,,,,,0.0054,,None,2025-12-04,quarterly,1.05,USD,pre-market,None,26946000000,0.0519,0.08,0.007,220.48,11688000000,19247000000,868000000,1215000000,67.96,65.27,7.1429,50505000000,12948000000,16058000000,38904000000,37557000000,22846000000,60553000000,11615000000,55.97,None,74.13,56.96
2025-12-28,KR,1.13,147225002000.0,55.97,None,0.577,12.34,,9060000000,1725000000,1725000000,,,,,,,,,1918000000,725000000,None,45565000000,45565000000,8149000000,None,25000000,1938000000,None,None,1265000000,,1.34,0.0213,,,,0.422,0.07,2035000000,3300000000,0.98,2023-10-31,11.82,2916000000,35370000000.0,14988000000,1525000000,567000000,890000000,890000000,None,510000000,None,7931000000,None,None,10162000000,None,None,958000000,None,None,None,0.031,,12953000000,2035000000,648000000,7244000000,None,2503000000,None,,,,,1.251,5.68,0.285,,,,,,,,0.0054,,31634000000,2025-12-04,quarterly,1.05,USD,pre-market,None,26421000000,0.0519,0.08,0.007,220.48,11688000000,19839000000,1392000000,1197000000,67.96,65.27,7.1429,51021000000,13439000000,16785000000,39830000000,37582000000,23045000000,60553000000,11209000000,55.97,None,74.13,56.96
2025-12-28,KR,1.13,147225002000.0,55.97,None,0.577,12.34,,7076000000,2420000000,2420000000,,,,,,,,,1918000000,719000000,None,45565000000,45565000000,7597000000,None,724000000,1820000000,None,None,1265000000,,1.34,0.0213,,,,0.422,0.07,2035000000,3300000000,0.98,2023-07-31,11.82,2916000000,35370000000.0,14988000000,1525000000,567000000,885000000,885000000,None,510000000,None,6828000000,None,None,10143000000,None,None,958000000,None,None,None,0.031,,12953000000,2035000000,642000000,7555000000,None,2705000000,None,,,,,1.251,5.68,0.285,,,,,,,,0.0054,,31591000000,2025-12-04,quarterly,1.05,USD,pre-market,None,25984000000,0.0519,0.08,0.007,220.48,11688000000,19829000000,1385000000,1141000000,67.96,65.27,7.1429,50202000000,12851000000,16537000000,39598000000,37351000000,23061000000,60553000000,10626000000,55.97,None,74.13,56.96
2025-12-28,KR,1.13,147225002000.0,55.97,None,0.577,12.34,,20450000000,2632000000,2632000000,,,,,,,,,1918000000,724000000,None,45565000000,45565000000,7353000000,None,716000000,1766000000,None,None,1265000000,,1.34,0.0213,,,,0.422,0.07,2035000000,3300000000,0.98,2023-04-30,11.82,2916000000,35370000000.0,14988000000,1525000000,567000000,893000000,893000000,None,510000000,None,7030000000,None,None,10139000000,None,None,958000000,None,None,None,0.031,,12953000000,2035000000,633000000,7794000000,None,1595000000,None,,,,,1.251,5.68,0.285,,,,,,,,0.0054,,31594000000,2025-12-04,quarterly,1.05,USD,pre-market,None,26375000000,0.0519,0.08,0.007,220.48,11688000000,20450000000,1983000000,1143000000,67.96,65.27,7.1429,50193000000,13204000000,17130000000,39313000000,36989000000,22183000000,60553000000,10905000000,55.97,None,74.13,56.96
2025-12-28,KR,1.13,147225002000.0,55.97,None,0.577,12.34,,7017000000,1015000000,1015000000,,,,,,,,,1918000000,724000000,None,45565000000,45565000000,10179000000,None,1319000000,2234000000,None,None,1265000000,,1.34,0.0213,,,,0.422,0.07,2035000000,3300000000,0.98,2023-01-31,11.82,2916000000,35370000000.0,14988000000,1525000000,567000000,899000000,899000000,None,510000000,None,7560000000,None,None,12114000000,None,None,958000000,None,None,None,0.031,,12953000000,2035000000,734000000,5087000000,None,1595000000,None,,,,,1.251,5.68,0.285,,,,,,,,0.0054,,None,2025-12-04,quarterly,1.05,USD,pre-market,None,25601000000,0.0519,0.08,0.007,220.48,11688000000,20412000000,1972000000,1127000000,67.96,65.27,7.1429,49623000000,12670000000,17238000000,39609000000,36953000000,22371000000,60553000000,10042000000,55.97,None,74.13,56.96
2025-12-28,KR,1.13,147225002000.0,55.97,None,0.577,12.34,,7034000000,916000000,916000000,,,,,,,,,1918000000,724000000,None,45565000000,45565000000,8219000000,None,807000000,2019000000,None,None,1265000000,,1.34,0.0213,,,,0.422,0.07,2035000000,3300000000,0.98,2022-10-31,11.82,3076000000,35370000000.0,14988000000,1525000000,567000000,906000000,906000000,None,510000000,None,8666000000,None,None,10664000000,None,None,958000000,None,None,None,0.031,,12953000000,2035000000,593000000,8077000000,None,1823000000,None,,,,,1.251,5.68,0.285,,,,,,,,0.0054,,30785000000,2025-12-04,quarterly,1.05,USD,pre-market,None,25338000000,0.0519,0.08,0.007,220.48,11688000000,20254000000,1442000000,1209000000,67.96,65.27,7.1429,49987000000,13403000000,17738000000,40058000000,36584000000,22320000000,60553000000,9955000000,55.97,None,74.13,56.96
2025-12-28,KR,1.13,147225002000.0,55.97,None,0.577,12.34,,7024000000,1102000000,1102000000,,,,,,,,,1918000000,725000000,None,45565000000,45565000000,7446000000,None,788000000,1869000000,None,None,1265000000,,1.34,0.0213,,,,0.422,0.07,2035000000,3300000000,0.98,2022-07-31,11.82,3076000000,35370000000.0,14988000000,1525000000,567000000,917000000,917000000,None,510000000,None,7315000000,None,None,10673000000,None,None,958000000,None,None,None,0.031,,12953000000,2035000000,536000000,7675000000,None,1620000000,None,,,,,1.251,5.68,0.285,,,,,,,,0.0054,,30889000000,2025-12-04,quarterly,1.05,USD,pre-market,None,25128000000,0.0519,0.08,0.007,220.48,11688000000,20382000000,1445000000,1087000000,67.96,65.27,7.1429,48741000000,11909000000,16566000000,39102000000,36832000000,22536000000,60553000000,9657000000,55.97,None,74.13,56.96
2025-12-28,KR,1.13,147225002000.0,55.97,None,0.577,12.34,,7105000000,1382000000,1382000000,,,,,,,,,1918000000,733000000,None,45565000000,45565000000,7556000000,None,789000000,1887000000,None,None,1265000000,,1.34,0.0213,,,,0.422,0.07,2035000000,3300000000,0.98,2022-04-30,11.82,3076000000,35370000000.0,14988000000,1525000000,567000000,928000000,928000000,None,510000000,None,7358000000,None,None,12488000000,None,None,958000000,None,None,None,0.031,,12953000000,2035000000,539000000,7443000000,None,1638000000,None,,,,,1.251,5.68,0.285,,,,,,,,0.0054,,30969000000,2025-12-04,quarterly,1.05,USD,pre-market,None,24583000000,0.0519,0.08,0.007,220.48,11688000000,20751000000,1239000000,1110000000,67.96,65.27,7.1429,49091000000,12276000000,16238000000,39698000000,36815000000,23460000000,60553000000,9411000000,55.97,None,74.13,56.96
2025-12-28,KR,1.13,147225002000.0,55.97,None,0.577,12.34,,7112000000,1821000000,1821000000,,,,,,,,,1918000000,743000000,None,45565000000,45565000000,7117000000,None,587000000,1828000000,None,None,1265000000,,1.34,0.0213,,,,0.422,0.07,2035000000,3300000000,0.98,2022-01-31,11.82,3076000000,35370000000.0,14988000000,1525000000,567000000,942000000,942000000,None,510000000,None,6783000000,None,None,13052000000,None,None,958000000,None,None,None,0.031,,12953000000,2035000000,660000000,8001000000,None,1961000000,None,,,,,1.251,5.68,0.285,,,,,,,,0.0054,,None,2025-12-04,quarterly,1.05,USD,pre-market,None,24066000000,0.0519,0.08,0.007,220.48,11688000000,20440000000,1205000000,1082000000,67.96,65.27,7.1429,49086000000,12174000000,16323000000,39657000000,36912000000,23334000000,60553000000,9452000000,55.97,None,74.13,56.96
2025-12-28,KR,1.13,147225002000.0,55.97,None,0.577,12.34,,7076000000,2288000000,2288000000,,,,,,,,,1918000000,752000000,None,45565000000,45565000000,7879000000,None,555000000,1914000000,None,None,1265000000,,1.34,0.0213,,,,0.422,0.07,2035000000,3300000000,0.98,2021-10-31,11.82,3076000000,35370000000.0,14988000000,1525000000,567000000,954000000,954000000,None,510000000,None,7520000000,None,None,12673000000,None,None,958000000,None,None,None,0.031,,12953000000,2035000000,518000000,7229000000,None,2059000000,None,,,,,1.251,5.68,0.285,,,,,,,,0.0054,,29971000000,2025-12-04,quarterly,1.05,USD,pre-market,None,23658000000,0.0519,0.08,0.007,220.48,11688000000,20706000000,1690000000,1140000000,67.96,65.27,7.1429,49829000000,13380000000,16798000000,40338000000,36449000000,23540000000,60553000000,9519000000,55.97,-19156000000,74.13,56.96
2025-12-28,KR,1.13,147225002000.0,55.97,None,0.577,12.34,,6985000000,2225000000,2225000000,,,,,,,,,1918000000,755000000,None,45565000000,45565000000,6772000000,None,1048000000,1961000000,None,None,1265000000,,1.34,0.0213,,,,0.422,0.07,2035000000,3300000000,0.98,2021-07-31,11.82,3076000000,35370000000.0,14988000000,1525000000,567000000,966000000,966000000,None,510000000,None,6541000000,None,None,11270000000,None,None,958000000,None,None,None,0.031,,12953000000,2035000000,550000000,6640000000,None,2415000000,None,,,,,1.251,5.68,0.285,,,,,,,,0.0054,,29690000000,2025-12-04,quarterly,1.05,USD,pre-market,None,23334000000,0.0519,0.08,0.007,220.48,11688000000,21207000000,2191000000,1055000000,67.96,65.27,7.1429,48461000000,12332000000,15603000000,39203000000,36129000000,23600000000,60553000000,9278000000,55.97,-18876000000,74.13,56.96
2025-12-28,KR,1.13,147225002000.0,55.97,None,0.577,12.34,,7029000000,2309000000,2309000000,,,,,,,,,1918000000,755000000,None,45565000000,45565000000,7015000000,None,1150000000,1936000000,None,None,1265000000,,1.34,0.0213,,,,0.422,0.07,2035000000,3300000000,0.98,2021-04-30,11.82,3076000000,35370000000.0,14988000000,1525000000,567000000,978000000,978000000,None,510000000,None,6767000000,None,None,12974000000,None,None,958000000,None,None,None,0.031,,12953000000,2035000000,522000000,6401000000,None,2965000000,None,,,,,1.251,5.68,0.285,,,,,,,,0.0054,,29720000000,2025-12-04,quarterly,1.05,USD,pre-market,None,23021000000,0.0519,0.08,0.007,220.48,11688000000,21153000000,1794000000,1011000000,67.96,65.27,7.1429,48811000000,12545000000,15210000000,39582000000,36266000000,24372000000,60553000000,9249000000,55.97,-18568000000,74.13,56.96
2025-12-28,KR,1.13,147225002000.0,55.97,None,0.577,12.34,,8430000000,1687000000,1687000000,,,,,,,,,1918000000,761000000,None,45565000000,45565000000,6679000000,None,1049000000,1781000000,None,None,1265000000,,1.34,0.0213,,,,0.422,0.07,2035000000,3300000000,0.98,2021-01-31,11.82,3076000000,35370000000.0,14988000000,1525000000,567000000,997000000,997000000,None,510000000,None,7063000000,None,None,11674000000,None,None,958000000,None,None,None,0.031,,12953000000,2035000000,876000000,7109000000,None,2965000000,None,,,,,1.251,5.68,0.285,,,,,,,,0.0054,,None,2025-12-04,quarterly,1.05,USD,pre-market,None,23018000000,0.0519,0.08,0.007,220.48,11688000000,20587000000,1578000000,1096000000,67.96,65.27,7.1429,48637000000,12503000000,15366000000,39087000000,36159000000,23746000000,60553000000,9576000000,55.97,None,74.13,56.96
2025-12-28,KR,1.13,147225002000.0,55.97,None,0.577,12.34,,7174000000,2180000000,2180000000,,,,,,,,,1918000000,780000000,None,45565000000,45565000000,7355000000,None,911000000,1610000000,None,None,1265000000,,1.34,0.0213,,,,0.422,0.07,2035000000,3300000000,0.98,2020-10-31,11.82,3076000000,35370000000.0,14988000000,1525000000,567000000,1012000000,1012000000,None,510000000,None,7478000000,None,None,11084000000,None,None,958000000,None,None,None,0.031,,12953000000,2035000000,576000000,5898000000,None,21222000000,None,,,,,1.251,5.68,0.285,,,,,,,,0.0054,,21902000000,2025-12-04,quarterly,1.05,USD,pre-market,None,23234000000,0.0519,0.08,0.007,220.48,11688000000,20671000000,2264000000,1102000000,67.96,65.27,7.1429,48465000000,12946000000,15517000000,38421000000,35519000000,22904000000,60553000000,10070000000,55.97,-17881000000,74.13,56.96
2025-12-28,KR,1.13,147225002000.0,55.97,None,0.577,12.34,,7144000000,2820000000,2820000000,,,,,,,,,1918000000,786000000,None,45565000000,45565000000,6871000000,None,1096000000,1526000000,None,None,1265000000,,1.34,0.0213,,,,0.422,0.07,2035000000,3300000000,0.98,2020-07-31,11.82,3076000000,35370000000.0,14988000000,1525000000,567000000,1029000000,1029000000,None,510000000,None,6344000000,None,None,11564000000,None,None,958000000,None,None,None,0.031,,12953000000,2035000000,538000000,5945000000,None,2096000000,None,,,,,1.251,5.68,0.285,,,,,,,,0.0054,,28703000000,2025-12-04,quarterly,1.05,USD,pre-market,None,22744000000,0.0519,0.08,0.007,220.48,11688000000,20626000000,1762000000,1058000000,67.96,65.27,7.1429,47543000000,12286000000,14578000000,37750000000,35257000000,23172000000,60553000000,9820000000,55.97,-17570000000,74.13,56.96
2025-12-28,KR,1.13,147225002000.0,55.97,None,0.577,12.34,,7172000000,2726000000,2726000000,,,,,,,,,1918000000,788000000,None,45565000000,45565000000,7132000000,None,1095000000,1552000000,None,None,1265000000,,1.34,0.0213,,,,0.422,0.07,2035000000,3300000000,0.98,2020-04-30,11.82,3076000000,35370000000.0,14988000000,1525000000,567000000,1044000000,1044000000,None,510000000,None,6297000000,None,None,12376000000,None,None,958000000,None,None,None,0.031,,12953000000,2035000000,458000000,5775000000,None,21411000000,None,,,,,1.251,5.68,0.285,,,,,,,,0.0054,,21790000000,2025-12-04,quarterly,1.05,USD,pre-market,None,22062000000,0.0519,0.08,0.007,220.48,11688000000,20643000000,1764000000,1142000000,67.96,65.27,7.1429,46942000000,12175000000,14671000000,37614000000,34767000000,22943000000,60553000000,9356000000,55.97,-17363000000,74.13,56.96
2025-12-28,KR,1.13,147225002000.0,55.97,None,0.577,12.34,,7172000000,399000000,399000000,,,,,,,,,1918000000,804000000,None,45565000000,45565000000,6349000000,None,1095000000,1706000000,None,None,1265000000,,1.34,0.0213,,,,0.422,0.07,2035000000,3300000000,0.98,2020-01-31,11.82,3076000000,35370000000.0,14988000000,1525000000,567000000,1066000000,1066000000,None,510000000,None,7084000000,None,None,12376000000,None,None,958000000,None,None,None,0.031,,12953000000,2035000000,522000000,5332000000,None,20974000000,None,,,,,1.251,5.68,0.285,,,,,,,,0.0054,,21871000000,2025-12-04,quarterly,1.05,USD,pre-market,None,20978000000,0.0519,0.08,0.007,220.48,11688000000,21178000000,2562000000,1179000000,67.96,65.27,7.1429,45164000000,10890000000,14243000000,36591000000,34288000000,22440000000,60553000000,8602000000,55.97,-16991000000,74.13,56.96
2025-12-28,KR,1.13,147225002000.0,55.97,None,0.577,12.34,,7922000000,545000000,545000000,,,,,,,,,1918000000,807000000,None,45565000000,45565000000,6867000000,None,1926000000,1600000000,None,None,1265000000,,1.34,0.0213,,,,0.422,0.07,2035000000,3300000000,0.98,2019-10-31,11.82,3076000000,35370000000.0,14988000000,1525000000,567000000,1086000000,1086000000,None,510000000,None,7412000000,None,None,11311000000,None,None,958000000,None,None,None,0.031,,12953000000,2035000000,434000000,5161000000,None,1750000000,None,,,,,1.251,5.68,0.285,,,,,,,,0.0054,,28648000000,2025-12-04,quarterly,1.05,USD,pre-market,None,20781000000,0.0519,0.08,0.007,220.48,11688000000,20766000000,2090000000,1034000000,67.96,65.27,7.1429,45393000000,11025000000,14118000000,36665000000,34368000000,22547000000,60553000000,8915000000,55.97,-16585000000,74.13,56.96
2025-12-28,KR,1.13,147225002000.0,55.97,None,0.577,12.34,,8088000000,629000000,629000000,,,,,,,,,1918000000,805000000,None,45565000000,45565000000,6268000000,None,1367000000,1567000000,None,None,1265000000,,1.34,0.0213,,,,0.422,0.07,2035000000,3300000000,0.98,2019-07-31,11.82,3095000000,35370000000.0,14988000000,1525000000,567000000,1103000000,1103000000,None,510000000,None,6526000000,None,None,11300000000,None,None,958000000,None,None,None,0.031,,12953000000,2035000000,435000000,5054000000,None,1883000000,None,,,,,1.251,5.68,0.285,,,,,,,,0.0054,,28681000000,2025-12-04,quarterly,1.05,USD,pre-market,None,20647000000,0.0519,0.08,0.007,220.48,11688000000,20621000000,2028000000,983000000,67.96,65.27,7.1429,44462000000,10140000000,13350000000,35809000000,34322000000,22459000000,60553000000,8711000000,55.97,-16587000000,74.13,56.96
2025-12-28,KR,1.13,147225002000.0,55.97,None,0.577,12.34,,8016000000,409000000,409000000,,,,,,,,,1918000000,805000000,None,45565000000,45565000000,6423000000,None,1305000000,1560000000,None,None,1265000000,,1.34,0.0213,,,,0.422,0.07,2035000000,3300000000,0.98,2019-04-30,11.82,3087000000,35370000000.0,14988000000,1525000000,567000000,1123000000,1123000000,None,510000000,None,6707000000,None,None,11300000000,None,None,958000000,None,None,None,0.031,,12953000000,2035000000,420000000,5017000000,None,20728000000,None,,,,,1.251,5.68,0.285,,,,,,,,0.0054,,21661000000,2025-12-04,quarterly,1.05,USD,pre-market,None,20481000000,0.0519,0.08,0.007,220.48,11688000000,20571000000,2135000000,1066000000,67.96,65.27,7.1429,44319000000,10162000000,13575000000,35787000000,34157000000,22212000000,60553000000,8581000000,55.97,-16613000000,74.13,56.96
2025-12-28,KR,1.13,147225002000.0,55.97,None,0.577,12.34,,None,429000000,429000000,,,,,,,,,1918000000,806000000,None,45565000000,45565000000,6059000000,None,None,1589000000,None,None,1265000000,,1.34,0.0213,,,,0.422,0.07,2035000000,3300000000,0.98,2019-01-31,11.82,3087000000,35370000000.0,14988000000,1525000000,567000000,1258000000,1258000000,None,510000000,None,6846000000,None,None,None,None,None,958000000,None,None,None,0.031,,12953000000,2035000000,758000000,5058000000,None,2375000000,None,,,,,1.251,5.68,0.285,,,,,,,,0.0054,,21635000000,2025-12-04,quarterly,1.05,USD,pre-market,None,19681000000,0.0519,0.08,0.007,220.48,11688000000,15229000000,3157000000,1181000000,67.96,65.27,7.1429,38118000000,10803000000,14274000000,30283000000,27315000000,16009000000,60553000000,7886000000,55.97,None,74.13,56.96
2025-12-28,KR,1.13,147225002000.0,55.97,None,0.577,12.34,,None,429000000,429000000,,,,,,,,,1918000000,807000000,None,45565000000,45565000000,6505000000,None,3319000000,1510000000,None,None,1265000000,,1.34,0.0213,,,,0.422,0.07,2035000000,3300000000,0.98,2018-10-31,11.82,3087000000,35370000000.0,14988000000,1525000000,567000000,1201000000,1201000000,None,510000000,None,7083000000,None,None,10800000000,None,544000000,958000000,None,None,None,0.031,,12953000000,2035000000,633000000,4920000000,None,2350000000,None,,,,,1.251,5.68,0.285,,,,,,,,0.0054,,21515000000,2025-12-04,quarterly,1.05,USD,pre-market,None,19535000000,0.0519,0.08,0.007,220.48,11688000000,15018000000,3371000000,1098000000,67.96,65.27,7.1429,38141000000,10753000000,14796000000,30531000000,27388000000,15735000000,60553000000,7652000000,55.97,-16608000000,74.13,56.96
2025-12-28,KR,1.13,147225002000.0,55.97,None,0.577,12.34,,None,361000000,361000000,,,,,,,,,1918000000,805000000,None,45565000000,45565000000,5933000000,None,2358000000,1488000000,None,None,1265000000,,1.34,0.0213,,,,0.422,0.07,2035000000,3300000000,0.98,2018-07-31,11.82,3087000000,35370000000.0,14988000000,1525000000,567000000,1218000000,1218000000,None,510000000,None,6241000000,None,None,11283000000,None,645000000,958000000,None,None,None,0.031,,12953000000,2035000000,639000000,5005000000,None,2482000000,None,,,,,1.251,5.68,0.285,,,,,,,,0.0054,,21316000000,2025-12-04,quarterly,1.05,USD,pre-market,None,19331000000,0.0519,0.08,0.007,220.48,11688000000,14532000000,2411000000,1017000000,67.96,65.27,7.1429,36957000000,9746000000,13349000000,29619000000,27211000000,16270000000,60553000000,7374000000,55.97,-16605000000,74.13,56.96
2025-12-28,KR,1.13,147225002000.0,55.97,None,0.577,12.34,,None,691000000,691000000,,,,,,,,,1918000000,846000000,None,45565000000,45565000000,6202000000,None,2189000000,1583000000,None,None,1265000000,,1.34,0.0213,,,,0.422,0.07,2035000000,3300000000,0.98,2018-04-30,11.82,2925000000,35370000000.0,14988000000,1525000000,567000000,1100000000,1100000000,None,510000000,None,6387000000,None,None,12059000000,None,None,958000000,None,None,None,0.031,,12953000000,2035000000,572000000,5032000000,None,2495000000,None,,,,,1.251,5.68,0.285,,,,,,,,0.0054,,21195000000,2025-12-04,quarterly,1.05,USD,pre-market,None,18924000000,0.0519,0.08,0.007,220.48,11688000000,14301000000,2242000000,1053000000,67.96,65.27,7.1429,36561000000,10286000000,13476000000,29620000000,26275000000,16144000000,60553000000,6970000000,55.97,-16476000000,74.13,56.96
2025-12-28,KR,1.13,147225002000.0,55.97,None,0.577,12.34,,None,347000000,347000000,,,,,,,,,1918000000,884000000,None,45565000000,45565000000,5858000000,None,3509000000,1637000000,None,None,1265000000,,1.34,0.0213,,,,0.422,0.07,2035000000,3300000000,0.98,2018-01-31,11.82,2925000000,35370000000.0,14988000000,1525000000,567000000,1100000000,1100000000,None,510000000,None,6533000000,None,None,12029000000,None,614000000,958000000,None,None,None,0.031,,12953000000,2035000000,1439000000,4779000000,None,2498000000,None,,,,,1.251,5.68,0.285,,,,,,,,0.0054,,21071000000,2025-12-04,quarterly,1.05,USD,pre-market,None,17007000000,0.0519,0.08,0.007,220.48,11688000000,15589000000,3560000000,1161000000,67.96,65.27,7.1429,37228000000,11117000000,14197000000,30323000000,26080000000,16095000000,60553000000,6931000000,55.97,-14684000000,74.13,56.96
2025-12-28,KR,1.13,147225002000.0,55.97,None,0.577,12.34,,None,352000000,352000000,,,,,,,,,1918000000,893000000,None,45565000000,45565000000,6307000000,None,1677000000,1452000000,None,None,1265000000,,1.34,0.0213,,,,0.422,0.07,2035000000,3300000000,0.98,2017-10-31,11.82,3035000000,35370000000.0,14988000000,1525000000,567000000,1113000000,1113000000,None,510000000,None,6917000000,None,None,13118000000,None,None,958000000,None,None,None,0.031,,12953000000,2035000000,1041000000,4854000000,None,2357000000,None,,,,,1.251,5.68,0.285,,,,,,,,0.0054,,20966000000,2025-12-04,quarterly,1.05,USD,pre-market,None,16263000000,0.0519,0.08,0.007,220.48,11688000000,14847000000,1729000000,1163000000,67.96,65.27,7.1429,37028000000,10925000000,12890000000,30817000000,26103000000,17927000000,60553000000,6235000000,55.97,-14364000000,74.13,56.96
2025-12-28,KR,1.13,147225002000.0,55.97,None,0.577,12.34,,None,819000000,819000000,,,,,,,,,1918000000,905000000,None,45565000000,45565000000,6003000000,None,14048000000,1536000000,None,None,1265000000,,1.34,0.0213,,,,0.422,0.07,2035000000,3300000000,0.98,2017-07-31,11.82,3052000000,35370000000.0,14988000000,1525000000,567000000,1131000000,1131000000,None,510000000,None,6363000000,None,None,13100000000,None,None,958000000,None,None,None,0.031,,12953000000,2035000000,452000000,4667000000,None,3358000000,None,,,,,1.251,5.68,0.285,,,,,,,,0.0054,,21308000000,2025-12-04,quarterly,1.05,USD,pre-market,None,15978000000,0.0519,0.08,0.007,220.48,11688000000,14048000000,948000000,977000000,67.96,65.27,7.1429,36600000000,10147000000,11618000000,30456000000,26453000000,18838000000,60553000000,6159000000,55.97,-14105000000,74.13,56.96
2025-12-28,KR,1.13,147225002000.0,55.97,None,0.577,12.34,,None,356000000,356000000,,,,,,,,,1918000000,925000000,None,45565000000,45565000000,6078000000,None,1854000000,1394000000,None,None,1265000000,,1.34,0.0213,,,,0.422,0.07,2035000000,3300000000,0.98,2017-04-30,11.82,3031000000,35370000000.0,14988000000,1525000000,567000000,1141000000,1141000000,None,510000000,None,6359000000,None,None,11590000000,None,None,958000000,None,None,None,0.031,,12953000000,2035000000,477000000,4583000000,None,3378000000,None,,,,,1.251,5.68,0.285,,,,,,,,0.0054,,21133000000,2025-12-04,quarterly,1.05,USD,pre-market,None,15735000000,0.0519,0.08,0.007,220.48,11688000000,13444000000,1854000000,952000000,67.96,65.27,7.1429,35799000000,9538000000,12515000000,29664000000,26261000000,17149000000,60553000000,6145000000,55.97,-13874000000,74.13,56.96
2025-12-28,KR,1.13,147225002000.0,55.97,None,0.577,12.34,,None,322000000,322000000,,,,,,,,,1918000000,943000000,None,45565000000,45565000000,5818000000,None,None,1649000000,None,None,1265000000,,1.34,0.0213,,,,0.422,0.07,2035000000,3300000000,0.98,2017-01-31,11.82,3031000000,35370000000.0,14988000000,1525000000,567000000,1153000000,1153000000,None,510000000,None,6561000000,None,None,None,None,None,958000000,None,None,None,0.031,,12953000000,2035000000,898000000,4790000000,None,None,None,,,,,1.251,5.68,0.285,,,,,,,,0.0054,,None,2025-12-04,quarterly,1.05,USD,pre-market,None,15543000000,0.0519,0.08,0.007,220.48,11688000000,14077000000,2252000000,910000000,67.96,65.27,7.1429,36505000000,10340000000,12860000000,29795000000,26165000000,16935000000,60553000000,6698000000,55.97,None,74.13,56.96
2025-12-28,KR,1.13,147225002000.0,55.97,None,0.577,12.34,,None,374000000,374000000,,,,,,,,,1918000000,953000000,None,45565000000,45565000000,6310000000,None,3019000000,1488000000,None,None,1265000000,,1.34,0.0213,,,,0.422,0.07,2035000000,3300000000,0.98,2016-10-31,11.82,3035000000,35370000000.0,14988000000,1525000000,567000000,1164000000,1164000000,None,510000000,None,6976000000,None,None,10817000000,None,None,958000000,None,None,None,0.031,,12953000000,2035000000,522000000,4795000000,None,3177000000,None,,,,,1.251,5.68,0.285,,,,,,,,0.0054,,20966000000,2025-12-04,quarterly,1.05,USD,pre-market,None,15150000000,0.0519,0.08,0.007,220.48,11688000000,13836000000,3019000000,1043000000,67.96,65.27,7.1429,36507000000,10403000000,14124000000,29877000000,26104000000,15753000000,60553000000,6612000000,55.97,-12767000000,74.13,56.96
2025-12-28,KR,1.13,147225002000.0,55.97,None,0.577,12.34,,None,319000000,319000000,,,,,,,,,1918000000,959000000,None,45565000000,45565000000,5723000000,None,2779000000,1316000000,None,None,1265000000,,1.34,0.0213,,,,0.422,0.07,2035000000,3300000000,0.98,2016-07-31,11.82,2749000000,35370000000.0,14988000000,1525000000,567000000,1039000000,1039000000,None,510000000,None,6120000000,None,None,9641000000,None,None,958000000,None,None,None,0.031,,12953000000,2035000000,530000000,5019000000,None,3250000000,None,,,,,1.251,5.68,0.285,,,,,,,,0.0054,,20687000000,2025-12-04,quarterly,1.05,USD,pre-market,None,14874000000,0.0519,0.08,0.007,220.48,11688000000,12420000000,2779000000,959000000,67.96,65.27,7.1429,34662000000,9244000000,13521000000,28061000000,25418000000,14540000000,60553000000,6576000000,55.97,-12443000000,74.13,56.96
2025-12-28,KR,1.13,147225002000.0,55.97,None,0.577,12.34,,None,391000000,391000000,,,,,,,,,1918000000,966000000,None,45565000000,45565000000,5846000000,None,2676000000,1314000000,None,None,1265000000,,1.34,0.0213,,,,0.422,0.07,2035000000,3300000000,0.98,2016-04-30,11.82,2744000000,35370000000.0,14988000000,1525000000,567000000,1043000000,1043000000,None,510000000,None,6066000000,None,None,9710000000,None,None,958000000,None,None,None,0.031,,12953000000,2035000000,553000000,4623000000,None,12469000000,None,,,,,1.251,5.68,0.285,,,,,,,,0.0054,,20161000000,2025-12-04,quarterly,1.05,USD,pre-market,None,14589000000,0.0519,0.08,0.007,220.48,11688000000,12386000000,2676000000,892000000,67.96,65.27,7.1429,33801000000,9216000000,13145000000,27353000000,24585000000,14208000000,60553000000,6406000000,55.97,-12422000000,74.13,56.96
2025-12-28,KR,1.13,147225002000.0,55.97,None,0.577,12.34,,None,277000000,277000000,,,,,,,,,1918000000,980000000,None,45565000000,45565000000,5728000000,None,None,1734000000,None,None,1265000000,,1.34,0.0213,,,,0.422,0.07,2035000000,3300000000,0.98,2016-01-31,11.82,2724000000,35370000000.0,14988000000,1525000000,567000000,1053000000,1053000000,None,510000000,None,6168000000,None,None,None,None,None,958000000,None,None,None,0.031,,12953000000,2035000000,790000000,4873000000,None,None,None,,,,,1.251,5.68,0.285,,,,,,,,0.0054,,None,2025-12-04,quarterly,1.05,USD,pre-market,None,14011000000,0.0519,0.08,0.007,220.48,11688000000,12079000000,2370000000,923000000,67.96,65.27,7.1429,33897000000,9892000000,12971000000,27108000000,24005000000,14128000000,60553000000,6820000000,55.97,None,74.13,56.96
2025-12-28,KR,1.13,147225002000.0,55.97,None,0.577,12.34,,None,274000000,274000000,,,,,,,,,1918000000,979000000,None,45565000000,45565000000,5866000000,None,None,1253000000,None,None,1265000000,,1.34,0.0213,,,,0.422,0.07,2035000000,3300000000,0.98,2015-10-31,11.82,2310000000,35370000000.0,14988000000,1525000000,567000000,734000000,734000000,None,510000000,None,6324000000,None,None,8964000000,None,None,958000000,None,None,None,0.031,,12953000000,2035000000,464000000,4791000000,None,2649000000,None,,,,,1.251,5.68,0.285,,,,,,,,0.0054,,18926000000,2025-12-04,quarterly,1.05,USD,pre-market,None,13554000000,0.0519,0.08,0.007,220.48,11688000000,11259000000,2295000000,962000000,67.96,65.27,7.1429,31907000000,9277000000,12952000000,25662000000,22630000000,12710000000,60553000000,6271000000,55.97,-11400000000,74.13,56.96
2025-12-28,KR,1.13,147225002000.0,55.97,None,0.577,12.34,,None,268000000,268000000,,,,,,,,,1918000000,977000000,None,45565000000,45565000000,5261000000,None,None,1319000000,None,None,1265000000,,1.34,0.0213,,,,0.422,0.07,2035000000,3300000000,0.98,2015-07-31,11.82,2307000000,35370000000.0,14988000000,1525000000,567000000,736000000,736000000,None,510000000,None,5548000000,None,None,9743000000,None,None,958000000,None,None,None,0.031,,12953000000,2035000000,1123000000,4289000000,None,2635000000,None,,,,,1.251,5.68,0.285,,,,,,,,0.0054,,18573000000,2025-12-04,quarterly,1.05,USD,pre-market,None,13228000000,0.0519,0.08,0.007,220.48,11688000000,11271000000,1527000000,934000000,67.96,65.27,7.1429,30781000000,8526000000,11363000000,24899000000,22255000000,13536000000,60553000000,5882000000,55.97,-11384000000,74.13,56.96
2025-12-28,KR,1.13,147225002000.0,55.97,None,0.577,12.34,,None,252000000,252000000,,,,,,,,,959000000,984000000,None,45565000000,45565000000,5486000000,None,None,1218000000,None,None,1265000000,,1.34,0.0213,,,,0.422,0.07,2035000000,3300000000,0.98,2015-04-30,11.82,2304000000,35370000000.0,14988000000,1525000000,567000000,743000000,743000000,None,510000000,None,5722000000,None,None,9716000000,None,None,958000000,None,None,None,0.031,,12953000000,2035000000,1139000000,3955000000,None,2717000000,None,,,,,1.251,5.68,0.285,,,,,,,,0.0054,,18212000000,2025-12-04,quarterly,1.05,USD,pre-market,None,12895000000,0.0519,0.08,0.007,220.48,11688000000,11308000000,1591000000,962000000,67.96,65.27,7.1429,30468000000,8583000000,11318000000,24932000000,21885000000,13614000000,60553000000,5536000000,55.97,-11350000000,74.13,56.96
2025-12-28,KR,1.13,147225002000.0,55.97,None,0.577,12.34,,None,268000000,268000000,,,,,,,,,1918000000,986000000,None,45565000000,45565000000,5052000000,None,None,1266000000,None,None,1265000000,,1.34,0.0213,,,,0.422,0.07,2035000000,3300000000,0.98,2015-01-31,11.82,2304000000,35370000000.0,14988000000,1525000000,567000000,757000000,757000000,None,510000000,None,5688000000,None,None,None,None,None,958000000,None,None,None,0.031,,12953000000,2035000000,701000000,4466000000,None,None,None,,,,,1.251,5.68,0.285,,,,,,,,0.0054,,None,2025-12-04,quarterly,1.05,USD,pre-market,None,12367000000,0.0519,0.08,0.007,220.48,11688000000,11597000000,1874000000,988000000,67.96,65.27,7.1429,30556000000,8911000000,11392000000,25114000000,21645000000,13663000000,60553000000,5412000000,55.97,None,74.13,56.96
2025-12-28,KR,1.13,147225002000.0,55.97,None,0.577,12.34,,None,264000000,264000000,,,,,,,,,959000000,984000000,None,45565000000,45565000000,5400000000,None,None,1154000000,None,None,1265000000,,1.34,0.0213,,,,0.422,0.07,2035000000,3300000000,0.98,2014-10-31,11.82,2295000000,35370000000.0,14988000000,1525000000,567000000,766000000,766000000,None,510000000,None,6130000000,None,None,9735000000,None,None,958000000,None,None,None,0.031,,12953000000,2035000000,1074000000,4231000000,None,2206000000,None,,,,,1.251,5.68,0.285,,,,,,,,0.0054,,17586000000,2025-12-04,quarterly,1.05,USD,pre-market,None,11940000000,0.0519,0.08,0.007,220.48,11688000000,11537000000,1801000000,942000000,67.96,65.27,7.1429,30222000000,8886000000,11680000000,24878000000,21336000000,13198000000,60553000000,5344000000,55.97,-10797000000,74.13,56.96
2025-12-28,KR,1.13,147225002000.0,55.97,None,0.577,12.34,,None,248000000,248000000,,,,,,,,,959000000,982000000,None,45565000000,45565000000,5076000000,None,None,1174000000,None,None,1265000000,,1.34,0.0213,,,,0.422,0.07,2035000000,3300000000,0.98,2014-07-31,11.82,2135000000,35370000000.0,14988000000,1525000000,567000000,695000000,695000000,None,510000000,None,5495000000,None,None,9706000000,None,None,958000000,None,None,None,0.031,,12953000000,2035000000,1130000000,4022000000,None,2230000000,None,,,,,1.251,5.68,0.285,,,,,,,,0.0054,,17263000000,2025-12-04,quarterly,1.05,USD,pre-market,None,11667000000,0.0519,0.08,0.007,220.48,11688000000,11201000000,1494000000,956000000,67.96,65.27,7.1429,29079000000,8295000000,10840000000,24057000000,20784000000,13217000000,60553000000,5022000000,55.97,-10785000000,74.13,56.96
2025-12-28,KR,1.13,147225002000.0,55.97,None,0.577,12.34,,None,265000000,265000000,,,,,,,,,959000000,1014000000,None,45565000000,45565000000,5257000000,None,None,1108000000,None,None,1265000000,,1.34,0.0213,,,,0.422,0.07,2035000000,3300000000,0.98,2014-04-30,11.82,2135000000,35370000000.0,14988000000,1525000000,567000000,698000000,698000000,None,510000000,None,5648000000,None,None,9664000000,None,None,958000000,None,None,None,0.031,,12953000000,2035000000,1082000000,3767000000,None,2229000000,None,,,,,1.251,5.68,0.285,,,,,,,,0.0054,,17030000000,2025-12-04,quarterly,1.05,USD,pre-market,None,11398000000,0.0519,0.08,0.007,220.48,11688000000,11317000000,1652000000,937000000,67.96,65.27,7.1429,28913000000,8368000000,10924000000,24143000000,20545000000,13219000000,60553000000,4770000000,55.97,-10746000000,74.13,56.96
2025-12-28,KR,1.13,147225002000.0,55.97,None,0.577,12.34,,None,401000000,401000000,,,,,,,,,959000000,1034000000,None,45565000000,45565000000,4881000000,None,None,1116000000,None,None,1265000000,,1.34,0.0213,,,,0.422,0.07,2035000000,3300000000,0.98,2014-01-31,11.82,2135000000,35370000000.0,14988000000,1525000000,567000000,702000000,702000000,None,510000000,None,5651000000,None,None,9653000000,None,None,958000000,None,None,None,0.031,,12953000000,2035000000,704000000,4167000000,None,2146000000,None,,,,,1.251,5.68,0.285,,,,,,,,0.0054,,16893000000,2025-12-04,quarterly,1.05,USD,pre-market,None,10981000000,0.0519,0.08,0.007,220.48,11688000000,11310000000,1657000000,958000000,67.96,65.27,7.1429,29314000000,8830000000,10705000000,23919000000,20467000000,13181000000,60553000000,5384000000,55.97,-9641000000,74.13,56.96
2025-12-28,KR,1.13,147225002000.0,55.97,None,0.577,12.34,,None,344000000,344000000,,,,,,,,,959000000,1042000000,None,45565000000,45565000000,4941000000,None,None,1044000000,None,None,1265000000,,1.34,0.0213,,,,0.422,0.07,2035000000,3300000000,0.98,2013-10-31,11.82,1234000000,35370000000.0,14988000000,1525000000,567000000,1234000000,1234000000,None,510000000,None,5628000000,None,None,7148000000,None,None,958000000,None,None,None,0.031,,12953000000,2035000000,315000000,4130000000,None,2333000000,None,,,,,1.251,5.68,0.285,,,,,,,,0.0054,,15456000000,2025-12-04,quarterly,1.05,USD,pre-market,None,10651000000,0.0519,0.08,0.007,220.48,11688000000,8270000000,1122000000,881000000,67.96,65.27,7.1429,25480000000,8212000000,10193000000,20490000000,17268000000,10297000000,60553000000,4984000000,55.97,-9426000000,74.13,56.96
2025-12-28,KR,1.13,147225002000.0,55.97,None,0.577,12.34,,None,440000000,440000000,,,,,,,,,959000000,1042000000,None,45565000000,45565000000,4620000000,None,None,942000000,None,None,1265000000,,1.34,0.0213,,,,0.422,0.07,2035000000,3300000000,0.98,2013-07-31,11.82,1234000000,35370000000.0,14988000000,1525000000,567000000,1234000000,1234000000,None,510000000,None,4954000000,None,None,7158000000,None,None,958000000,None,None,None,0.031,,12953000000,2035000000,742000000,3716000000,None,2329000000,None,,,,,1.251,5.68,0.285,,,,,,,,0.0054,,15084000000,2025-12-04,quarterly,1.05,USD,pre-market,None,10430000000,0.0519,0.08,0.007,220.48,11688000000,7893000000,734000000,850000000,67.96,65.27,7.1429,24472000000,7518000000,9354000000,19624000000,16954000000,10270000000,60553000000,4848000000,55.97,-9309000000,74.13,56.96
2025-12-28,KR,1.13,147225002000.0,55.97,None,0.577,12.34,,None,247000000,247000000,,,,,,,,,959000000,1040000000,None,45565000000,45565000000,4855000000,None,None,961000000,None,None,1265000000,,1.34,0.0213,,,,0.422,0.07,2035000000,3300000000,0.98,2013-04-30,11.82,1234000000,35370000000.0,14988000000,1525000000,567000000,1234000000,1234000000,None,510000000,None,5076000000,None,None,6162000000,None,None,958000000,None,None,None,0.031,,12953000000,2035000000,299000000,3728000000,None,2327000000,None,,,,,1.251,5.68,0.285,,,,,,,,0.0054,,14985000000,2025-12-04,quarterly,1.05,USD,pre-market,None,10190000000,0.0519,0.08,0.007,220.48,11688000000,7946000000,1784000000,851000000,67.96,65.27,7.1429,24245000000,7434000000,10367000000,19649000000,16811000000,9264000000,60553000000,4590000000,55.97,-9293000000,74.13,56.96
2025-12-28,KR,1.13,147225002000.0,55.97,None,0.577,12.34,,None,238000000,238000000,,,,,,,,,959000000,1035000000,None,45565000000,45565000000,4484000000,None,None,1051000000,None,None,1265000000,,1.34,0.0213,,,,0.422,0.07,2035000000,3300000000,0.98,2013-01-31,11.82,1234000000,35370000000.0,14988000000,1525000000,567000000,130000000,130000000,None,510000000,None,5146000000,None,None,6145000000,None,None,958000000,None,None,None,0.031,,12953000000,2035000000,569000000,3843000000,None,2440000000,None,,,,,1.251,5.68,0.285,,,,,,,,0.0054,,14875000000,2025-12-04,quarterly,1.05,USD,pre-market,None,9787000000,0.0519,0.08,0.007,220.48,11688000000,8879000000,2734000000,955000000,67.96,65.27,7.1429,24651500000,7959000000,11061000000,20440700000,16692900000,9359000000,60553000000,4207000000,55.97,-9237000000,74.13,56.96
2025-12-28,KR,1.13,147225002000.0,55.97,None,0.577,12.34,,None,435000000,435000000,,,,,,,,,959000000,1043000000,None,45565000000,45565000000,4825000000,None,None,1039000000,None,None,1265000000,,1.34,0.0213,,,,0.422,0.07,2035000000,3300000000,0.98,2012-10-31,11.82,1164000000,35370000000.0,14988000000,1525000000,567000000,1164000000,1164000000,None,510000000,None,5550000000,None,None,6780000000,None,None,958000000,None,None,None,0.031,,12953000000,2035000000,1253000000,3644000000,None,2804000000,None,,,,,1.251,5.68,0.285,,,,,,,,0.0054,,14690000000,2025-12-04,quarterly,1.05,USD,pre-market,None,9404000000,0.0519,0.08,0.007,220.48,11688000000,8852000000,2079000000,435000000,67.96,65.27,7.1429,24658400000,8277000000,10548000000,20895700000,16381200000,10348000000,60553000000,3761000000,55.97,-9228000000,74.13,56.96
2025-12-28,KR,1.13,147225002000.0,55.97,None,0.577,12.34,,None,238000000,238000000,,,,,,,,,959000000,1081800000,None,45565000000,45565000000,4326000000,None,None,941000000,None,None,1265000000,,1.34,0.0213,,,,0.422,0.07,2035000000,3300000000,0.98,2012-07-31,11.82,1164000000,35370000000.0,14988000000,1525000000,567000000,1164000000,1164000000,None,510000000,None,4837000000,None,None,6787000000,None,None,958000000,None,None,None,0.031,,12953000000,2035000000,1235000000,3676000000,None,2897000000,None,,,,,1.251,5.68,0.285,,,,,,,,0.0054,,14600000000,2025-12-04,quarterly,1.05,USD,pre-market,None,9164000000,0.0519,0.08,0.007,220.48,11688000000,8127000000,1340000000,238000000,67.96,65.27,7.1429,23545200000,7251000000,9342000000,19752000000,16296000000,10412000000,60553000000,3791000000,55.97,-8933000000,74.13,56.96
2025-12-28,KR,1.13,147225002000.0,55.97,None,0.577,12.34,,None,511000000,511000000,,,,,,,,,959000000,1118600000,None,45565000000,45565000000,4518000000,None,None,922000000,None,None,1265000000,,1.34,0.0213,,,,0.422,0.07,2035000000,3300000000,0.98,2012-04-30,11.82,1138000000,35370000000.0,14988000000,1525000000,567000000,1138000000,1138000000,None,510000000,None,4977000000,None,None,6771000000,None,None,958000000,None,None,None,0.031,,12953000000,2035000000,347000000,3501000000,None,2917000000,None,,,,,1.251,5.68,0.285,,,,,,,,0.0054,,14522000000,2025-12-04,quarterly,1.05,USD,pre-market,None,8945000000,0.0519,0.08,0.007,220.48,11688000000,8106000000,1335000000,839000000,67.96,65.27,7.1429,23789900000,7596000000,9354000000,19722600000,16194000000,10370000000,60553000000,4080000000,55.97,-8440000000,74.13,56.96
2025-12-28,KR,1.13,147225002000.0,55.97,None,0.577,12.34,,None,188000000,188000000,,,,,,,,,959000000,1130000000,None,45565000000,45565000000,4329000000,None,None,949000000,None,None,1265000000,,1.34,0.0213,,,,0.422,0.07,2035000000,3300000000,0.98,2012-01-31,11.82,1138000000,35370000000.0,14988000000,1525000000,567000000,None,None,None,510000000,None,5114000000,None,None,None,None,None,958000000,None,None,None,0.031,,12953000000,2035000000,288000000,3461000000,None,None,None,,,,,1.251,5.68,0.285,,,,,,,,0.0054,,None,2025-12-04,quarterly,1.05,USD,pre-market,None,8571000000,0.0519,0.08,0.007,220.48,11688000000,8165000000,1315000000,786000000,67.96,65.27,7.1429,23476000000,7325000000,9105000000,19510000000,16151000000,10405000000,60553000000,3981000000,55.97,None,74.13,56.96
2025-12-28,KR,1.13,147225002000.0,55.97,None,0.577,12.34,,None,1095000000,1095000000,,,,,,,,,959000000,1171800000,None,45565000000,45565000000,4653000000,None,None,877000000,None,None,1265000000,,1.34,0.0213,,,,0.422,0.07,2035000000,3300000000,0.98,2011-10-31,11.82,1138000000,35370000000.0,14988000000,1525000000,567000000,1138000000,1138000000,None,510000000,None,5507000000,None,None,6428000000,None,None,958000000,None,None,None,0.031,,12953000000,2035000000,344000000,3573000000,None,2111000000,None,,,,,1.251,5.68,0.285,,,,,,,,0.0054,,14451000000,2025-12-04,quarterly,1.05,USD,pre-market,None,8944000000,0.0519,0.08,0.007,220.48,11688000000,7690000000,1262000000,8000000,67.96,65.27,7.1429,23960300000,7823000000,9488000000,19061300000,16137000000,9573000000,60553000000,4907000000,55.97,-7887000000,74.13,56.96
2025-12-28,KR,1.13,147225002000.0,55.97,None,0.577,12.34,,None,1449000000,1449000000,,,,,,,,,959000000,1200800000,None,45565000000,45565000000,4250000000,None,None,859000000,None,None,1265000000,,1.34,0.0213,,,,0.422,0.07,2035000000,3300000000,0.98,2011-07-31,11.82,1140000000,35370000000.0,14988000000,1525000000,567000000,1140000000,1140000000,None,510000000,None,4764000000,None,None,6419000000,None,None,958000000,None,None,None,0.031,,12953000000,2035000000,357000000,3838000000,None,2137000000,None,,,,,1.251,5.68,0.285,,,,,,,,0.0054,,14267000000,2025-12-04,quarterly,1.05,USD,pre-market,None,8811000000,0.0519,0.08,0.007,220.48,11688000000,7347000000,928000000,461100000,67.96,65.27,7.1429,23397900000,7429000000,9016000000,18188000000,15969500000,9172000000,60553000000,5219000000,55.97,-7418000000,74.13,56.96
2025-12-28,KR,1.13,147225002000.0,55.97,None,0.577,12.34,,None,431000000,431000000,,,,,,,,,959000000,1224000000,None,45565000000,45565000000,4226000000,None,None,854000000,None,None,1265000000,,1.34,0.0213,,,,0.422,0.07,2035000000,3300000000,0.98,2011-04-30,11.82,1140000000,35370000000.0,14988000000,1525000000,567000000,1140000000,1140000000,None,510000000,None,4835000000,None,None,6793000000,None,None,958000000,None,None,None,0.031,,12953000000,2035000000,367000000,3507000000,None,2147000000,None,,,,,1.251,5.68,0.285,,,,,,,,0.0054,,14192000000,2025-12-04,quarterly,1.05,USD,pre-market,None,8592000000,0.0519,0.08,0.007,220.48,11688000000,7380000000,587000000,716000000,67.96,65.27,7.1429,23111300000,7203000000,8320000000,17907100000,15908600000,9587000000,60553000000,5213000000,55.97,-7216000000,74.13,56.96
2025-12-28,KR,1.13,147225002000.0,55.97,None,0.577,12.34,,None,825000000,825000000,,,,,,,,,959000000,1262000000,None,45565000000,45565000000,4227000000,None,None,845000000,None,None,1265000000,,1.34,0.0213,,,,0.422,0.07,2035000000,3300000000,0.98,2011-01-31,11.82,1140000000,35370000000.0,14988000000,1525000000,567000000,None,None,None,510000000,None,4966000000,None,None,None,None,None,958000000,None,None,None,0.031,,12953000000,2035000000,319000000,3255000000,None,None,None,,,,,1.251,5.68,0.285,,,,,,,,0.0054,,None,2025-12-04,quarterly,1.05,USD,pre-market,None,8225000000,0.0519,0.08,0.007,220.48,11688000000,7892000000,588000000,666000000,67.96,65.27,7.1429,23505000000,7621000000,8070000000,18207000000,15884000000,10137000000,60553000000,5296000000,55.97,None,74.13,56.96
2025-12-28,KR,1.13,147225002000.0,55.97,None,0.577,12.34,,None,1513000000,1513000000,,,,,,,,,959000000,1272400000,None,45565000000,45565000000,4179000000,None,None,847000000,None,None,1265000000,,1.34,0.0213,,,,0.422,0.07,2035000000,3300000000,0.98,2010-10-31,11.82,1158000000,35370000000.0,14988000000,1525000000,567000000,1158000000,1158000000,None,510000000,None,5256000000,None,None,7261000000,None,None,958000000,None,None,None,0.031,,12953000000,2035000000,291000000,3614000000,None,2386000000,None,,,,,1.251,5.68,0.285,,,,,,,,0.0054,,14106000000,2025-12-04,quarterly,1.05,USD,pre-market,None,8013000000,0.0519,0.08,0.007,220.48,11688000000,7808000000,547000000,602000000,67.96,65.27,7.1429,23754900000,7907000000,8340000000,18494300000,15848400000,10154000000,60553000000,5264000000,55.97,-6486000000,74.13,56.96
2025-12-28,KR,1.13,147225002000.0,55.97,None,0.577,12.34,,None,1037000000,1037000000,,,,,,,,,959000000,1279800000,None,45565000000,45565000000,3851000000,None,None,805000000,None,None,1265000000,,1.34,0.0213,,,,0.422,0.07,2035000000,3300000000,0.98,2010-07-31,11.82,1158000000,35370000000.0,14988000000,1525000000,567000000,1158000000,1158000000,None,510000000,None,4650000000,None,None,7277000000,None,None,958000000,None,None,None,0.031,,12953000000,2035000000,306000000,3535000000,None,2421000000,None,,,,,1.251,5.68,0.285,,,,,,,,0.0054,,14003000000,2025-12-04,quarterly,1.05,USD,pre-market,None,7877000000,0.0519,0.08,0.007,220.48,11688000000,7817000000,539000000,748000000,67.96,65.27,7.1429,23275500000,7546000000,7925000000,18108600000,15729600000,10184000000,60553000000,5163000000,55.97,-6433000000,74.13,56.96
2025-12-28,KR,1.13,147225002000.0,55.97,None,0.577,12.34,,None,602000000,602000000,,,,,,,,,959000000,1289400000,None,45565000000,45565000000,3963000000,None,None,828000000,None,None,1265000000,,1.34,0.0213,,,,0.422,0.07,2035000000,3300000000,0.98,2010-04-30,11.82,1158000000,35370000000.0,14988000000,1525000000,567000000,1158000000,1158000000,None,510000000,None,4772000000,None,None,6997000000,None,None,958000000,None,None,None,0.031,,12953000000,2035000000,305000000,3310000000,None,2478000000,None,,,,,1.251,5.68,0.285,,,,,,,,0.0054,,13976000000,2025-12-04,quarterly,1.05,USD,pre-market,None,7676000000,0.0519,0.08,0.007,220.48,11688000000,7525000000,528000000,675000000,67.96,65.27,7.1429,22881100000,7182000000,7801000000,17774800000,15699700000,9974000000,60553000000,5108000000,55.97,-6314000000,74.13,56.96
2025-12-28,KR,1.13,147225002000.0,55.97,None,0.577,12.34,,None,424000000,424000000,,,,,,,,,958000000,1295000000,None,45565000000,45565000000,3890000000,None,None,909000000,None,None,1265000000,,1.34,0.0213,,,,0.422,0.07,2035000000,3300000000,0.98,2010-01-31,11.82,1158000000,35370000000.0,14988000000,1525000000,567000000,None,None,None,510000000,None,4935000000,None,None,None,None,None,958000000,None,None,None,0.031,,12953000000,2035000000,561000000,3258000000,None,None,None,,,,,1.251,5.68,0.285,,,,,,,,0.0054,,None,2025-12-04,quarterly,1.05,USD,pre-market,None,7364000000,0.0519,0.08,0.007,220.48,11688000000,8056000000,579000000,654000000,67.96,65.27,7.1429,23093000000,7483000000,7727000000,18187000000,15643000000,10473000000,60553000000,4852000000,55.97,None,74.13,56.96
2025-12-28,KR,1.13,147225002000.0,55.97,None,0.577,12.34,,None,1186000000,1186000000,,,,,,,,,957000000,1300800000,None,45565000000,45565000000,4169000000,None,None,817000000,None,None,1265000000,,1.34,0.0213,,,,0.422,0.07,2035000000,3300000000,0.98,2009-10-31,11.82,1158000000,35370000000.0,14988000000,1525000000,567000000,1158000000,1158000000,None,510000000,None,5245000000,None,None,7476000000,None,None,958000000,None,None,None,0.031,,12953000000,2035000000,282000000,3417000000,None,2211000000,None,,,,,1.251,5.68,0.285,,,,,,,,0.0054,,13818000000,2025-12-04,quarterly,1.05,USD,pre-market,None,7123000000,0.0519,0.08,0.007,220.48,11688000000,8054000000,578000000,359400000,67.96,65.27,7.1429,23084500000,7530000000,8164000000,18232200000,15554200000,10068000000,60553000000,4783000000,55.97,-6145000000,74.13,56.96
2025-12-28,KR,1.13,147225002000.0,55.97,None,0.577,12.34,,None,997000000,997000000,,,,,,,,,955000000,1302600000,None,45565000000,45565000000,3857000000,None,None,774000000,None,None,1265000000,,1.34,0.0213,,,,0.422,0.07,2035000000,3300000000,0.98,2009-07-31,11.82,2271000000,35370000000.0,14988000000,1525000000,567000000,2271000000,2271000000,None,510000000,None,4635000000,None,None,6957000000,None,None,958000000,None,None,None,0.031,,12953000000,2035000000,300000000,3268000000,None,2253000000,None,,,,,1.251,5.68,0.285,,,,,,,,0.0054,,13606000000,2025-12-04,quarterly,1.05,USD,pre-market,None,8060000000,0.0519,0.08,0.007,220.48,11688000000,7539000000,582000000,210200000,67.96,65.27,7.1429,23145200000,6706000000,7707000000,17348000000,16439200000,9641000000,60553000000,5721000000,55.97,-6096000000,74.13,56.96
2025-12-28,KR,1.13,147225002000.0,55.97,None,0.577,12.34,,None,1295000000,1295000000,,,,,,,,,955000000,1302000000,None,45565000000,45565000000,4013000000,None,None,795000000,None,None,1265000000,,1.34,0.0213,,,,0.422,0.07,2035000000,3300000000,0.98,2009-04-30,11.82,2271000000,35370000000.0,14988000000,1525000000,567000000,None,None,None,510000000,None,4811000000,None,None,None,None,None,958000000,None,None,None,0.031,,12953000000,2035000000,338000000,3216000000,None,None,None,,,,,1.251,5.68,0.285,,,,,,,,0.0054,,None,2025-12-04,quarterly,1.05,USD,pre-market,None,7865000000,0.0519,0.08,0.007,220.48,11688000000,7913000000,941000000,461000000,67.96,65.27,7.1429,23429000000,7239000000,8170000000,17784000000,16190000000,9614000000,60553000000,5561000000,55.97,None,74.13,56.96
2025-12-28,KR,1.13,147225002000.0,55.97,None,0.577,12.34,,None,263000000,263000000,,,,,,,,,955000000,1327000000,None,45565000000,45565000000,3822000000,None,None,944000000,None,None,1265000000,,1.34,0.0213,,,,0.422,0.07,2035000000,3300000000,0.98,2009-01-31,11.82,2271000000,35370000000.0,14988000000,1525000000,567000000,2271000000,2271000000,None,510000000,None,4905000000,None,None,6972000000,None,None,958000000,None,None,None,0.031,,12953000000,2035000000,509000000,3266000000,None,None,None,,,,,1.251,5.68,0.285,,,,,,,,0.0054,,13347000000,2025-12-04,quarterly,1.05,USD,pre-market,None,7518000000,0.0519,0.08,0.007,220.48,11688000000,8063000000,558000000,631000000,67.96,65.27,7.1429,23257000000,7252000000,7646000000,17957000000,16005000000,10311000000,60553000000,5205000000,55.97,-6056000000,74.13,56.96
2025-12-28,KR,1.13,147225002000.0,55.97,None,0.577,12.34,,None,280000000,280000000,,,,,,,,,954000000,1310000000,None,45565000000,45565000000,4337000000,None,None,807000000,None,None,1265000000,,1.34,0.0213,,,,0.422,0.07,2035000000,3300000000,0.98,2008-10-31,11.82,2246000000,35370000000.0,14988000000,1525000000,567000000,2271000000,2271000000,None,510000000,None,5368000000,None,None,7505000000,None,None,958000000,None,None,None,0.031,,12953000000,2035000000,864000000,3138000000,None,None,None,,,,,1.251,5.68,0.285,,,,,,,,0.0054,,13161000000,2025-12-04,quarterly,1.05,USD,pre-market,None,7203000000,0.0519,0.08,0.007,220.48,11688000000,8035000000,1141000000,83000000,67.96,65.27,7.1429,23181000000,7319000000,8616000000,17816000000,15862000000,9200000000,60553000000,5269000000,55.97,-6039000000,74.13,56.96
2025-12-28,KR,1.13,147225002000.0,55.97,None,0.577,12.34,,None,270000000,270000000,,,,,,,,,954000000,1316000000,None,45565000000,45565000000,3979000000,None,None,770000000,None,None,1265000000,,1.34,0.0213,,,,0.422,0.07,2035000000,3300000000,0.98,2008-07-31,11.82,2246000000,35370000000.0,14988000000,1525000000,567000000,2246000000,2246000000,None,510000000,None,4730000000,None,None,6894000000,None,None,958000000,None,None,None,0.031,,12953000000,2035000000,934000000,3162000000,None,None,None,,,,,1.251,5.68,0.285,,,,,,,,0.0054,,13085000000,2025-12-04,quarterly,1.05,USD,pre-market,None,7024000000,0.0519,0.08,0.007,220.48,11688000000,7626000000,731000000,98000000,67.96,65.27,7.1429,22300000000,6704000000,7872000000,17055000000,15596000000,9183000000,60553000000,5145000000,55.97,-6030000000,74.13,56.96
2025-12-28,KR,1.13,147225002000.0,55.97,None,0.577,12.34,,None,307000000,307000000,,,,,,,,,950000000,1326000000,None,45565000000,45565000000,4296000000,None,None,781000000,None,None,1265000000,,1.34,0.0213,,,,0.422,0.07,2035000000,3300000000,0.98,2008-04-30,11.82,2246000000,35370000000.0,14988000000,1525000000,567000000,2246000000,2246000000,None,510000000,None,4870000000,None,None,6895000000,None,None,958000000,None,None,None,0.031,,12953000000,2035000000,992000000,3017000000,None,None,None,,,,,1.251,5.68,0.285,,,,,,,,0.0054,,12825000000,2025-12-04,quarterly,1.05,USD,pre-market,None,6807000000,0.0519,0.08,0.007,220.48,11688000000,7802000000,527000000,80000000,67.96,65.27,7.1429,22430000000,6950000000,7840000000,17359000000,15480000000,9519000000,60553000000,4974000000,55.97,-5944000000,74.13,56.96
2025-12-28,KR,1.13,147225002000.0,55.97,None,0.577,12.34,,None,242000000,242000000,,,,,,,,,947000000,1352000000,None,45565000000,45565000000,4050000000,None,None,786000000,None,None,1265000000,,1.34,0.0213,,,,0.422,0.07,2035000000,3300000000,0.98,2008-01-31,11.82,2144000000,35370000000.0,14988000000,1525000000,567000000,2246000000,2246000000,None,510000000,None,4855000000,None,None,7275000000,None,None,958000000,None,None,None,0.031,,12953000000,2035000000,1231000000,3047000000,None,None,None,,,,,1.251,5.68,0.285,,,,,,,,0.0054,,12698000000,2025-12-04,quarterly,1.05,USD,pre-market,None,6480000000,0.0519,0.08,0.007,220.48,11688000000,8121000000,1592000000,242000000,67.96,65.27,7.1429,22299000000,7114000000,8689000000,17385000000,15185000000,8696000000,60553000000,4914000000,55.97,-5800000000,74.13,56.96
2025-12-28,KR,1.13,147225002000.0,55.97,None,0.577,12.34,,None,166000000,166000000,,,,,,,,,946000000,1370000000,None,45565000000,45565000000,4231000000,None,None,735000000,None,None,1265000000,,1.34,0.0213,,,,0.422,0.07,2035000000,3300000000,0.98,2007-10-31,11.82,2144000000,35370000000.0,14988000000,1525000000,567000000,2234000000,2234000000,None,510000000,None,5186000000,None,None,6529000000,None,None,958000000,None,None,None,0.031,,12953000000,2035000000,816000000,2993000000,None,None,None,,,,,1.251,5.68,0.285,,,,,,,,0.0054,,12498000000,2025-12-04,quarterly,1.05,USD,pre-market,None,6205000000,0.0519,0.08,0.007,220.48,11688000000,7490000000,1715000000,27000000,67.96,65.27,7.1429,21903000000,6903000000,8939000000,17134000000,15000000000,8195000000,60553000000,4769000000,55.97,-5422000000,74.13,56.96
2025-12-28,KR,1.13,147225002000.0,55.97,None,0.577,12.34,,None,164000000,164000000,,,,,,,,,945000000,1418000000,None,45565000000,45565000000,3834000000,None,None,680000000,None,None,1265000000,,1.34,0.0213,,,,0.422,0.07,2035000000,3300000000,0.98,2007-07-31,11.82,2143000000,35370000000.0,14988000000,1525000000,567000000,2144000000,2144000000,None,510000000,None,4577000000,None,None,5775000000,None,None,958000000,None,None,None,0.031,,12953000000,2035000000,819000000,2985000000,None,None,None,,,,,1.251,5.68,0.285,,,,,,,,0.0054,,12331000000,2025-12-04,quarterly,1.05,USD,pre-market,None,6003000000,0.0519,0.08,0.007,220.48,11688000000,6674000000,1202000000,30000000,67.96,65.27,7.1429,21061000000,6240000000,8021000000,16096000000,14821000000,8075000000,60553000000,4965000000,55.97,-5153000000,74.13,56.96
2025-12-28,KR,1.13,147225002000.0,55.97,None,0.577,12.34,,None,150000000,150000000,,,,,,,,,943000000,1430000000,None,45565000000,45565000000,3864000000,None,None,719000000,None,None,1265000000,,1.34,0.0213,,,,0.422,0.07,2035000000,3300000000,0.98,2007-04-30,11.82,2120000000,35370000000.0,14988000000,1525000000,567000000,2143000000,2143000000,None,510000000,None,4696000000,None,None,5472000000,None,None,958000000,None,None,None,0.031,,12953000000,2035000000,844000000,2554000000,None,None,None,,,,,1.251,5.68,0.285,,,,,,,,0.0054,,12121000000,2025-12-04,quarterly,1.05,USD,pre-market,None,5789000000,0.0519,0.08,0.007,220.48,11688000000,6591000000,1414000000,38000000,67.96,65.27,7.1429,20996000000,6447000000,8002000000,15736000000,14549000000,7734000000,60553000000,5260000000,55.97,-4711000000,74.13,56.96
2025-12-28,KR,1.13,147225002000.0,55.97,None,0.577,12.34,,None,157000000,157000000,,,,,,,,,937000000,1430000000,None,45565000000,45565000000,3804000000,None,None,778000000,None,None,1265000000,,1.34,0.0213,,,,0.422,0.07,2035000000,3300000000,0.98,2007-01-31,11.82,2192000000,35370000000.0,14988000000,1525000000,567000000,2120000000,2120000000,None,510000000,None,4609000000,None,None,5177000000,None,None,958000000,None,None,None,0.031,,12953000000,2035000000,1179000000,2871000000,None,None,None,,,,,1.251,5.68,0.285,,,,,,,,0.0054,,11907000000,2025-12-04,quarterly,1.05,USD,pre-market,None,5501000000,0.0519,0.08,0.007,220.48,11688000000,7060000000,906000000,32000000,67.96,65.27,7.1429,21215000000,6755000000,7581000000,16292000000,14460000000,8711000000,60553000000,4923000000,55.97,-4135000000,74.13,56.96
2025-12-28,KR,1.13,147225002000.0,55.97,None,0.577,12.34,,None,141000000,141000000,,,,,,,,,934000000,1440000000,None,45565000000,45565000000,3847000000,None,None,718000000,None,None,1265000000,,1.34,0.0213,,,,0.422,0.07,2035000000,3300000000,0.98,2006-10-31,11.82,2192000000,35370000000.0,14988000000,1525000000,567000000,2268000000,2268000000,None,510000000,None,4968000000,None,None,6154000000,None,None,958000000,None,None,None,0.031,,12953000000,2035000000,846000000,2928000000,None,None,None,,,,,1.251,5.68,0.285,,,,,,,,0.0054,,11779000000,2025-12-04,quarterly,1.05,USD,pre-market,None,5162000000,0.0519,0.08,0.007,220.48,11688000000,6961000000,814000000,614000000,67.96,65.27,7.1429,20921000000,6673000000,7589000000,16310000000,14248000000,8721000000,60553000000,4611000000,55.97,-4011000000,74.13,56.96
2025-12-28,KR,1.13,147225002000.0,55.97,None,0.577,12.34,,None,803000000,803000000,,,,,,,,,933000000,1450000000,None,45565000000,45565000000,3629000000,None,None,709000000,None,None,1265000000,,1.34,0.0213,,,,0.422,0.07,2035000000,3300000000,0.98,2006-07-31,11.82,2192000000,35370000000.0,14988000000,1525000000,567000000,2192000000,2192000000,None,510000000,None,4428000000,None,None,6147000000,None,None,958000000,None,None,None,0.031,,12953000000,2035000000,301000000,3098000000,None,None,None,,,,,1.251,5.68,0.285,,,,,,,,0.0054,,11553000000,2025-12-04,quarterly,1.05,USD,pre-market,None,4994000000,0.0519,0.08,0.007,220.48,11688000000,6959000000,814000000,542000000,67.96,65.27,7.1429,20905000000,6783000000,7541000000,16250000000,14122000000,8709000000,60553000000,4655000000,55.97,-3905000000,74.13,56.96
2025-12-28,KR,1.13,147225002000.0,55.97,None,0.577,12.34,,None,659000000,659000000,,,,,,,,,931000000,1458000000,None,45565000000,45565000000,3564000000,None,None,696000000,None,None,1265000000,,1.34,0.0213,,,,0.422,0.07,2035000000,3300000000,0.98,2006-04-30,11.82,2192000000,35370000000.0,14988000000,1525000000,567000000,2192000000,2192000000,None,510000000,None,4445000000,None,None,6145000000,None,None,958000000,None,None,None,0.031,,12953000000,2035000000,856000000,2802000000,None,None,None,,,,,1.251,5.68,0.285,,,,,,,,0.0054,,11431000000,2025-12-04,quarterly,1.05,USD,pre-market,None,4832000000,0.0519,0.08,0.007,220.48,11688000000,7186000000,743000000,526000000,67.96,65.27,7.1429,20735000000,6656000000,7109000000,16131000000,14079000000,9022000000,60553000000,4604000000,55.97,-3672000000,74.13,56.96
2025-12-28,KR,1.13,147225002000.0,55.97,None,0.577,12.34,,None,210000000,210000000,,,,,,,,,927000000,1461000000,None,45565000000,45565000000,3550000000,None,None,686000000,None,None,1265000000,,1.34,0.0213,,,,0.422,0.07,2035000000,3300000000,0.98,2006-01-31,11.82,2192000000,35370000000.0,14988000000,1525000000,567000000,2192000000,2192000000,None,510000000,None,4486000000,None,None,6443000000,None,None,958000000,None,None,None,0.031,,12953000000,2035000000,596000000,2611000000,None,None,None,,,,,1.251,5.68,0.285,,,,,,,,0.0054,,11402000000,2025-12-04,quarterly,1.05,USD,pre-market,None,4573000000,0.0519,0.08,0.007,220.48,11688000000,7232000000,554000000,488000000,67.96,65.27,7.1429,20482000000,6466000000,6715000000,16092000000,14016000000,9377000000,60553000000,4390000000,55.97,-3533000000,74.13,56.96
2025-12-28,KR,1.13,147225002000.0,55.97,None,0.577,12.34,,None,237000000,237000000,,,,,,,,,926000000,1464000000,None,45565000000,45565000000,3763000000,None,None,664000000,None,None,1265000000,,1.34,0.0213,,,,0.422,0.07,2035000000,3300000000,0.98,2005-10-31,11.82,2192000000,35370000000.0,14988000000,1525000000,567000000,2192000000,2192000000,None,510000000,None,4786000000,None,None,6678000000,None,None,958000000,None,None,None,0.031,,12953000000,2035000000,324000000,2815000000,None,None,None,,,,,1.251,5.68,0.285,,,,,,,,0.0054,,11365000000,2025-12-04,quarterly,1.05,USD,pre-market,None,4211000000,0.0519,0.08,0.007,220.48,11688000000,7260000000,639000000,562000000,67.96,65.27,7.1429,20577000000,6573000000,7217000000,16494000000,14004000000,9277000000,60553000000,4083000000,55.97,-3403000000,74.13,56.96
2025-12-28,KR,1.13,147225002000.0,55.97,None,0.577,12.34,,7177000000,3959000000,3959000000,,,,,,,,,1918000000,720000000,None,45565000000,45565000000,10124000000,None,272000000,2195000000,None,None,1265000000,,1.34,0.0213,,,,0.422,0.07,2035000000,3300000000,0.98,2025-01-31,11.82,2674000000,35370000000.0,14988000000,1525000000,567000000,834000000,834000000,None,510000000,None,7038000000,None,None,17633000000,None,None,958000000,None,None,None,0.031,,12953000000,2035000000,769000000,4945000000,None,2380000000,None,,,,,1.251,5.68,0.285,,,,,,,,0.0054,,32542000000,2025-12-04,annual,1.05,USD,pre-market,None,28724000000,0.0519,0.08,0.007,220.48,11688000000,25082000000,871000000,1312000000,67.96,65.27,7.1429,52616000000,15273000000,15940000000,44335000000,37343000000,28395000000,60553000000,8285000000,55.97,None,74.13,56.96
2025-12-28,KR,1.13,147225002000.0,55.97,None,0.577,12.34,,9060000000,1883000000,1883000000,,,,,,,,,1918000000,725000000,None,45565000000,45565000000,10381000000,None,25000000,2136000000,None,None,1265000000,,1.34,0.0213,,,,0.422,0.07,2035000000,3300000000,0.98,2024-01-31,11.82,2916000000,35370000000.0,14988000000,1525000000,567000000,899000000,899000000,None,510000000,None,7105000000,None,None,10162000000,None,None,958000000,None,None,None,0.031,,12953000000,2035000000,609000000,4809000000,None,2503000000,None,,,,,1.251,5.68,0.285,,,,,,,,0.0054,,31922000000,2025-12-04,annual,1.05,USD,pre-market,None,26946000000,0.0519,0.08,0.007,220.48,11688000000,19247000000,868000000,1215000000,67.96,65.27,7.1429,50505000000,12948000000,16058000000,38904000000,37557000000,22846000000,60553000000,11615000000,55.97,None,74.13,56.96
2025-12-28,KR,1.13,147225002000.0,55.97,None,0.577,12.34,,7034000000,1015000000,1015000000,,,,,,,,,1918000000,727000000,None,45565000000,45565000000,10179000000,None,807000000,2234000000,None,None,1265000000,,1.34,0.0213,,,,0.422,0.07,2035000000,3300000000,0.98,2023-01-31,11.82,2916000000,35370000000.0,14988000000,1525000000,567000000,899000000,899000000,None,510000000,None,7560000000,None,None,12571000000,None,None,958000000,None,None,None,0.031,,12953000000,2035000000,734000000,5087000000,None,1823000000,None,,,,,1.251,5.68,0.285,,,,,,,,0.0054,,31388000000,2025-12-04,annual,1.05,USD,pre-market,None,25601000000,0.0519,0.08,0.007,220.48,11688000000,20412000000,1972000000,1127000000,67.96,65.27,7.1429,49537000000,12670000000,17238000000,39523000000,36953000000,22371000000,60553000000,10042000000,55.97,None,74.13,56.96
2025-12-28,KR,1.13,147225002000.0,55.97,None,0.577,12.34,,7076000000,1821000000,1821000000,,,,,,,,,1918000000,754000000,None,45565000000,45565000000,7117000000,None,555000000,1828000000,None,None,1265000000,,1.34,0.0213,,,,0.422,0.07,2035000000,3300000000,0.98,2022-01-31,11.82,3076000000,35370000000.0,14988000000,1525000000,567000000,942000000,942000000,None,510000000,None,6783000000,None,None,12809000000,None,None,958000000,None,None,None,0.031,,12953000000,2035000000,660000000,8001000000,None,2059000000,None,,,,,1.251,5.68,0.285,,,,,,,,0.0054,,30484000000,2025-12-04,annual,1.05,USD,pre-market,None,24066000000,0.0519,0.08,0.007,220.48,11688000000,20440000000,1205000000,1082000000,67.96,65.27,7.1429,49086000000,12174000000,16323000000,39657000000,36912000000,23334000000,60553000000,9452000000,55.97,-19722000000,74.13,56.96
2025-12-28,KR,1.13,147225002000.0,55.97,None,0.577,12.34,,7174000000,1687000000,1687000000,,,,,,,,,1918000000,781000000,None,45565000000,45565000000,6679000000,None,911000000,1781000000,None,None,1265000000,,1.34,0.0213,,,,0.422,0.07,2035000000,3300000000,0.98,2021-01-31,11.82,3076000000,35370000000.0,14988000000,1525000000,567000000,997000000,997000000,None,510000000,None,7063000000,None,None,12502000000,None,None,958000000,None,None,None,0.031,,12953000000,2035000000,876000000,7109000000,None,2660000000,None,,,,,1.251,5.68,0.285,,,,,,,,0.0054,,29182000000,2025-12-04,annual,1.05,USD,pre-market,None,23018000000,0.0519,0.08,0.007,220.48,11688000000,20587000000,1578000000,1096000000,67.96,65.27,7.1429,48637000000,12503000000,15366000000,39087000000,36159000000,23746000000,60553000000,9576000000,55.97,-18191000000,74.13,56.96
2025-12-28,KR,1.13,147225002000.0,55.97,None,0.577,12.34,,7922000000,399000000,399000000,,,,,,,,,1918000000,805000000,None,45565000000,45565000000,6349000000,None,1926000000,1706000000,None,None,1265000000,,1.34,0.0213,,,,0.422,0.07,2035000000,3300000000,0.98,2020-01-31,11.82,3076000000,35370000000.0,14988000000,1525000000,567000000,1066000000,1066000000,None,510000000,None,7084000000,None,None,11330000000,None,None,958000000,None,None,None,0.031,,12953000000,2035000000,522000000,5332000000,None,20974000000,None,,,,,1.251,5.68,0.285,,,,,,,,0.0054,,21871000000,2025-12-04,annual,1.05,USD,pre-market,None,20978000000,0.0519,0.08,0.007,220.48,11688000000,21178000000,2562000000,1179000000,67.96,65.27,7.1429,45164000000,10890000000,14243000000,36591000000,34288000000,22440000000,60553000000,8602000000,55.97,-16991000000,74.13,56.96
2025-12-28,KR,1.13,147225002000.0,55.97,None,0.577,12.34,,None,429000000,429000000,,,,,,,,,1918000000,818000000,None,45565000000,45565000000,6059000000,None,3157000000,1589000000,None,None,1265000000,,1.34,0.0213,,,,0.422,0.07,2035000000,3300000000,0.98,2019-01-31,11.82,3087000000,35370000000.0,14988000000,1525000000,567000000,1258000000,1258000000,None,510000000,None,6846000000,None,None,12072000000,None,1143000000,958000000,None,None,None,0.031,,12953000000,2035000000,758000000,4998000000,None,2375000000,None,,,,,1.251,5.68,0.285,,,,,,,,0.0054,,21635000000,2025-12-04,annual,1.05,USD,pre-market,None,19681000000,0.0519,0.08,0.007,220.48,11688000000,15229000000,3157000000,1181000000,67.96,65.27,7.1429,38118000000,10803000000,14274000000,30283000000,27315000000,16009000000,60553000000,7886000000,55.97,-16612000000,74.13,56.96
2025-12-28,KR,1.13,147225002000.0,55.97,None,0.577,12.34,,None,347000000,347000000,,,,,,,,,1918000000,904000000,None,45565000000,45565000000,5858000000,None,3560000000,1637000000,None,None,1265000000,,1.34,0.0213,,,,0.422,0.07,2035000000,3300000000,0.98,2018-01-31,11.82,2925000000,35370000000.0,14988000000,1525000000,567000000,1100000000,1100000000,None,510000000,None,6533000000,None,None,12029000000,None,614000000,958000000,None,None,None,0.031,,12953000000,2035000000,1439000000,4778000000,None,2498000000,None,,,,,1.251,5.68,0.285,,,,,,,,0.0054,,21071000000,2025-12-04,annual,1.05,USD,pre-market,None,17007000000,0.0519,0.08,0.007,220.48,11688000000,15589000000,3560000000,1161000000,67.96,65.27,7.1429,37228000000,11117000000,14197000000,30323000000,26080000000,16095000000,60553000000,6931000000,55.97,-14684000000,74.13,56.96
2025-12-28,KR,1.13,147225002000.0,55.97,None,0.577,12.34,,None,322000000,322000000,,,,,,,,,1918000000,958000000,None,45565000000,45565000000,5818000000,None,2252000000,1649000000,None,None,1265000000,,1.34,0.0213,,,,0.422,0.07,2035000000,3300000000,0.98,2017-01-31,11.82,3031000000,35370000000.0,14988000000,1525000000,567000000,1153000000,1153000000,None,510000000,None,6561000000,None,None,11825000000,None,218000000,958000000,None,None,None,0.031,,12953000000,2035000000,898000000,4539000000,None,3183000000,None,,,,,1.251,5.68,0.285,,,,,,,,0.0054,,21016000000,2025-12-04,annual,1.05,USD,pre-market,None,15543000000,0.0519,0.08,0.007,220.48,11688000000,14077000000,2252000000,910000000,67.96,65.27,7.1429,36505000000,10340000000,12860000000,29795000000,26165000000,16935000000,60553000000,6698000000,55.97,-13118000000,74.13,56.96
2025-12-28,KR,1.13,147225002000.0,55.97,None,0.577,12.34,,None,277000000,277000000,,,,,,,,,1918000000,980000000,None,45565000000,45565000000,5728000000,None,2318000000,1734000000,None,None,1265000000,,1.34,0.0213,,,,0.422,0.07,2035000000,3300000000,0.98,2016-01-31,11.82,2724000000,35370000000.0,14988000000,1525000000,567000000,1053000000,1053000000,None,510000000,None,6168000000,None,None,9708000000,None,129000000,958000000,None,None,None,0.031,,12953000000,2035000000,790000000,4652000000,None,None,None,,,,,1.251,5.68,0.285,,,,,,,,0.0054,,19619000000,2025-12-04,annual,1.05,USD,pre-market,None,14011000000,0.0519,0.08,0.007,220.48,11688000000,12079000000,2370000000,923000000,67.96,65.27,7.1429,33897000000,9892000000,12971000000,27108000000,24005000000,14128000000,60553000000,6820000000,55.97,-11409000000,74.13,56.96
2025-12-28,KR,1.13,147225002000.0,55.97,None,0.577,12.34,,None,268000000,268000000,,,,,,,,,1918000000,994000000,None,45565000000,45565000000,5052000000,None,1844000000,1266000000,None,None,1265000000,,1.34,0.0213,,,,0.422,0.07,2035000000,3300000000,0.98,2015-01-31,11.82,2304000000,35370000000.0,14988000000,1525000000,567000000,757000000,757000000,None,510000000,None,5688000000,None,None,9771000000,None,133000000,958000000,None,None,None,0.031,,12953000000,2035000000,701000000,4466000000,None,2731000000,None,,,,,1.251,5.68,0.285,,,,,,,,0.0054,,17912000000,2025-12-04,annual,1.05,USD,pre-market,None,12367000000,0.0519,0.08,0.007,220.48,11688000000,11597000000,1874000000,988000000,67.96,65.27,7.1429,30556000000,8911000000,11392000000,25114000000,21645000000,13663000000,60553000000,5412000000,55.97,-10809000000,74.13,56.96
2025-12-28,KR,1.13,147225002000.0,55.97,None,0.577,12.34,,None,401000000,401000000,,,,,,,,,959000000,1040000000,None,45565000000,45565000000,4881000000,None,None,1116000000,None,None,1265000000,,1.34,0.0213,,,,0.422,0.07,2035000000,3300000000,0.98,2014-01-31,11.82,2135000000,35370000000.0,14988000000,1525000000,567000000,702000000,702000000,None,510000000,None,5651000000,None,None,9653000000,None,None,958000000,None,None,None,0.031,,12953000000,2035000000,704000000,4167000000,None,2146000000,None,,,,,1.251,5.68,0.285,,,,,,,,0.0054,,16893000000,2025-12-04,annual,1.05,USD,pre-market,None,10981000000,0.0519,0.08,0.007,220.48,11688000000,11310000000,1657000000,958000000,67.96,65.27,7.1429,29314000000,8830000000,10705000000,23919000000,20467000000,13181000000,60553000000,5384000000,55.97,-9641000000,74.13,56.96
2025-12-28,KR,1.13,147225002000.0,55.97,None,0.577,12.34,,None,238000000,238000000,,,,,,,,,959000000,1073200000,None,45565000000,45565000000,4484000000,None,None,1051000000,None,None,1265000000,,1.34,0.0213,,,,0.422,0.07,2035000000,3300000000,0.98,2013-01-31,11.82,1234000000,35370000000.0,14988000000,1525000000,567000000,130000000,130000000,None,510000000,None,5146000000,None,None,6145000000,None,None,958000000,None,None,None,0.031,,12953000000,2035000000,569000000,3843000000,None,None,None,,,,,1.251,5.68,0.285,,,,,,,,0.0054,,14875000000,2025-12-04,annual,1.05,USD,pre-market,None,9787000000,0.0519,0.08,0.007,220.48,11688000000,8879000000,2734000000,955000000,67.96,65.27,7.1429,24651500000,7959000000,11061000000,20440700000,16692900000,9359000000,60553000000,4207000000,55.97,-9237000000,74.13,56.96
2025-12-28,KR,1.13,147225002000.0,55.97,None,0.577,12.34,,None,188000000,188000000,,,,,,,,,959000000,1186400000,None,45565000000,45565000000,4329000000,None,None,949000000,None,None,1265000000,,1.34,0.0213,,,,0.422,0.07,2035000000,3300000000,0.98,2012-01-31,11.82,1138000000,35370000000.0,14988000000,1525000000,567000000,1138000000,1138000000,None,510000000,None,5114000000,None,None,6850000000,None,None,958000000,None,None,None,0.031,,12953000000,2035000000,288000000,3461000000,None,2932000000,None,,,,,1.251,5.68,0.285,,,,,,,,0.0054,,14464000000,2025-12-04,annual,1.05,USD,pre-market,None,8571000000,0.0519,0.08,0.007,220.48,11688000000,8165000000,1315000000,786000000,67.96,65.27,7.1429,23475300000,7325000000,9105000000,19508500000,16150700000,10405000000,60553000000,3981000000,55.97,-8132000000,74.13,56.96
2025-12-28,KR,1.13,147225002000.0,55.97,None,0.577,12.34,,None,825000000,825000000,,,,,,,,,959000000,1276600000,None,45565000000,45565000000,4227000000,None,None,845000000,None,None,1265000000,,1.34,0.0213,,,,0.422,0.07,2035000000,3300000000,0.98,2011-01-31,11.82,1140000000,35370000000.0,14988000000,1525000000,567000000,1140000000,1140000000,None,510000000,None,4966000000,None,None,7304000000,None,None,958000000,None,None,None,0.031,,12953000000,2035000000,319000000,3255000000,None,2140000000,None,,,,,1.251,5.68,0.285,,,,,,,,0.0054,,14147000000,2025-12-04,annual,1.05,USD,pre-market,None,8225000000,0.0519,0.08,0.007,220.48,11688000000,7892000000,588000000,666000000,67.96,65.27,7.1429,23504600000,7621000000,8070000000,18207100000,15883200000,10137000000,60553000000,5296000000,55.97,-6732000000,74.13,56.96
2025-12-28,KR,1.13,147225002000.0,55.97,None,0.577,12.34,,None,424000000,424000000,,,,,,,,,958000000,1300200000,None,45565000000,45565000000,3890000000,None,None,909000000,None,None,1265000000,,1.34,0.0213,,,,0.422,0.07,2035000000,3300000000,0.98,2010-01-31,11.82,1158000000,35370000000.0,14988000000,1525000000,567000000,1158000000,1158000000,None,510000000,None,4935000000,None,None,7477000000,None,None,958000000,None,None,None,0.031,,12953000000,2035000000,561000000,3258000000,None,2485000000,None,,,,,1.251,5.68,0.285,,,,,,,,0.0054,,13929000000,2025-12-04,annual,1.05,USD,pre-market,None,7364000000,0.0519,0.08,0.007,220.48,11688000000,8056000000,579000000,654000000,67.96,65.27,7.1429,23092600000,7483000000,7727000000,18186700000,15642800000,10473000000,60553000000,4852000000,55.97,-6238000000,74.13,56.96
2025-12-28,KR,1.13,147225002000.0,55.97,None,0.577,12.34,,None,263000000,263000000,,,,,,,,,955000000,1316000000,None,45565000000,45565000000,3822000000,None,None,944000000,None,None,1265000000,,1.34,0.0213,,,,0.422,0.07,2035000000,3300000000,0.98,2009-01-31,11.82,2271000000,35370000000.0,14988000000,1525000000,567000000,2271000000,2271000000,None,510000000,None,4905000000,None,None,7505000000,None,None,958000000,None,None,None,0.031,,12953000000,2035000000,509000000,3266000000,None,None,None,,,,,1.251,5.68,0.285,,,,,,,,0.0054,,13161000000,2025-12-04,annual,1.05,USD,pre-market,None,7518000000,0.0519,0.08,0.007,220.48,11688000000,8063000000,558000000,631000000,67.96,65.27,7.1429,23257000000,7252000000,7646000000,17957000000,16005000000,10311000000,60553000000,5205000000,55.97,-6039000000,74.13,56.96
2025-12-28,KR,1.13,147225002000.0,55.97,None,0.577,12.34,,None,242000000,242000000,,,,,,,,,947000000,1394000000,None,45565000000,45565000000,4050000000,None,None,786000000,None,None,1265000000,,1.34,0.0213,,,,0.422,0.07,2035000000,3300000000,0.98,2008-01-31,11.82,2144000000,35370000000.0,14988000000,1525000000,567000000,2234000000,2234000000,None,510000000,None,4855000000,None,None,6529000000,None,None,958000000,None,None,None,0.031,,12953000000,2035000000,1231000000,3047000000,None,None,None,,,,,1.251,5.68,0.285,,,,,,,,0.0054,,12498000000,2025-12-04,annual,1.05,USD,pre-market,None,6480000000,0.0519,0.08,0.007,220.48,11688000000,8121000000,1592000000,242000000,67.96,65.27,7.1429,22299000000,7114000000,8689000000,17385000000,15185000000,8696000000,60553000000,4914000000,55.97,-5422000000,74.13,56.96
2025-12-28,KR,1.13,147225002000.0,55.97,None,0.577,12.34,,None,157000000,157000000,,,,,,,,,937000000,1446000000,None,45565000000,45565000000,3804000000,None,None,778000000,None,None,1265000000,,1.34,0.0213,,,,0.422,0.07,2035000000,3300000000,0.98,2007-01-31,11.82,2192000000,35370000000.0,14988000000,1525000000,567000000,2268000000,2268000000,None,510000000,None,4609000000,None,None,6154000000,None,None,958000000,None,None,None,0.031,,12953000000,2035000000,1179000000,2871000000,None,None,None,,,,,1.251,5.68,0.285,,,,,,,,0.0054,,11779000000,2025-12-04,annual,1.05,USD,pre-market,None,5501000000,0.0519,0.08,0.007,220.48,11688000000,7060000000,906000000,32000000,67.96,65.27,7.1429,21215000000,6755000000,7581000000,16292000000,14460000000,8711000000,60553000000,4923000000,55.97,-4011000000,74.13,56.96
2025-12-28,KR,1.13,147225002000.0,55.97,None,0.577,12.34,,None,210000000,210000000,,,,,,,,,927000000,1462000000,None,45565000000,45565000000,3550000000,None,None,686000000,None,None,1265000000,,1.34,0.0213,,,,0.422,0.07,2035000000,3300000000,0.98,2006-01-31,11.82,2192000000,35370000000.0,14988000000,1525000000,567000000,2192000000,2192000000,None,510000000,None,4486000000,None,None,6678000000,None,None,958000000,None,None,None,0.031,,12953000000,2035000000,596000000,2611000000,None,None,None,,,,,1.251,5.68,0.285,,,,,,,,0.0054,,11365000000,2025-12-04,annual,1.05,USD,pre-market,None,4573000000,0.0519,0.08,0.007,220.48,11688000000,7232000000,554000000,488000000,67.96,65.27,7.1429,20482000000,6466000000,6715000000,16092000000,14016000000,9377000000,60553000000,4390000000,55.97,-3403000000,74.13,56.96
2025-12-28,KR,1.13,147225002000.0,55.97,None,0.577,12.34,941000000,None,210000000,210000000,-989000000,-908000000,None,None,-988000000,None,None,None,927000000,1462000000,None,45565000000,45565000000,3550000000,None,None,686000000,None,None,1265000000,782000000,1.34,0.0213,237000000,237000000,None,0.422,0.07,2035000000,3300000000,0.98,2025-10-31,11.82,2192000000,35370000000.0,14988000000,1525000000,567000000,2192000000,2192000000,None,510000000,None,4486000000,None,None,6678000000,None,None,-1320000000,None,None,None,0.031,949000000,12953000000,2035000000,596000000,2611000000,None,None,None,None,None,None,None,1.251,5.68,0.285,None,None,None,None,None,-738000000,None,0.0054,None,11365000000,2025-12-04,quarterly,1.05,USD,pre-market,None,4573000000,0.0519,0.08,0.007,220.48,11688000000,7232000000,554000000,488000000,67.96,65.27,7.1429,20482000000,6466000000,6715000000,16092000000,14016000000,9377000000,60553000000,4390000000,55.97,-3403000000,74.13,56.96
2025-12-28,KR,1.13,147225002000.0,55.97,None,0.577,12.34,924000000,None,210000000,210000000,-326000000,-1068000000,None,None,115000000,None,None,None,927000000,1462000000,None,45565000000,45565000000,3550000000,None,None,686000000,None,None,1265000000,912000000,1.34,0.0213,211000000,211000000,None,0.422,0.07,2035000000,3300000000,0.98,2025-07-31,11.82,2192000000,35370000000.0,14988000000,1525000000,567000000,2192000000,2192000000,None,510000000,None,4486000000,None,None,6678000000,None,None,610000000,None,None,None,0.031,1539000000,12953000000,2035000000,596000000,2611000000,None,None,None,None,None,None,None,1.251,5.68,0.285,None,None,None,None,None,-22000000,None,0.0054,None,11365000000,2025-12-04,quarterly,1.05,USD,pre-market,None,4573000000,0.0519,0.08,0.007,220.48,11688000000,7232000000,554000000,488000000,67.96,65.27,7.1429,20482000000,6466000000,6715000000,16092000000,14016000000,9377000000,60553000000,4390000000,55.97,-3403000000,74.13,56.96
2025-12-28,KR,1.13,147225002000.0,55.97,None,0.577,12.34,1044000000,None,210000000,210000000,-331000000,-1039000000,None,None,-23000000,None,None,None,927000000,1462000000,None,45565000000,45565000000,3550000000,None,None,686000000,None,None,1265000000,1235000000,1.34,0.0213,211000000,211000000,None,0.422,0.07,2035000000,3300000000,0.98,2025-04-30,11.82,2192000000,35370000000.0,14988000000,1525000000,567000000,2192000000,2192000000,None,510000000,None,4486000000,None,None,6678000000,None,None,868000000,None,None,None,0.031,2149000000,12953000000,2035000000,596000000,2611000000,None,None,None,None,None,None,None,1.251,5.68,0.285,None,None,None,None,None,-181000000,None,0.0054,None,11365000000,2025-12-04,quarterly,1.05,USD,pre-market,None,4573000000,0.0519,0.08,0.007,220.48,11688000000,7232000000,554000000,488000000,67.96,65.27,7.1429,20482000000,6466000000,6715000000,16092000000,14016000000,9377000000,60553000000,4390000000,55.97,-3403000000,74.13,56.96
2025-12-28,KR,1.13,147225002000.0,55.97,None,0.577,12.34,884000000,None,210000000,210000000,-9977000000,-826000000,None,None,518000000,None,None,None,927000000,1462000000,None,45565000000,45565000000,3550000000,None,None,686000000,None,None,1265000000,898000000,1.34,0.0213,232000000,232000000,None,0.422,0.07,2035000000,3300000000,0.98,2025-01-31,11.82,2192000000,35370000000.0,14988000000,1525000000,567000000,2192000000,2192000000,None,510000000,None,4486000000,None,None,6678000000,None,None,634000000,None,None,None,0.031,1404000000,12953000000,2035000000,596000000,2611000000,None,None,None,None,None,None,None,1.251,5.68,0.285,None,None,None,None,None,-5031000000,None,0.0054,None,11365000000,2025-12-04,quarterly,1.05,USD,pre-market,None,4573000000,0.0519,0.08,0.007,220.48,11688000000,7232000000,554000000,488000000,67.96,65.27,7.1429,20482000000,6466000000,6715000000,16092000000,14016000000,9377000000,60553000000,4390000000,55.97,-3403000000,74.13,56.96
2025-12-28,KR,1.13,147225002000.0,55.97,None,0.577,12.34,954000000,None,210000000,210000000,10129000000,-497000000,None,None,-933000000,None,None,None,927000000,1462000000,None,45565000000,45565000000,3550000000,None,None,686000000,None,None,1265000000,896000000,1.34,0.0213,231000000,231000000,None,0.422,0.07,2035000000,3300000000,0.98,2024-10-31,11.82,2192000000,35370000000.0,14988000000,1525000000,567000000,2192000000,2192000000,None,510000000,None,4486000000,None,None,6678000000,None,None,618000000,None,None,None,0.031,926000000,12953000000,2035000000,596000000,2611000000,None,None,None,None,None,None,None,1.251,5.68,0.285,None,None,None,None,None,-9000000,None,0.0054,None,11365000000,2025-12-04,quarterly,1.05,USD,pre-market,None,4573000000,0.0519,0.08,0.007,220.48,11688000000,7232000000,554000000,488000000,67.96,65.27,7.1429,20482000000,6466000000,6715000000,16092000000,14016000000,9377000000,60553000000,4390000000,55.97,-3403000000,74.13,56.96
2025-12-28,KR,1.13,147225002000.0,55.97,None,0.577,12.34,875000000,None,210000000,210000000,-294000000,-891000000,None,None,46000000,None,None,None,927000000,1462000000,None,45565000000,45565000000,3550000000,None,None,686000000,None,None,1265000000,890000000,1.34,0.0213,210000000,210000000,None,0.422,0.07,2035000000,3300000000,0.98,2024-07-31,11.82,2192000000,35370000000.0,14988000000,1525000000,567000000,2192000000,2192000000,None,510000000,None,4486000000,None,None,6678000000,None,None,465000000,None,None,None,0.031,1122000000,12953000000,2035000000,596000000,2611000000,None,None,None,None,None,None,None,1.251,5.68,0.285,None,None,None,None,None,-13000000,None,0.0054,None,11365000000,2025-12-04,quarterly,1.05,USD,pre-market,None,4573000000,0.0519,0.08,0.007,220.48,11688000000,7232000000,554000000,488000000,67.96,65.27,7.1429,20482000000,6466000000,6715000000,16092000000,14016000000,9377000000,60553000000,4390000000,55.97,-3403000000,74.13,56.96
2025-12-28,KR,1.13,147225002000.0,55.97,None,0.577,12.34,1304000000,None,210000000,210000000,-348000000,-1014000000,None,None,225000000,None,None,None,927000000,1462000000,None,45565000000,45565000000,3550000000,None,None,686000000,None,None,1265000000,1165000000,1.34,0.0213,210000000,210000000,None,0.422,0.07,2035000000,3300000000,0.98,2024-04-30,11.82,2192000000,35370000000.0,14988000000,1525000000,567000000,2192000000,2192000000,None,510000000,None,4486000000,None,None,6678000000,None,None,956000000,None,None,None,0.031,2342000000,12953000000,2035000000,596000000,2611000000,None,None,None,None,None,None,None,1.251,5.68,0.285,None,None,None,None,None,-103000000,None,0.0054,None,11365000000,2025-12-04,quarterly,1.05,USD,pre-market,None,4573000000,0.0519,0.08,0.007,220.48,11688000000,7232000000,554000000,488000000,67.96,65.27,7.1429,20482000000,6466000000,6715000000,16092000000,14016000000,9377000000,60553000000,4390000000,55.97,-3403000000,74.13,56.96
2025-12-28,KR,1.13,147225002000.0,55.97,None,0.577,12.34,997000000,None,210000000,210000000,-757000000,-1005000000,None,None,844000000,None,None,None,927000000,1462000000,None,45565000000,45565000000,3550000000,None,None,686000000,None,None,1265000000,882000000,1.34,0.0213,210000000,210000000,None,0.422,0.07,2035000000,3300000000,0.98,2024-01-31,11.82,2192000000,35370000000.0,14988000000,1525000000,567000000,2192000000,2192000000,None,510000000,None,4486000000,None,None,6678000000,None,None,730000000,None,None,None,0.031,1920000000,12953000000,2035000000,596000000,2611000000,None,None,None,None,None,None,None,1.251,5.68,0.285,None,None,None,None,None,-8000000,None,0.0054,None,11365000000,2025-12-04,quarterly,1.05,USD,pre-market,None,4573000000,0.0519,0.08,0.007,220.48,11688000000,7232000000,554000000,488000000,67.96,65.27,7.1429,20482000000,6466000000,6715000000,16092000000,14016000000,9377000000,60553000000,4390000000,55.97,-3403000000,74.13,56.96
2025-12-28,KR,1.13,147225002000.0,55.97,None,0.577,12.34,953000000,None,210000000,210000000,-249000000,-950000000,None,None,-1132000000,None,None,None,927000000,1462000000,None,45565000000,45565000000,3550000000,None,None,686000000,None,None,1265000000,864000000,1.34,0.0213,210000000,210000000,None,0.422,0.07,2035000000,3300000000,0.98,2023-10-31,11.82,2192000000,35370000000.0,14988000000,1525000000,567000000,2192000000,2192000000,None,510000000,None,4486000000,None,None,6678000000,None,None,647000000,None,None,None,0.031,504000000,12953000000,2035000000,596000000,2611000000,None,None,None,None,None,None,None,1.251,5.68,0.285,None,None,None,None,None,-7000000,None,0.0054,None,11365000000,2025-12-04,quarterly,1.05,USD,pre-market,None,4573000000,0.0519,0.08,0.007,220.48,11688000000,7232000000,554000000,488000000,67.96,65.27,7.1429,20482000000,6466000000,6715000000,16092000000,14016000000,9377000000,60553000000,4390000000,55.97,-3403000000,74.13,56.96
2025-12-28,KR,1.13,147225002000.0,55.97,None,0.577,12.34,926000000,None,210000000,210000000,-868000000,-1795000000,None,None,211000000,None,None,None,927000000,1462000000,None,45565000000,45565000000,3550000000,None,None,686000000,None,None,1265000000,859000000,1.34,0.0213,188000000,188000000,None,0.422,0.07,2035000000,3300000000,0.98,2023-07-31,11.82,2192000000,35370000000.0,14988000000,1525000000,567000000,2192000000,2192000000,None,510000000,None,4486000000,None,None,6678000000,None,None,-179000000,None,None,None,0.031,1504000000,12953000000,2035000000,596000000,2611000000,None,None,None,None,None,None,None,1.251,5.68,0.285,None,None,None,None,None,-18000000,None,0.0054,None,11365000000,2025-12-04,quarterly,1.05,USD,pre-market,None,4573000000,0.0519,0.08,0.007,220.48,11688000000,7232000000,554000000,488000000,67.96,65.27,7.1429,20482000000,6466000000,6715000000,16092000000,14016000000,9377000000,60553000000,4390000000,55.97,-3403000000,74.13,56.96
2025-12-28,KR,1.13,147225002000.0,55.97,None,0.577,12.34,1028000000,None,210000000,210000000,-296000000,-947000000,None,None,419000000,None,None,None,927000000,1462000000,None,45565000000,45565000000,3550000000,None,None,686000000,None,None,1265000000,1145000000,1.34,0.0213,188000000,188000000,None,0.422,0.07,2035000000,3300000000,0.98,2023-04-30,11.82,2192000000,35370000000.0,14988000000,1525000000,567000000,2192000000,2192000000,None,510000000,None,4486000000,None,None,6678000000,None,None,962000000,None,None,None,0.031,2860000000,12953000000,2035000000,596000000,2611000000,None,None,None,None,None,None,None,1.251,5.68,0.285,None,None,None,None,None,-29000000,None,0.0054,None,11365000000,2025-12-04,quarterly,1.05,USD,pre-market,None,4573000000,0.0519,0.08,0.007,220.48,11688000000,7232000000,554000000,488000000,67.96,65.27,7.1429,20482000000,6466000000,6715000000,16092000000,14016000000,9377000000,60553000000,4390000000,55.97,-3403000000,74.13,56.96
2025-12-28,KR,1.13,147225002000.0,55.97,None,0.577,12.34,817000000,None,210000000,210000000,-238000000,-823000000,None,None,897000000,None,None,None,927000000,1462000000,None,45565000000,45565000000,3550000000,None,None,686000000,None,None,1265000000,849000000,1.34,0.0213,188000000,188000000,None,0.422,0.07,2035000000,3300000000,0.98,2023-01-31,11.82,2192000000,35370000000.0,14988000000,1525000000,567000000,2192000000,2192000000,None,510000000,None,4486000000,None,None,6678000000,None,None,451000000,None,None,None,0.031,973000000,12953000000,2035000000,596000000,2611000000,None,None,None,None,None,None,None,1.251,5.68,0.285,None,None,None,None,None,-8000000,None,0.0054,None,11365000000,2025-12-04,quarterly,1.05,USD,pre-market,None,4573000000,0.0519,0.08,0.007,220.48,11688000000,7232000000,554000000,488000000,67.96,65.27,7.1429,20482000000,6466000000,6715000000,16092000000,14016000000,9377000000,60553000000,4390000000,55.97,-3403000000,74.13,56.96
2025-12-28,KR,1.13,147225002000.0,55.97,None,0.577,12.34,831000000,None,210000000,210000000,-293000000,-804000000,None,None,-1493000000,None,None,None,927000000,1462000000,None,45565000000,45565000000,3550000000,None,None,686000000,None,None,1265000000,827000000,1.34,0.0213,187000000,187000000,None,0.422,0.07,2035000000,3300000000,0.98,2022-10-31,11.82,2192000000,35370000000.0,14988000000,1525000000,567000000,2192000000,2192000000,None,510000000,None,4486000000,None,None,6678000000,None,None,401000000,None,None,None,0.031,911000000,12953000000,2035000000,596000000,2611000000,None,None,None,None,None,None,None,1.251,5.68,0.285,None,None,None,None,None,-10000000,None,0.0054,None,11365000000,2025-12-04,quarterly,1.05,USD,pre-market,None,4573000000,0.0519,0.08,0.007,220.48,11688000000,7232000000,554000000,488000000,67.96,65.27,7.1429,20482000000,6466000000,6715000000,16092000000,14016000000,9377000000,60553000000,4390000000,55.97,-3403000000,74.13,56.96
2025-12-28,KR,1.13,147225002000.0,55.97,None,0.577,12.34,685000000,None,210000000,210000000,-940000000,-665000000,None,None,-98000000,None,None,None,927000000,1462000000,None,45565000000,45565000000,3550000000,None,None,686000000,None,None,1265000000,827000000,1.34,0.0213,153000000,153000000,None,0.422,0.07,2035000000,3300000000,0.98,2022-07-31,11.82,2192000000,35370000000.0,14988000000,1525000000,567000000,2192000000,2192000000,None,510000000,None,4486000000,None,None,6678000000,None,None,731000000,None,None,None,0.031,1325000000,12953000000,2035000000,596000000,2611000000,None,None,None,None,None,None,None,1.251,5.68,0.285,None,None,None,None,None,-310000000,None,0.0054,None,11365000000,2025-12-04,quarterly,1.05,USD,pre-market,None,4573000000,0.0519,0.08,0.007,220.48,11688000000,7232000000,554000000,488000000,67.96,65.27,7.1429,20482000000,6466000000,6715000000,16092000000,14016000000,9377000000,60553000000,4390000000,55.97,-3403000000,74.13,56.96
2025-12-28,KR,1.13,147225002000.0,55.97,None,0.577,12.34,745000000,None,210000000,210000000,-818000000,-723000000,None,None,-676000000,None,None,None,927000000,1462000000,None,45565000000,45565000000,3550000000,None,None,686000000,None,None,1265000000,1076000000,1.34,0.0213,154000000,154000000,None,0.422,0.07,2035000000,3300000000,0.98,2022-04-30,11.82,2192000000,35370000000.0,14988000000,1525000000,567000000,2192000000,2192000000,None,510000000,None,4486000000,None,None,6678000000,None,None,666000000,None,None,None,0.031,1102000000,12953000000,2035000000,596000000,2611000000,None,None,None,None,None,None,None,1.251,5.68,0.285,None,None,None,None,None,-665000000,None,0.0054,None,11365000000,2025-12-04,quarterly,1.05,USD,pre-market,None,4573000000,0.0519,0.08,0.007,220.48,11688000000,7232000000,554000000,488000000,67.96,65.27,7.1429,20482000000,6466000000,6715000000,16092000000,14016000000,9377000000,60553000000,4390000000,55.97,-3403000000,74.13,56.96
2025-12-28,KR,1.13,147225002000.0,55.97,None,0.577,12.34,606000000,None,210000000,210000000,-1214000000,-652000000,None,None,753000000,None,None,None,927000000,1462000000,None,45565000000,45565000000,3550000000,None,None,686000000,None,None,1265000000,793000000,1.34,0.0213,156000000,156000000,None,0.422,0.07,2035000000,3300000000,0.98,2022-01-31,11.82,2192000000,35370000000.0,14988000000,1525000000,567000000,2192000000,2192000000,None,510000000,None,4486000000,None,None,6678000000,None,None,569000000,None,None,None,0.031,1399000000,12953000000,2035000000,596000000,2611000000,None,None,None,None,None,None,None,1.251,5.68,0.285,None,None,None,None,None,-598000000,None,0.0054,None,11365000000,2025-12-04,quarterly,1.05,USD,pre-market,None,4573000000,0.0519,0.08,0.007,220.48,11688000000,7232000000,554000000,488000000,67.96,65.27,7.1429,20482000000,6466000000,6715000000,16092000000,14016000000,9377000000,60553000000,4390000000,55.97,-3403000000,74.13,56.96
2025-12-28,KR,1.13,147225002000.0,55.97,None,0.577,12.34,689000000,None,210000000,210000000,-930000000,-675000000,None,None,-1050000000,None,None,None,927000000,1462000000,None,45565000000,45565000000,3550000000,None,None,686000000,None,None,1265000000,796000000,1.34,0.0213,159000000,159000000,None,0.422,0.07,2035000000,3300000000,0.98,2021-10-31,11.82,2192000000,35370000000.0,14988000000,1525000000,567000000,2192000000,2192000000,None,510000000,None,4486000000,None,None,6678000000,None,None,485000000,None,None,None,0.031,1668000000,12953000000,2035000000,596000000,2611000000,None,None,None,None,None,None,None,1.251,5.68,0.285,None,None,None,None,None,-298000000,None,0.0054,None,11365000000,2025-12-04,quarterly,1.05,USD,pre-market,None,4573000000,0.0519,0.08,0.007,220.48,11688000000,7232000000,554000000,488000000,67.96,65.27,7.1429,20482000000,6466000000,6715000000,16092000000,14016000000,9377000000,60553000000,4390000000,55.97,-3403000000,74.13,56.96
2025-12-28,KR,1.13,147225002000.0,55.97,None,0.577,12.34,499000000,None,210000000,210000000,-520000000,-431000000,None,None,172000000,None,None,None,927000000,1462000000,None,45565000000,45565000000,3550000000,None,None,686000000,None,None,1265000000,788000000,1.34,0.0213,136000000,136000000,None,0.422,0.07,2035000000,3300000000,0.98,2021-07-31,11.82,2192000000,35370000000.0,14988000000,1525000000,567000000,2192000000,2192000000,None,510000000,None,4486000000,None,None,6678000000,None,None,469000000,None,None,None,0.031,867000000,12953000000,2035000000,596000000,2611000000,None,None,None,None,None,None,None,1.251,5.68,0.285,None,None,None,None,None,-349000000,None,0.0054,None,11365000000,2025-12-04,quarterly,1.05,USD,pre-market,None,4573000000,0.0519,0.08,0.007,220.48,11688000000,7232000000,554000000,488000000,67.96,65.27,7.1429,20482000000,6466000000,6715000000,16092000000,14016000000,9377000000,60553000000,4390000000,55.97,-3403000000,74.13,56.96
2025-12-28,KR,1.13,147225002000.0,55.97,None,0.577,12.34,820000000,None,210000000,210000000,-781000000,-853000000,None,None,205000000,None,None,None,927000000,1462000000,None,45565000000,45565000000,3550000000,None,None,686000000,None,None,1265000000,1052000000,1.34,0.0213,138000000,138000000,None,0.422,0.07,2035000000,3300000000,0.98,2021-04-30,11.82,2192000000,35370000000.0,14988000000,1525000000,567000000,2192000000,2192000000,None,510000000,None,4486000000,None,None,6678000000,None,None,143000000,None,None,None,0.031,2256000000,12953000000,2035000000,596000000,2611000000,None,None,None,None,None,None,None,1.251,5.68,0.285,None,None,None,None,None,-402000000,None,0.0054,None,11365000000,2025-12-04,quarterly,1.05,USD,pre-market,None,4573000000,0.0519,0.08,0.007,220.48,11688000000,7232000000,554000000,488000000,67.96,65.27,7.1429,20482000000,6466000000,6715000000,16092000000,14016000000,9377000000,60553000000,4390000000,55.97,-3403000000,74.13,56.96
2025-12-28,KR,1.13,147225002000.0,55.97,None,0.577,12.34,803000000,None,210000000,210000000,-645000000,-718000000,None,None,478000000,None,None,None,927000000,1462000000,None,45565000000,45565000000,3550000000,None,None,686000000,None,None,1265000000,819000000,1.34,0.0213,139000000,139000000,None,0.422,0.07,2035000000,3300000000,0.98,2021-01-31,11.82,2192000000,35370000000.0,14988000000,1525000000,567000000,2192000000,2192000000,None,510000000,None,4486000000,None,None,6678000000,None,None,-76000000,None,None,None,0.031,870000000,12953000000,2035000000,596000000,2611000000,None,None,None,None,None,None,None,1.251,5.68,0.285,None,None,None,None,None,-335000000,None,0.0054,None,11365000000,2025-12-04,quarterly,1.05,USD,pre-market,None,4573000000,0.0519,0.08,0.007,220.48,11688000000,7232000000,554000000,488000000,67.96,65.27,7.1429,20482000000,6466000000,6715000000,16092000000,14016000000,9377000000,60553000000,4390000000,55.97,-3403000000,74.13,56.96
2025-12-28,KR,1.13,147225002000.0,55.97,None,0.577,12.34,719000000,None,210000000,210000000,-432000000,-748000000,None,None,-1156000000,None,None,None,927000000,1462000000,None,45565000000,45565000000,3550000000,None,None,686000000,None,None,1265000000,776000000,1.34,0.0213,141000000,141000000,None,0.422,0.07,2035000000,3300000000,0.98,2020-10-31,11.82,2192000000,35370000000.0,14988000000,1525000000,567000000,2192000000,2192000000,None,510000000,None,4486000000,None,None,6678000000,None,None,632000000,None,None,None,0.031,540000000,12953000000,2035000000,596000000,2611000000,None,None,None,None,None,None,None,1.251,5.68,0.285,None,None,None,None,None,-320000000,None,0.0054,None,11365000000,2025-12-04,quarterly,1.05,USD,pre-market,None,4573000000,0.0519,0.08,0.007,220.48,11688000000,7232000000,554000000,488000000,67.96,65.27,7.1429,20482000000,6466000000,6715000000,16092000000,14016000000,9377000000,60553000000,4390000000,55.97,-3403000000,74.13,56.96
2025-12-28,KR,1.13,147225002000.0,55.97,None,0.577,12.34,645000000,None,210000000,210000000,-407000000,-659000000,None,None,-71000000,None,None,None,927000000,1462000000,None,45565000000,45565000000,3550000000,None,None,686000000,None,None,1265000000,760000000,1.34,0.0213,126000000,126000000,None,0.422,0.07,2035000000,3300000000,0.98,2020-07-31,11.82,2192000000,35370000000.0,14988000000,1525000000,567000000,2192000000,2192000000,None,510000000,None,4486000000,None,None,6678000000,None,None,820000000,None,None,None,0.031,1160000000,12953000000,2035000000,596000000,2611000000,None,None,None,None,None,None,None,1.251,5.68,0.285,None,None,None,None,None,-247000000,None,0.0054,None,11365000000,2025-12-04,quarterly,1.05,USD,pre-market,None,4573000000,0.0519,0.08,0.007,220.48,11688000000,7232000000,554000000,488000000,67.96,65.27,7.1429,20482000000,6466000000,6715000000,16092000000,14016000000,9377000000,60553000000,4390000000,55.97,-3403000000,74.13,56.96
2025-12-28,KR,1.13,147225002000.0,55.97,None,0.577,12.34,698000000,None,210000000,210000000,-1229000000,-689000000,None,None,756000000,None,None,None,927000000,1462000000,None,45565000000,45565000000,3550000000,None,None,686000000,None,None,1265000000,1018000000,1.34,0.0213,128000000,128000000,None,0.422,0.07,2035000000,3300000000,0.98,2020-04-30,11.82,2192000000,35370000000.0,14988000000,1525000000,567000000,2192000000,2192000000,None,510000000,None,4486000000,None,None,6678000000,None,None,1212000000,None,None,None,0.031,4245000000,12953000000,2035000000,596000000,2611000000,None,None,None,None,None,None,None,1.251,5.68,0.285,None,None,None,None,None,-422000000,None,0.0054,None,11365000000,2025-12-04,quarterly,1.05,USD,pre-market,None,4573000000,0.0519,0.08,0.007,220.48,11688000000,7232000000,554000000,488000000,67.96,65.27,7.1429,20482000000,6466000000,6715000000,16092000000,14016000000,9377000000,60553000000,4390000000,55.97,-3403000000,74.13,56.96
2025-12-28,KR,1.13,147225002000.0,55.97,None,0.577,12.34,765000000,None,210000000,210000000,25000000,-787000000,None,None,285000000,None,None,None,927000000,1462000000,None,45565000000,45565000000,3550000000,None,None,686000000,None,None,1265000000,801000000,1.34,0.0213,130000000,130000000,None,0.422,0.07,2035000000,3300000000,0.98,2020-01-31,11.82,2192000000,35370000000.0,14988000000,1525000000,567000000,2192000000,2192000000,None,510000000,None,4486000000,None,None,6678000000,None,None,319000000,None,None,None,0.031,616000000,12953000000,2035000000,596000000,2611000000,None,None,None,None,None,None,None,1.251,5.68,0.285,None,None,None,None,None,-431000000,None,0.0054,None,11365000000,2025-12-04,quarterly,1.05,USD,pre-market,None,4573000000,0.0519,0.08,0.007,220.48,11688000000,7232000000,554000000,488000000,67.96,65.27,7.1429,20482000000,6466000000,6715000000,16092000000,14016000000,9377000000,60553000000,4390000000,55.97,-3403000000,74.13,56.96
2025-12-28,KR,1.13,147225002000.0,55.97,None,0.577,12.34,782000000,None,210000000,210000000,-70000000,-785000000,None,None,-910000000,None,None,None,927000000,1462000000,None,45565000000,45565000000,3550000000,None,None,686000000,None,None,1265000000,772000000,1.34,0.0213,130000000,130000000,None,0.422,0.07,2035000000,3300000000,0.98,2019-10-31,11.82,2192000000,35370000000.0,14988000000,1525000000,567000000,2192000000,2192000000,None,510000000,None,4486000000,None,None,6678000000,None,None,143000000,None,None,None,0.031,771000000,12953000000,2035000000,596000000,2611000000,None,None,None,None,None,None,None,1.251,5.68,0.285,None,None,None,None,None,-11000000,None,0.0054,None,11365000000,2025-12-04,quarterly,1.05,USD,pre-market,None,4573000000,0.0519,0.08,0.007,220.48,11688000000,7232000000,554000000,488000000,67.96,65.27,7.1429,20482000000,6466000000,6715000000,16092000000,14016000000,9377000000,60553000000,4390000000,55.97,-3403000000,74.13,56.96
2025-12-28,KR,1.13,147225002000.0,55.97,None,0.577,12.34,680000000,None,210000000,210000000,-214000000,-575000000,None,None,150000000,None,None,None,927000000,1462000000,None,45565000000,45565000000,3550000000,None,None,686000000,None,None,1265000000,740000000,1.34,0.0213,113000000,113000000,None,0.422,0.07,2035000000,3300000000,0.98,2019-07-31,11.82,2192000000,35370000000.0,14988000000,1525000000,567000000,2192000000,2192000000,None,510000000,None,4486000000,None,None,6678000000,None,None,287000000,None,None,None,0.031,1009000000,12953000000,2035000000,596000000,2611000000,None,None,None,None,None,None,None,1.251,5.68,0.285,None,None,None,None,None,-8000000,None,0.0054,None,11365000000,2025-12-04,quarterly,1.05,USD,pre-market,None,4573000000,0.0519,0.08,0.007,220.48,11688000000,7232000000,554000000,488000000,67.96,65.27,7.1429,20482000000,6466000000,6715000000,16092000000,14016000000,9377000000,60553000000,4390000000,55.97,-3403000000,74.13,56.96
2025-12-28,KR,1.13,147225002000.0,55.97,None,0.577,12.34,901000000,None,210000000,210000000,-1824000000,-464000000,None,None,124000000,None,None,None,927000000,1462000000,None,45565000000,45565000000,3550000000,None,None,686000000,None,None,1265000000,976000000,1.34,0.0213,113000000,113000000,None,0.422,0.07,2035000000,3300000000,0.98,2019-04-30,11.82,2192000000,35370000000.0,14988000000,1525000000,567000000,2192000000,2192000000,None,510000000,None,4486000000,None,None,6678000000,None,None,763000000,None,None,None,0.031,2268000000,12953000000,2035000000,596000000,2611000000,None,None,None,None,None,None,None,1.251,5.68,0.285,None,None,None,None,None,-15000000,None,0.0054,None,11365000000,2025-12-04,quarterly,1.05,USD,pre-market,None,4573000000,0.0519,0.08,0.007,220.48,11688000000,7232000000,554000000,488000000,67.96,65.27,7.1429,20482000000,6466000000,6715000000,16092000000,14016000000,9377000000,60553000000,4390000000,55.97,-3403000000,74.13,56.96
2025-12-28,KR,1.13,147225002000.0,55.97,None,0.577,12.34,710000000,None,210000000,210000000,125000000,-556000000,None,None,247000000,None,None,None,927000000,1462000000,None,45565000000,45565000000,3550000000,None,None,686000000,None,None,1265000000,581000000,1.34,0.0213,113000000,113000000,None,0.422,0.07,2035000000,3300000000,0.98,2019-01-31,11.82,2192000000,35370000000.0,14988000000,1525000000,567000000,2192000000,2192000000,None,510000000,None,4486000000,None,None,6678000000,None,None,251000000,None,None,None,0.031,431000000,12953000000,2035000000,596000000,2611000000,None,None,None,None,None,None,None,1.251,5.68,0.285,None,None,None,None,None,-14000000,None,0.0054,None,11365000000,2025-12-04,quarterly,1.05,USD,pre-market,None,4573000000,0.0519,0.08,0.007,220.48,11688000000,7232000000,554000000,488000000,67.96,65.27,7.1429,20482000000,6466000000,6715000000,16092000000,14016000000,9377000000,60553000000,4390000000,55.97,-3403000000,74.13,56.96
2025-12-28,KR,1.13,147225002000.0,55.97,None,0.577,12.34,770000000,None,210000000,210000000,353000000,-758000000,None,None,-853000000,None,None,None,927000000,1462000000,None,45565000000,45565000000,3550000000,None,None,686000000,None,None,1265000000,569000000,1.34,0.0213,113000000,113000000,None,0.422,0.07,2035000000,3300000000,0.98,2018-10-31,11.82,2192000000,35370000000.0,14988000000,1525000000,567000000,2192000000,2192000000,None,510000000,None,4486000000,None,None,6678000000,None,None,308000000,None,None,None,0.031,473000000,12953000000,2035000000,596000000,2611000000,None,None,None,None,None,None,None,1.251,5.68,0.285,None,None,None,None,None,-17000000,None,0.0054,None,11365000000,2025-12-04,quarterly,1.05,USD,pre-market,None,4573000000,0.0519,0.08,0.007,220.48,11688000000,7232000000,554000000,488000000,67.96,65.27,7.1429,20482000000,6466000000,6715000000,16092000000,14016000000,9377000000,60553000000,4390000000,55.97,-3403000000,74.13,56.96
2025-12-28,KR,1.13,147225002000.0,55.97,None,0.577,12.34,729000000,None,210000000,210000000,-1000000,-1221000000,None,None,118000000,None,None,None,927000000,1462000000,None,45565000000,45565000000,3550000000,None,None,686000000,None,None,1265000000,574000000,1.34,0.0213,101000000,101000000,None,0.422,0.07,2035000000,3300000000,0.98,2018-07-31,11.82,2192000000,35370000000.0,14988000000,1525000000,567000000,2192000000,2192000000,None,510000000,None,4486000000,None,None,6678000000,None,None,501000000,None,None,None,0.031,892000000,12953000000,2035000000,596000000,2611000000,None,None,None,None,None,None,None,1.251,5.68,0.285,None,None,None,None,None,-170000000,None,0.0054,None,11365000000,2025-12-04,quarterly,1.05,USD,pre-market,None,4573000000,0.0519,0.08,0.007,220.48,11688000000,7232000000,554000000,488000000,67.96,65.27,7.1429,20482000000,6466000000,6715000000,16092000000,14016000000,9377000000,60553000000,4390000000,55.97,-3403000000,74.13,56.96
2025-12-28,KR,1.13,147225002000.0,55.97,None,0.577,12.34,758000000,None,210000000,210000000,-3373000000,1349000000,None,None,134000000,None,None,None,927000000,1462000000,None,45565000000,45565000000,3550000000,None,None,686000000,None,None,1265000000,741000000,1.34,0.0213,110000000,110000000,None,0.422,0.07,2035000000,3300000000,0.98,2018-04-30,11.82,2192000000,35370000000.0,14988000000,1525000000,567000000,2192000000,2192000000,None,510000000,None,4486000000,None,None,6678000000,None,None,2018000000,None,None,None,0.031,2368000000,12953000000,2035000000,596000000,2611000000,None,None,None,None,None,None,None,1.251,5.68,0.285,None,None,None,None,None,-1809000000,None,0.0054,None,11365000000,2025-12-04,quarterly,1.05,USD,pre-market,None,4573000000,0.0519,0.08,0.007,220.48,11688000000,7232000000,554000000,488000000,67.96,65.27,7.1429,20482000000,6466000000,6715000000,16092000000,14016000000,9377000000,60553000000,4390000000,55.97,-3403000000,74.13,56.96
2025-12-28,KR,1.13,147225002000.0,55.97,None,0.577,12.34,672000000,None,210000000,210000000,308000000,-672000000,None,None,443000000,None,None,None,927000000,1462000000,None,45565000000,45565000000,3550000000,None,None,686000000,None,None,1265000000,565000000,1.34,0.0213,110000000,110000000,None,0.422,0.07,2035000000,3300000000,0.98,2018-01-31,11.82,2192000000,35370000000.0,14988000000,1525000000,567000000,2192000000,2192000000,None,510000000,None,4486000000,None,None,6678000000,None,None,853000000,None,None,None,0.031,359000000,12953000000,2035000000,596000000,2611000000,None,None,None,None,None,None,None,1.251,5.68,0.285,None,None,None,None,None,-341000000,None,0.0054,None,11365000000,2025-12-04,quarterly,1.05,USD,pre-market,None,4573000000,0.0519,0.08,0.007,220.48,11688000000,7232000000,554000000,488000000,67.96,65.27,7.1429,20482000000,6466000000,6715000000,16092000000,14016000000,9377000000,60553000000,4390000000,55.97,-3403000000,74.13,56.96
2025-12-28,KR,1.13,147225002000.0,55.97,None,0.577,12.34,615000000,None,210000000,210000000,389000000,-585000000,None,None,-620000000,None,None,None,927000000,1462000000,None,45565000000,45565000000,3550000000,None,None,686000000,None,None,1265000000,572000000,1.34,0.0213,112000000,112000000,None,0.422,0.07,2035000000,3300000000,0.98,2017-10-31,11.82,2192000000,35370000000.0,14988000000,1525000000,567000000,2192000000,2192000000,None,510000000,None,4486000000,None,None,6678000000,None,None,388000000,None,None,None,0.031,-270000000,12953000000,2035000000,596000000,2611000000,None,None,None,None,None,None,None,1.251,5.68,0.285,None,None,None,None,None,-262000000,None,0.0054,None,11365000000,2025-12-04,quarterly,1.05,USD,pre-market,None,4573000000,0.0519,0.08,0.007,220.48,11688000000,7232000000,554000000,488000000,67.96,65.27,7.1429,20482000000,6466000000,6715000000,16092000000,14016000000,9377000000,60553000000,4390000000,55.97,-3403000000,74.13,56.96
2025-12-28,KR,1.13,147225002000.0,55.97,None,0.577,12.34,705000000,None,210000000,210000000,153000000,-706000000,None,None,-23000000,None,None,None,927000000,1462000000,None,45565000000,45565000000,3550000000,None,None,686000000,None,None,1265000000,563000000,1.34,0.0213,110000000,110000000,None,0.422,0.07,2035000000,3300000000,0.98,2017-07-31,11.82,2192000000,35370000000.0,14988000000,1525000000,567000000,2192000000,2192000000,None,510000000,None,4486000000,None,None,6678000000,None,None,351000000,None,None,None,0.031,1016000000,12953000000,2035000000,596000000,2611000000,None,None,None,None,None,None,None,1.251,5.68,0.285,None,None,None,None,None,-258000000,None,0.0054,None,11365000000,2025-12-04,quarterly,1.05,USD,pre-market,None,4573000000,0.0519,0.08,0.007,220.48,11688000000,7232000000,554000000,488000000,67.96,65.27,7.1429,20482000000,6466000000,6715000000,16092000000,14016000000,9377000000,60553000000,4390000000,55.97,-3403000000,74.13,56.96
2025-12-28,KR,1.13,147225002000.0,55.97,None,0.577,12.34,817000000,None,210000000,210000000,-1531000000,-744000000,None,None,177000000,None,None,None,927000000,1462000000,None,45565000000,45565000000,3550000000,None,None,686000000,None,None,1265000000,736000000,1.34,0.0213,111000000,111000000,None,0.422,0.07,2035000000,3300000000,0.98,2017-04-30,11.82,2192000000,35370000000.0,14988000000,1525000000,567000000,2192000000,2192000000,None,510000000,None,4486000000,None,None,6678000000,None,None,297000000,None,None,None,0.031,2308000000,12953000000,2035000000,596000000,2611000000,None,None,None,None,None,None,None,1.251,5.68,0.285,None,None,None,None,None,-772000000,None,0.0054,None,11365000000,2025-12-04,quarterly,1.05,USD,pre-market,None,4573000000,0.0519,0.08,0.007,220.48,11688000000,7232000000,554000000,488000000,67.96,65.27,7.1429,20482000000,6466000000,6715000000,16092000000,14016000000,9377000000,60553000000,4390000000,55.97,-3403000000,74.13,56.96
2025-12-28,KR,1.13,147225002000.0,55.97,None,0.577,12.34,674000000,None,210000000,210000000,-266000000,-602000000,None,None,416000000,None,None,None,927000000,1462000000,None,45565000000,45565000000,3550000000,None,None,686000000,None,None,1265000000,572000000,1.34,0.0213,113000000,113000000,None,0.422,0.07,2035000000,3300000000,0.98,2017-01-31,11.82,2192000000,35370000000.0,14988000000,1525000000,567000000,2192000000,2192000000,None,510000000,None,4486000000,None,None,6678000000,None,None,502000000,None,None,None,0.031,816000000,12953000000,2035000000,596000000,2611000000,None,None,None,None,None,None,None,1.251,5.68,0.285,None,None,None,None,None,-365000000,None,0.0054,None,11365000000,2025-12-04,quarterly,1.05,USD,pre-market,None,4573000000,0.0519,0.08,0.007,220.48,11688000000,7232000000,554000000,488000000,67.96,65.27,7.1429,20482000000,6466000000,6715000000,16092000000,14016000000,9377000000,60553000000,4390000000,55.97,-3403000000,74.13,56.96
2025-12-28,KR,1.13,147225002000.0,55.97,None,0.577,12.34,979000000,None,210000000,210000000,964000000,-1333000000,None,None,-833000000,None,None,None,927000000,1462000000,None,45565000000,45565000000,3550000000,None,None,686000000,None,None,1265000000,549000000,1.34,0.0213,114000000,114000000,None,0.422,0.07,2035000000,3300000000,0.98,2016-10-31,11.82,2192000000,35370000000.0,14988000000,1525000000,567000000,2192000000,2192000000,None,510000000,None,4486000000,None,None,6678000000,None,None,382000000,None,None,None,0.031,424000000,12953000000,2035000000,596000000,2611000000,None,None,None,None,None,None,None,1.251,5.68,0.285,None,None,None,None,None,-330000000,None,0.0054,None,11365000000,2025-12-04,quarterly,1.05,USD,pre-market,None,4573000000,0.0519,0.08,0.007,220.48,11688000000,7232000000,554000000,488000000,67.96,65.27,7.1429,20482000000,6466000000,6715000000,16092000000,14016000000,9377000000,60553000000,4390000000,55.97,-3403000000,74.13,56.96
2025-12-28,KR,1.13,147225002000.0,55.97,None,0.577,12.34,956000000,None,210000000,210000000,-163000000,-889000000,None,None,-66000000,None,None,None,927000000,1462000000,None,45565000000,45565000000,3550000000,None,None,686000000,None,None,1265000000,525000000,1.34,0.0213,100000000,100000000,None,0.422,0.07,2035000000,3300000000,0.98,2016-07-31,11.82,2192000000,35370000000.0,14988000000,1525000000,567000000,2192000000,2192000000,None,510000000,None,4486000000,None,None,6678000000,None,None,394000000,None,None,None,0.031,980000000,12953000000,2035000000,596000000,2611000000,None,None,None,None,None,None,None,1.251,5.68,0.285,None,None,None,None,None,-44000000,None,0.0054,None,11365000000,2025-12-04,quarterly,1.05,USD,pre-market,None,4573000000,0.0519,0.08,0.007,220.48,11688000000,7232000000,554000000,488000000,67.96,65.27,7.1429,20482000000,6466000000,6715000000,16092000000,14016000000,9377000000,60553000000,4390000000,55.97,-3403000000,74.13,56.96
2025-12-28,KR,1.13,147225002000.0,55.97,None,0.577,12.34,1090000000,None,210000000,210000000,-887000000,-1051000000,None,None,101000000,None,None,None,927000000,1462000000,None,45565000000,45565000000,3550000000,None,None,686000000,None,None,1265000000,694000000,1.34,0.0213,102000000,102000000,None,0.422,0.07,2035000000,3300000000,0.98,2016-04-30,11.82,2192000000,35370000000.0,14988000000,1525000000,567000000,2192000000,2192000000,None,510000000,None,4486000000,None,None,6678000000,None,None,679000000,None,None,None,0.031,2052000000,12953000000,2035000000,596000000,2611000000,None,None,None,None,None,None,None,1.251,5.68,0.285,None,None,None,None,None,-1027000000,None,0.0054,None,11365000000,2025-12-04,quarterly,1.05,USD,pre-market,None,4573000000,0.0519,0.08,0.007,220.48,11688000000,7232000000,554000000,488000000,67.96,65.27,7.1429,20482000000,6466000000,6715000000,16092000000,14016000000,9377000000,60553000000,4390000000,55.97,-3403000000,74.13,56.96
2025-12-28,KR,1.13,147225002000.0,55.97,None,0.577,12.34,817000000,None,210000000,210000000,-87000000,-990000000,None,None,509000000,None,None,None,927000000,1462000000,None,45565000000,45565000000,3550000000,None,None,686000000,None,None,1265000000,508000000,1.34,0.0213,102000000,102000000,None,0.422,0.07,2035000000,3300000000,0.98,2016-01-31,11.82,2192000000,35370000000.0,14988000000,1525000000,567000000,2192000000,2192000000,None,510000000,None,4486000000,None,None,6678000000,None,None,565000000,None,None,None,0.031,1080000000,12953000000,2035000000,596000000,2611000000,None,None,None,None,None,None,None,1.251,5.68,0.285,None,None,None,None,None,-44000000,None,0.0054,None,11365000000,2025-12-04,quarterly,1.05,USD,pre-market,None,4573000000,0.0519,0.08,0.007,220.48,11688000000,7232000000,554000000,488000000,67.96,65.27,7.1429,20482000000,6466000000,6715000000,16092000000,14016000000,9377000000,60553000000,4390000000,55.97,-3403000000,74.13,56.96
2025-12-28,KR,1.13,147225002000.0,55.97,None,0.577,12.34,836000000,None,210000000,210000000,-135000000,-870000000,None,None,-785000000,None,None,None,927000000,1462000000,None,45565000000,45565000000,3550000000,None,None,686000000,None,None,1265000000,484000000,1.34,0.0213,102000000,102000000,None,0.422,0.07,2035000000,3300000000,0.98,2015-10-31,11.82,2192000000,35370000000.0,14988000000,1525000000,567000000,2192000000,2192000000,None,510000000,None,4486000000,None,None,6678000000,None,None,427000000,None,None,None,0.031,1011000000,12953000000,2035000000,596000000,2611000000,None,None,None,None,None,None,None,1.251,5.68,0.285,None,None,None,None,None,-31000000,None,0.0054,None,11365000000,2025-12-04,quarterly,1.05,USD,pre-market,None,4573000000,0.0519,0.08,0.007,220.48,11688000000,7232000000,554000000,488000000,67.96,65.27,7.1429,20482000000,6466000000,6715000000,16092000000,14016000000,9377000000,60553000000,4390000000,55.97,-3403000000,74.13,56.96
2025-12-28,KR,1.13,147225002000.0,55.97,None,0.577,12.34,762000000,None,210000000,210000000,-132000000,-797000000,None,None,154000000,None,None,None,927000000,1462000000,None,45565000000,45565000000,3550000000,None,None,686000000,None,None,1265000000,477000000,1.34,0.0213,90000000,90000000,None,0.422,0.07,2035000000,3300000000,0.98,2015-07-31,11.82,2192000000,35370000000.0,14988000000,1525000000,567000000,2192000000,2192000000,None,510000000,None,4486000000,None,None,6678000000,None,None,433000000,None,None,None,0.031,945000000,12953000000,2035000000,596000000,2611000000,None,None,None,None,None,None,None,1.251,5.68,0.285,None,None,None,None,None,-43000000,None,0.0054,None,11365000000,2025-12-04,quarterly,1.05,USD,pre-market,None,4573000000,0.0519,0.08,0.007,220.48,11688000000,7232000000,554000000,488000000,67.96,65.27,7.1429,20482000000,6466000000,6715000000,16092000000,14016000000,9377000000,60553000000,4390000000,55.97,-3403000000,74.13,56.96
2025-12-28,KR,1.13,147225002000.0,55.97,None,0.577,12.34,934000000,None,210000000,210000000,-913000000,-913000000,None,None,-62000000,None,None,None,927000000,1462000000,None,45565000000,45565000000,3550000000,None,None,686000000,None,None,1265000000,620000000,1.34,0.0213,91000000,91000000,None,0.422,0.07,2035000000,3300000000,0.98,2015-04-30,11.82,2192000000,35370000000.0,14988000000,1525000000,567000000,2192000000,2192000000,None,510000000,None,4486000000,None,None,6678000000,None,None,624000000,None,None,None,0.031,1810000000,12953000000,2035000000,596000000,2611000000,None,None,None,None,None,None,None,1.251,5.68,0.285,None,None,None,None,None,-585000000,None,0.0054,None,11365000000,2025-12-04,quarterly,1.05,USD,pre-market,None,4573000000,0.0519,0.08,0.007,220.48,11688000000,7232000000,554000000,488000000,67.96,65.27,7.1429,20482000000,6466000000,6715000000,16092000000,14016000000,9377000000,60553000000,4390000000,55.97,-3403000000,74.13,56.96
2025-12-28,KR,1.13,147225002000.0,55.97,None,0.577,12.34,761000000,None,210000000,210000000,50000000,-762000000,None,None,433000000,None,None,None,927000000,1462000000,None,45565000000,45565000000,3550000000,None,None,686000000,None,None,1265000000,467000000,1.34,0.0213,91000000,91000000,None,0.422,0.07,2035000000,3300000000,0.98,2015-01-31,11.82,2192000000,35370000000.0,14988000000,1525000000,567000000,2192000000,2192000000,None,510000000,None,4486000000,None,None,6678000000,None,None,523000000,None,None,None,0.031,716000000,12953000000,2035000000,596000000,2611000000,None,None,None,None,None,None,None,1.251,5.68,0.285,None,None,None,None,None,-33000000,None,0.0054,None,11365000000,2025-12-04,quarterly,1.05,USD,pre-market,None,4573000000,0.0519,0.08,0.007,220.48,11688000000,7232000000,554000000,488000000,67.96,65.27,7.1429,20482000000,6466000000,6715000000,16092000000,14016000000,9377000000,60553000000,4390000000,55.97,-3403000000,74.13,56.96
2025-12-28,KR,1.13,147225002000.0,55.97,None,0.577,12.34,723000000,None,210000000,210000000,282000000,-985000000,None,None,-682000000,None,None,None,927000000,1462000000,None,45565000000,45565000000,3550000000,None,None,686000000,None,None,1265000000,456000000,1.34,0.0213,81000000,81000000,None,0.422,0.07,2035000000,3300000000,0.98,2014-10-31,11.82,2192000000,35370000000.0,14988000000,1525000000,567000000,2192000000,2192000000,None,510000000,None,4486000000,None,None,6678000000,None,None,365000000,None,None,None,0.031,719000000,12953000000,2035000000,596000000,2611000000,None,None,None,None,None,None,None,1.251,5.68,0.285,None,None,None,None,None,-29000000,None,0.0054,None,11365000000,2025-12-04,quarterly,1.05,USD,pre-market,None,4573000000,0.0519,0.08,0.007,220.48,11688000000,7232000000,554000000,488000000,67.96,65.27,7.1429,20482000000,6466000000,6715000000,16092000000,14016000000,9377000000,60553000000,4390000000,55.97,-3403000000,74.13,56.96
2025-12-28,KR,1.13,147225002000.0,55.97,None,0.577,12.34,617000000,None,210000000,210000000,-377000000,-610000000,None,None,127000000,None,None,None,927000000,1462000000,None,45565000000,45565000000,3550000000,None,None,686000000,None,None,1265000000,444000000,1.34,0.0213,82000000,82000000,None,0.422,0.07,2035000000,3300000000,0.98,2014-07-31,11.82,2192000000,35370000000.0,14988000000,1525000000,567000000,2192000000,2192000000,None,510000000,None,4486000000,None,None,6678000000,None,None,350000000,None,None,None,0.031,970000000,12953000000,2035000000,596000000,2611000000,None,None,None,None,None,None,None,1.251,5.68,0.285,None,None,None,None,None,-78000000,None,0.0054,None,11365000000,2025-12-04,quarterly,1.05,USD,pre-market,None,4573000000,0.0519,0.08,0.007,220.48,11688000000,7232000000,554000000,488000000,67.96,65.27,7.1429,20482000000,6466000000,6715000000,16092000000,14016000000,9377000000,60553000000,4390000000,55.97,-3403000000,74.13,56.96
2025-12-28,KR,1.13,147225002000.0,55.97,None,0.577,12.34,730000000,None,210000000,210000000,-1213000000,-703000000,None,None,-25000000,None,None,None,927000000,1462000000,None,45565000000,45565000000,3550000000,None,None,686000000,None,None,1265000000,581000000,1.34,0.0213,84000000,84000000,None,0.422,0.07,2035000000,3300000000,0.98,2014-04-30,11.82,2192000000,35370000000.0,14988000000,1525000000,567000000,2192000000,2192000000,None,510000000,None,4486000000,None,None,6678000000,None,None,509000000,None,None,None,0.031,1780000000,12953000000,2035000000,596000000,2611000000,None,None,None,None,None,None,None,1.251,5.68,0.285,None,None,None,None,None,-1143000000,None,0.0054,None,11365000000,2025-12-04,quarterly,1.05,USD,pre-market,None,4573000000,0.0519,0.08,0.007,220.48,11688000000,7232000000,554000000,488000000,67.96,65.27,7.1429,20482000000,6466000000,6715000000,16092000000,14016000000,9377000000,60553000000,4390000000,55.97,-3403000000,74.13,56.96
2025-12-28,KR,1.13,147225002000.0,55.97,None,0.577,12.34,544000000,None,210000000,210000000,2547000000,-2953000000,None,None,377000000,None,None,None,927000000,1462000000,None,45565000000,45565000000,3550000000,None,None,686000000,None,None,1265000000,402000000,1.34,0.0213,86000000,86000000,None,0.422,0.07,2035000000,3300000000,0.98,2014-01-31,11.82,2192000000,35370000000.0,14988000000,1525000000,567000000,2192000000,2192000000,None,510000000,None,4486000000,None,None,6678000000,None,None,427000000,None,None,None,0.031,463000000,12953000000,2035000000,596000000,2611000000,None,None,None,None,None,None,None,1.251,5.68,0.285,None,None,None,None,None,-225000000,None,0.0054,None,11365000000,2025-12-04,quarterly,1.05,USD,pre-market,None,4573000000,0.0519,0.08,0.007,220.48,11688000000,7232000000,554000000,488000000,67.96,65.27,7.1429,20482000000,6466000000,6715000000,16092000000,14016000000,9377000000,60553000000,4390000000,55.97,-3403000000,74.13,56.96
2025-12-28,KR,1.13,147225002000.0,55.97,None,0.577,12.34,676000000,None,210000000,210000000,281000000,-666000000,None,None,-686000000,None,None,None,927000000,1462000000,None,45565000000,45565000000,3550000000,None,None,686000000,None,None,1265000000,395000000,1.34,0.0213,78000000,78000000,None,0.422,0.07,2035000000,3300000000,0.98,2013-10-31,11.82,2192000000,35370000000.0,14988000000,1525000000,567000000,2192000000,2192000000,None,510000000,None,4486000000,None,None,6678000000,None,None,300000000,None,None,None,0.031,289000000,12953000000,2035000000,596000000,2611000000,None,None,None,None,None,None,None,1.251,5.68,0.285,None,None,None,None,None,-148000000,None,0.0054,None,11365000000,2025-12-04,quarterly,1.05,USD,pre-market,None,4573000000,0.0519,0.08,0.007,220.48,11688000000,7232000000,554000000,488000000,67.96,65.27,7.1429,20482000000,6466000000,6715000000,16092000000,14016000000,9377000000,60553000000,4390000000,55.97,-3403000000,74.13,56.96
2025-12-28,KR,1.13,147225002000.0,55.97,None,0.577,12.34,492000000,None,210000000,210000000,-292000000,-526000000,None,None,109000000,None,None,None,927000000,1462000000,None,45565000000,45565000000,3550000000,None,None,686000000,None,None,1265000000,387000000,1.34,0.0213,77000000,77000000,None,0.422,0.07,2035000000,3300000000,0.98,2013-07-31,11.82,2192000000,35370000000.0,14988000000,1525000000,567000000,2192000000,2192000000,None,510000000,None,4486000000,None,None,6678000000,None,None,320000000,None,None,None,0.031,1011000000,12953000000,2035000000,596000000,2611000000,None,None,None,None,None,None,None,1.251,5.68,0.285,None,None,None,None,None,-90000000,None,0.0054,None,11365000000,2025-12-04,quarterly,1.05,USD,pre-market,None,4573000000,0.0519,0.08,0.007,220.48,11688000000,7232000000,554000000,488000000,67.96,65.27,7.1429,20482000000,6466000000,6715000000,16092000000,14016000000,9377000000,60553000000,4390000000,55.97,-3403000000,74.13,56.96
2025-12-28,KR,1.13,147225002000.0,55.97,None,0.577,12.34,618000000,None,210000000,210000000,-982000000,-626000000,None,None,53000000,None,None,None,927000000,1462000000,None,45565000000,45565000000,3550000000,None,None,686000000,None,None,1265000000,519000000,1.34,0.0213,78000000,78000000,None,0.422,0.07,2035000000,3300000000,0.98,2013-04-30,11.82,2192000000,35370000000.0,14988000000,1525000000,567000000,2192000000,2192000000,None,510000000,None,4486000000,None,None,6678000000,None,None,484000000,None,None,None,0.031,1617000000,12953000000,2035000000,596000000,2611000000,None,None,None,None,None,None,None,1.251,5.68,0.285,None,None,None,None,None,-146000000,None,0.0054,None,11365000000,2025-12-04,quarterly,1.05,USD,pre-market,None,4573000000,0.0519,0.08,0.007,220.48,11688000000,7232000000,554000000,488000000,67.96,65.27,7.1429,20482000000,6466000000,6715000000,16092000000,14016000000,9377000000,60553000000,4390000000,55.97,-3403000000,74.13,56.96
2025-12-28,KR,1.13,147225002000.0,55.97,None,0.577,12.34,593400000,None,210000000,210000000,-66700000,-697200000,None,None,452700000,None,None,None,927000000,1462000000,None,45565000000,45565000000,3550000000,None,None,686000000,None,None,1265000000,386100000,1.34,0.0213,78200000,78200000,None,0.422,0.07,2035000000,3300000000,0.98,2013-01-31,11.82,2192000000,35370000000.0,14988000000,1525000000,567000000,2192000000,2192000000,None,510000000,None,4486000000,None,None,6678000000,None,None,468800000,None,None,None,0.031,566800000,12953000000,2035000000,596000000,2611000000,None,None,None,None,None,None,None,1.251,5.68,0.285,None,None,None,None,None,-57000000,None,0.0054,None,11365000000,2025-12-04,quarterly,1.05,USD,pre-market,None,4573000000,0.0519,0.08,0.007,220.48,11688000000,7232000000,554000000,488000000,67.96,65.27,7.1429,20482000000,6466000000,6715000000,16092000000,14016000000,9377000000,60553000000,4390000000,55.97,-3403000000,74.13,56.96
2025-12-28,KR,1.13,147225002000.0,55.97,None,0.577,12.34,485400000,None,210000000,210000000,458100000,-496900000,None,None,-728900000,None,None,None,927000000,1462000000,None,45565000000,45565000000,3550000000,None,None,686000000,None,None,1265000000,381900000,1.34,0.0213,60900000,60900000,None,0.422,0.07,2035000000,3300000000,0.98,2012-10-31,11.82,2192000000,35370000000.0,14988000000,1525000000,567000000,2192000000,2192000000,None,510000000,None,4486000000,None,None,6678000000,None,None,317100000,None,None,None,0.031,235500000,12953000000,2035000000,596000000,2611000000,None,None,None,None,None,None,None,1.251,5.68,0.285,None,None,None,None,None,-333000000,None,0.0054,None,11365000000,2025-12-04,quarterly,1.05,USD,pre-market,None,4573000000,0.0519,0.08,0.007,220.48,11688000000,7232000000,554000000,488000000,67.96,65.27,7.1429,20482000000,6466000000,6715000000,16092000000,14016000000,9377000000,60553000000,4390000000,55.97,-3403000000,74.13,56.96
2025-12-28,KR,1.13,147225002000.0,55.97,None,0.577,12.34,442700000,None,210000000,210000000,-537800000,-462900000,None,None,106900000,None,None,None,927000000,1462000000,None,45565000000,45565000000,3550000000,None,None,686000000,None,None,1265000000,382900000,1.34,0.0213,63100000,63100000,None,0.422,0.07,2035000000,3300000000,0.98,2012-07-31,11.82,2192000000,35370000000.0,14988000000,1525000000,567000000,2192000000,2192000000,None,510000000,None,4486000000,None,None,6678000000,None,None,280800000,None,None,None,0.031,727900000,12953000000,2035000000,596000000,2611000000,None,None,None,None,None,None,None,1.251,5.68,0.285,None,None,None,None,None,-526000000,None,0.0054,None,11365000000,2025-12-04,quarterly,1.05,USD,pre-market,None,4573000000,0.0519,0.08,0.007,220.48,11688000000,7232000000,554000000,488000000,67.96,65.27,7.1429,20482000000,6466000000,6715000000,16092000000,14016000000,9377000000,60553000000,4390000000,55.97,-3403000000,74.13,56.96
2025-12-28,KR,1.13,147225002000.0,55.97,None,0.577,12.34,542400000,None,210000000,210000000,-453800000,-527600000,None,None,90900000,None,None,None,927000000,1462000000,None,45565000000,45565000000,3550000000,None,None,686000000,None,None,1265000000,500600000,1.34,0.0213,64800000,64800000,None,0.422,0.07,2035000000,3300000000,0.98,2012-04-30,11.82,2192000000,35370000000.0,14988000000,1525000000,567000000,2192000000,2192000000,None,510000000,None,4486000000,None,None,6678000000,None,None,441000000,None,None,None,0.031,1305000000,12953000000,2035000000,596000000,2611000000,None,None,None,None,None,None,None,1.251,5.68,0.285,None,None,None,None,None,-345000000,None,0.0054,None,11365000000,2025-12-04,quarterly,1.05,USD,pre-market,None,4573000000,0.0519,0.08,0.007,220.48,11688000000,7232000000,554000000,488000000,67.96,65.27,7.1429,20482000000,6466000000,6715000000,16092000000,14016000000,9377000000,60553000000,4390000000,55.97,-3403000000,74.13,56.96
2025-12-28,KR,1.13,147225002000.0,55.97,None,0.577,12.34,493000000,None,210000000,210000000,213000000,-489000000,None,None,320000000,None,None,None,927000000,1462000000,None,45565000000,45565000000,3550000000,None,None,686000000,None,None,1265000000,392000000,1.34,0.0213,66000000,66000000,None,0.422,0.07,2035000000,3300000000,0.98,2012-01-31,11.82,2192000000,35370000000.0,14988000000,1525000000,567000000,2192000000,2192000000,None,510000000,None,4486000000,None,None,6678000000,None,None,-305000000,None,None,None,0.031,248000000,12953000000,2035000000,596000000,2611000000,None,None,None,None,None,None,None,1.251,5.68,0.285,None,None,None,None,None,-273000000,None,0.0054,None,11365000000,2025-12-04,quarterly,1.05,USD,pre-market,None,4573000000,0.0519,0.08,0.007,220.48,11688000000,7232000000,554000000,488000000,67.96,65.27,7.1429,20482000000,6466000000,6715000000,16092000000,14016000000,9377000000,60553000000,4390000000,55.97,-3403000000,74.13,56.96
2025-12-28,KR,1.13,147225002000.0,55.97,None,0.577,12.34,481600000,None,210000000,210000000,-151100000,-493000000,None,None,-802600000,None,None,None,927000000,1462000000,None,45565000000,45565000000,3550000000,None,None,686000000,None,None,1265000000,372800000,1.34,0.0213,62600000,62600000,None,0.422,0.07,2035000000,3300000000,0.98,2011-10-31,11.82,2192000000,35370000000.0,14988000000,1525000000,567000000,2192000000,2192000000,None,510000000,None,4486000000,None,None,6678000000,None,None,197400000,None,None,None,0.031,216900000,12953000000,2035000000,596000000,2611000000,None,None,None,None,None,None,None,1.251,5.68,0.285,None,None,None,None,None,-471200000,None,0.0054,None,11365000000,2025-12-04,quarterly,1.05,USD,pre-market,None,4573000000,0.0519,0.08,0.007,220.48,11688000000,7232000000,554000000,488000000,67.96,65.27,7.1429,20482000000,6466000000,6715000000,16092000000,14016000000,9377000000,60553000000,4390000000,55.97,-3403000000,74.13,56.96
2025-12-28,KR,1.13,147225002000.0,55.97,None,0.577,12.34,402600000,None,210000000,210000000,-328900000,-417100000,None,None,35900000,None,None,None,927000000,1462000000,None,45565000000,45565000000,3550000000,None,None,686000000,None,None,1265000000,373700000,1.34,0.0213,63500000,63500000,None,0.422,0.07,2035000000,3300000000,0.98,2011-07-31,11.82,2192000000,35370000000.0,14988000000,1525000000,567000000,2192000000,2192000000,None,510000000,None,4486000000,None,None,6678000000,None,None,283200000,None,None,None,0.031,958100000,12953000000,2035000000,596000000,2611000000,None,None,None,None,None,None,None,1.251,5.68,0.285,None,None,None,None,None,-259000000,None,0.0054,None,11365000000,2025-12-04,quarterly,1.05,USD,pre-market,None,4573000000,0.0519,0.08,0.007,220.48,11688000000,7232000000,554000000,488000000,67.96,65.27,7.1429,20482000000,6466000000,6715000000,16092000000,14016000000,9377000000,60553000000,4390000000,55.97,-3403000000,74.13,56.96
2025-12-28,KR,1.13,147225002000.0,55.97,None,0.577,12.34,520900000,None,210000000,210000000,-1120200000,-509000000,None,None,85800000,None,None,None,927000000,1462000000,None,45565000000,45565000000,3550000000,None,None,686000000,None,None,1265000000,499000000,1.34,0.0213,65300000,65300000,None,0.422,0.07,2035000000,3300000000,0.98,2011-04-30,11.82,2192000000,35370000000.0,14988000000,1525000000,567000000,2192000000,2192000000,None,510000000,None,4486000000,None,None,6678000000,None,None,420900000,None,None,None,0.031,1235500000,12953000000,2035000000,596000000,2611000000,None,None,None,None,None,None,None,1.251,5.68,0.285,None,None,None,None,None,-544000000,None,0.0054,None,11365000000,2025-12-04,quarterly,1.05,USD,pre-market,None,4573000000,0.0519,0.08,0.007,220.48,11688000000,7232000000,554000000,488000000,67.96,65.27,7.1429,20482000000,6466000000,6715000000,16092000000,14016000000,9377000000,60553000000,4390000000,55.97,-3403000000,74.13,56.96
2025-12-28,KR,1.13,147225002000.0,55.97,None,0.577,12.34,496000000,None,210000000,210000000,-204000000,-561000000,None,None,271000000,None,None,None,927000000,1462000000,None,45565000000,45565000000,3550000000,None,None,686000000,None,None,1265000000,386000000,1.34,0.0213,67000000,67000000,None,0.422,0.07,2035000000,3300000000,0.98,2011-01-31,11.82,2192000000,35370000000.0,14988000000,1525000000,567000000,2192000000,2192000000,None,510000000,None,4486000000,None,None,6678000000,None,None,283000000,None,None,None,0.031,832000000,12953000000,2035000000,596000000,2611000000,None,None,None,None,None,None,None,1.251,5.68,0.285,None,None,None,None,None,-253000000,None,0.0054,None,11365000000,2025-12-04,quarterly,1.05,USD,pre-market,None,4573000000,0.0519,0.08,0.007,220.48,11688000000,7232000000,554000000,488000000,67.96,65.27,7.1429,20482000000,6466000000,6715000000,16092000000,14016000000,9377000000,60553000000,4390000000,55.97,-3403000000,74.13,56.96
2025-12-28,KR,1.13,147225002000.0,55.97,None,0.577,12.34,470900000,None,210000000,210000000,-32600000,-461500000,None,None,-616900000,None,None,None,927000000,1462000000,None,45565000000,45565000000,3550000000,None,None,686000000,None,None,1265000000,367700000,1.34,0.0213,60700000,60700000,None,0.422,0.07,2035000000,3300000000,0.98,2010-10-31,11.82,2192000000,35370000000.0,14988000000,1525000000,567000000,2192000000,2192000000,None,510000000,None,4486000000,None,None,6678000000,None,None,207300000,None,None,None,0.031,215400000,12953000000,2035000000,596000000,2611000000,None,None,None,None,None,None,None,1.251,5.68,0.285,None,None,None,None,None,-64000000,None,0.0054,None,11365000000,2025-12-04,quarterly,1.05,USD,pre-market,None,4573000000,0.0519,0.08,0.007,220.48,11688000000,7232000000,554000000,488000000,67.96,65.27,7.1429,20482000000,6466000000,6715000000,16092000000,14016000000,9377000000,60553000000,4390000000,55.97,-3403000000,74.13,56.96
2025-12-28,KR,1.13,147225002000.0,55.97,None,0.577,12.34,409900000,None,210000000,210000000,-21800000,-308500000,None,None,109600000,None,None,None,927000000,1462000000,None,45565000000,45565000000,3550000000,None,None,686000000,None,None,1265000000,367700000,1.34,0.0213,61200000,61200000,None,0.422,0.07,2035000000,3300000000,0.98,2010-07-31,11.82,2192000000,35370000000.0,14988000000,1525000000,567000000,2192000000,2192000000,None,510000000,None,4486000000,None,None,6678000000,None,None,267400000,None,None,None,0.031,765400000,12953000000,2035000000,596000000,2611000000,None,None,None,None,None,None,None,1.251,5.68,0.285,None,None,None,None,None,-148300000,None,0.0054,None,11365000000,2025-12-04,quarterly,1.05,USD,pre-market,None,4573000000,0.0519,0.08,0.007,220.48,11688000000,7232000000,554000000,488000000,67.96,65.27,7.1429,20482000000,6466000000,6715000000,16092000000,14016000000,9377000000,60553000000,4390000000,55.97,-3403000000,74.13,56.96
2025-12-28,KR,1.13,147225002000.0,55.97,None,0.577,12.34,541700000,None,210000000,210000000,-745200000,-630000000,None,None,148400000,None,None,None,927000000,1462000000,None,45565000000,45565000000,3550000000,None,None,686000000,None,None,1265000000,477700000,1.34,0.0213,61400000,61400000,None,0.422,0.07,2035000000,3300000000,0.98,2010-04-30,11.82,2192000000,35370000000.0,14988000000,1525000000,567000000,2192000000,2192000000,None,510000000,None,4486000000,None,None,6678000000,None,None,374600000,None,None,None,0.031,1552900000,12953000000,2035000000,596000000,2611000000,None,None,None,None,None,None,None,1.251,5.68,0.285,None,None,None,None,None,-80000000,None,0.0054,None,11365000000,2025-12-04,quarterly,1.05,USD,pre-market,None,4573000000,0.0519,0.08,0.007,220.48,11688000000,7232000000,554000000,488000000,67.96,65.27,7.1429,20482000000,6466000000,6715000000,16092000000,14016000000,9377000000,60553000000,4390000000,55.97,-3403000000,74.13,56.96
2025-12-28,KR,1.13,147225002000.0,55.97,None,0.577,12.34,531000000,None,210000000,210000000,-108000000,-532000000,None,None,389000000,None,None,None,927000000,1462000000,None,45565000000,45565000000,3550000000,None,None,686000000,None,None,1265000000,368000000,1.34,0.0213,62000000,62000000,None,0.422,0.07,2035000000,3300000000,0.98,2010-01-31,11.82,2192000000,35370000000.0,14988000000,1525000000,567000000,2192000000,2192000000,None,510000000,None,4486000000,None,None,6678000000,None,None,251000000,None,None,None,0.031,547000000,12953000000,2035000000,596000000,2611000000,None,None,None,None,None,None,None,1.251,5.68,0.285,None,None,None,None,None,-88000000,None,0.0054,None,11365000000,2025-12-04,quarterly,1.05,USD,pre-market,None,4573000000,0.0519,0.08,0.007,220.48,11688000000,7232000000,554000000,488000000,67.96,65.27,7.1429,20482000000,6466000000,6715000000,16092000000,14016000000,9377000000,60553000000,4390000000,55.97,-3403000000,74.13,56.96
2025-12-28,KR,1.13,147225002000.0,55.97,None,0.577,12.34,556100000,None,210000000,210000000,512600000,-573600000,None,None,-620000000,None,None,None,927000000,1462000000,None,45565000000,45565000000,3550000000,None,None,686000000,None,None,1265000000,356200000,1.34,0.0213,58600000,58600000,None,0.422,0.07,2035000000,3300000000,0.98,2009-10-31,11.82,2192000000,35370000000.0,14988000000,1525000000,567000000,2192000000,2192000000,None,510000000,None,4486000000,None,None,6678000000,None,None,-876400000,None,None,None,0.031,208700000,12953000000,2035000000,596000000,2611000000,None,None,None,None,None,None,None,1.251,5.68,0.285,None,None,None,None,None,-50400000,None,0.0054,None,11365000000,2025-12-04,quarterly,1.05,USD,pre-market,None,4573000000,0.0519,0.08,0.007,220.48,11688000000,7232000000,554000000,488000000,67.96,65.27,7.1429,20482000000,6466000000,6715000000,16092000000,14016000000,9377000000,60553000000,4390000000,55.97,-3403000000,74.13,56.96
2025-12-28,KR,1.13,147225002000.0,55.97,None,0.577,12.34,575000000,None,210000000,210000000,-559000000,-588000000,None,None,161000000,None,None,None,927000000,1462000000,None,45565000000,45565000000,3550000000,None,None,686000000,None,None,1265000000,348000000,1.34,0.0213,58000000,58000000,None,0.422,0.07,2035000000,3300000000,0.98,2009-07-31,11.82,2192000000,35370000000.0,14988000000,1525000000,567000000,2192000000,2192000000,None,510000000,None,4486000000,None,None,6678000000,None,None,251000000,None,None,None,0.031,878000000,12953000000,2035000000,596000000,2611000000,None,None,None,None,None,None,None,1.251,5.68,0.285,None,None,None,None,None,-60000000,None,0.0054,None,11365000000,2025-12-04,quarterly,1.05,USD,pre-market,None,4573000000,0.0519,0.08,0.007,220.48,11688000000,7232000000,554000000,488000000,67.96,65.27,7.1429,20482000000,6466000000,6715000000,16092000000,14016000000,9377000000,60553000000,4390000000,55.97,-3403000000,74.13,56.96
2025-12-28,KR,1.13,147225002000.0,55.97,None,0.577,12.34,635000000,None,210000000,210000000,-279000000,-634000000,None,None,25000000,None,None,None,927000000,1462000000,None,45565000000,45565000000,3550000000,None,None,686000000,None,None,1265000000,453000000,1.34,0.0213,59000000,59000000,None,0.422,0.07,2035000000,3300000000,0.98,2009-04-30,11.82,2192000000,35370000000.0,14988000000,1525000000,567000000,2192000000,2192000000,None,510000000,None,4486000000,None,None,6678000000,None,None,431000000,None,None,None,0.031,1288000000,12953000000,2035000000,596000000,2611000000,None,None,None,None,None,None,None,1.251,5.68,0.285,None,None,None,None,None,-20000000,None,0.0054,None,11365000000,2025-12-04,quarterly,1.05,USD,pre-market,None,4573000000,0.0519,0.08,0.007,220.48,11688000000,7232000000,554000000,488000000,67.96,65.27,7.1429,20482000000,6466000000,6715000000,16092000000,14016000000,9377000000,60553000000,4390000000,55.97,-3403000000,74.13,56.96
2025-12-28,KR,1.13,147225002000.0,55.97,None,0.577,12.34,536000000,None,210000000,210000000,-37000000,-527000000,None,None,519000000,None,None,None,927000000,1462000000,None,45565000000,45565000000,3550000000,None,None,686000000,None,None,1265000000,348000000,1.34,0.0213,59000000,59000000,None,0.422,0.07,2035000000,3300000000,0.98,2009-01-31,11.82,2192000000,35370000000.0,14988000000,1525000000,567000000,2192000000,2192000000,None,510000000,None,4486000000,None,None,6678000000,None,None,349000000,None,None,None,0.031,474000000,12953000000,2035000000,596000000,2611000000,None,None,None,None,None,None,None,1.251,5.68,0.285,None,None,None,None,None,-11000000,None,0.0054,None,11365000000,2025-12-04,quarterly,1.05,USD,pre-market,None,4573000000,0.0519,0.08,0.007,220.48,11688000000,7232000000,554000000,488000000,67.96,65.27,7.1429,20482000000,6466000000,6715000000,16092000000,14016000000,9377000000,60553000000,4390000000,55.97,-3403000000,74.13,56.96
2025-12-28,KR,1.13,147225002000.0,55.97,None,0.577,12.34,560000000,None,210000000,210000000,347000000,-568000000,None,None,-707000000,None,None,None,927000000,1462000000,None,45565000000,45565000000,3550000000,None,None,686000000,None,None,1265000000,335000000,1.34,0.0213,59000000,59000000,None,0.422,0.07,2035000000,3300000000,0.98,2008-10-31,11.82,2192000000,35370000000.0,14988000000,1525000000,567000000,2192000000,2192000000,None,510000000,None,4486000000,None,None,6678000000,None,None,237000000,None,None,None,0.031,296000000,12953000000,2035000000,596000000,2611000000,None,None,None,None,None,None,None,1.251,5.68,0.285,None,None,None,None,None,-87000000,None,0.0054,None,11365000000,2025-12-04,quarterly,1.05,USD,pre-market,None,4573000000,0.0519,0.08,0.007,220.48,11688000000,7232000000,554000000,488000000,67.96,65.27,7.1429,20482000000,6466000000,6715000000,16092000000,14016000000,9377000000,60553000000,4390000000,55.97,-3403000000,74.13,56.96
2025-12-28,KR,1.13,147225002000.0,55.97,None,0.577,12.34,476000000,None,210000000,210000000,-370000000,-451000000,None,None,92000000,None,None,None,927000000,1462000000,None,45565000000,45565000000,3550000000,None,None,686000000,None,None,1265000000,327000000,1.34,0.0213,59000000,59000000,None,0.422,0.07,2035000000,3300000000,0.98,2008-07-31,11.82,2192000000,35370000000.0,14988000000,1525000000,567000000,2192000000,2192000000,None,510000000,None,4486000000,None,None,6678000000,None,None,277000000,None,None,None,0.031,784000000,12953000000,2035000000,596000000,2611000000,None,None,None,None,None,None,None,1.251,5.68,0.285,None,None,None,None,None,-158000000,None,0.0054,None,11365000000,2025-12-04,quarterly,1.05,USD,pre-market,None,4573000000,0.0519,0.08,0.007,220.48,11688000000,7232000000,554000000,488000000,67.96,65.27,7.1429,20482000000,6466000000,6715000000,16092000000,14016000000,9377000000,60553000000,4390000000,55.97,-3403000000,74.13,56.96
2025-12-28,KR,1.13,147225002000.0,55.97,None,0.577,12.34,577000000,None,210000000,210000000,-709000000,-633000000,None,None,-52000000,None,None,None,927000000,1462000000,None,45565000000,45565000000,3550000000,None,None,686000000,None,None,1265000000,432000000,1.34,0.0213,50000000,50000000,None,0.422,0.07,2035000000,3300000000,0.98,2008-04-30,11.82,2192000000,35370000000.0,14988000000,1525000000,567000000,2192000000,2192000000,None,510000000,None,4486000000,None,None,6678000000,None,None,386000000,None,None,None,0.031,1342000000,12953000000,2035000000,596000000,2611000000,None,None,None,None,None,None,None,1.251,5.68,0.285,None,None,None,None,None,-381000000,None,0.0054,None,11365000000,2025-12-04,quarterly,1.05,USD,pre-market,None,4573000000,0.0519,0.08,0.007,220.48,11688000000,7232000000,554000000,488000000,67.96,65.27,7.1429,20482000000,6466000000,6715000000,16092000000,14016000000,9377000000,60553000000,4390000000,55.97,-3403000000,74.13,56.96
2025-12-28,KR,1.13,147225002000.0,55.97,None,0.577,12.34,498000000,None,210000000,210000000,276000000,-504000000,None,None,276000000,None,None,None,927000000,1462000000,None,45565000000,45565000000,3550000000,None,None,686000000,None,None,1265000000,326000000,1.34,0.0213,51000000,51000000,None,0.422,0.07,2035000000,3300000000,0.98,2008-01-31,11.82,2192000000,35370000000.0,14988000000,1525000000,567000000,2192000000,2192000000,None,510000000,None,4486000000,None,None,6678000000,None,None,323000000,None,None,None,0.031,304000000,12953000000,2035000000,596000000,2611000000,None,None,None,None,None,None,None,1.251,5.68,0.285,None,None,None,None,None,-269000000,None,0.0054,None,11365000000,2025-12-04,quarterly,1.05,USD,pre-market,None,4573000000,0.0519,0.08,0.007,220.48,11688000000,7232000000,554000000,488000000,67.96,65.27,7.1429,20482000000,6466000000,6715000000,16092000000,14016000000,9377000000,60553000000,4390000000,55.97,-3403000000,74.13,56.96
2025-12-28,KR,1.13,147225002000.0,55.97,None,0.577,12.34,553000000,None,210000000,210000000,424000000,-544000000,None,None,-648000000,None,None,None,927000000,1462000000,None,45565000000,45565000000,3550000000,None,None,686000000,None,None,1265000000,315000000,1.34,0.0213,52000000,52000000,None,0.422,0.07,2035000000,3300000000,0.98,2007-10-31,11.82,2192000000,35370000000.0,14988000000,1525000000,567000000,2192000000,2192000000,None,510000000,None,4486000000,None,None,6678000000,None,None,254000000,None,None,None,0.031,122000000,12953000000,2035000000,596000000,2611000000,None,None,None,None,None,None,None,1.251,5.68,0.285,None,None,None,None,None,-442000000,None,0.0054,None,11365000000,2025-12-04,quarterly,1.05,USD,pre-market,None,4573000000,0.0519,0.08,0.007,220.48,11688000000,7232000000,554000000,488000000,67.96,65.27,7.1429,20482000000,6466000000,6715000000,16092000000,14016000000,9377000000,60553000000,4390000000,55.97,-3403000000,74.13,56.96
2025-12-28,KR,1.13,147225002000.0,55.97,None,0.577,12.34,467000000,None,210000000,210000000,-501000000,-569000000,None,None,98000000,None,None,None,927000000,1462000000,None,45565000000,45565000000,3550000000,None,None,686000000,None,None,1265000000,311000000,1.34,0.0213,53000000,53000000,None,0.422,0.07,2035000000,3300000000,0.98,2007-07-31,11.82,2192000000,35370000000.0,14988000000,1525000000,567000000,2192000000,2192000000,None,510000000,None,4486000000,None,None,6678000000,None,None,267000000,None,None,None,0.031,1046000000,12953000000,2035000000,596000000,2611000000,None,None,None,None,None,None,None,1.251,5.68,0.285,None,None,None,None,None,-578000000,None,0.0054,None,11365000000,2025-12-04,quarterly,1.05,USD,pre-market,None,4573000000,0.0519,0.08,0.007,220.48,11688000000,7232000000,554000000,488000000,67.96,65.27,7.1429,20482000000,6466000000,6715000000,16092000000,14016000000,9377000000,60553000000,4390000000,55.97,-3403000000,74.13,56.96
2025-12-28,KR,1.13,147225002000.0,55.97,None,0.577,12.34,608000000,None,210000000,210000000,-509000000,-601000000,None,None,-109000000,None,None,None,927000000,1462000000,None,45565000000,45565000000,3550000000,None,None,686000000,None,None,1265000000,404000000,1.34,0.0213,46000000,46000000,None,0.422,0.07,2035000000,3300000000,0.98,2007-04-30,11.82,2192000000,35370000000.0,14988000000,1525000000,567000000,2192000000,2192000000,None,510000000,None,4486000000,None,None,6678000000,None,None,337000000,None,None,None,0.031,1109000000,12953000000,2035000000,596000000,2611000000,None,None,None,None,None,None,None,1.251,5.68,0.285,None,None,None,None,None,-132000000,None,0.0054,None,11365000000,2025-12-04,quarterly,1.05,USD,pre-market,None,4573000000,0.0519,0.08,0.007,220.48,11688000000,7232000000,554000000,488000000,67.96,65.27,7.1429,20482000000,6466000000,6715000000,16092000000,14016000000,9377000000,60553000000,4390000000,55.97,-3403000000,74.13,56.96
2025-12-28,KR,1.13,147225002000.0,55.97,None,0.577,12.34,505000000,None,210000000,210000000,23000000,-495000000,None,None,362000000,None,None,None,927000000,1462000000,None,45565000000,45565000000,3550000000,None,None,686000000,None,None,1265000000,299000000,1.34,0.0213,46000000,46000000,None,0.422,0.07,2035000000,3300000000,0.98,2007-01-31,11.82,2192000000,35370000000.0,14988000000,1525000000,567000000,2192000000,2192000000,None,510000000,None,4486000000,None,None,6678000000,None,None,385000000,None,None,None,0.031,520000000,12953000000,2035000000,596000000,2611000000,None,None,None,None,None,None,None,1.251,5.68,0.285,None,None,None,None,None,-106000000,None,0.0054,None,11365000000,2025-12-04,quarterly,1.05,USD,pre-market,None,4573000000,0.0519,0.08,0.007,220.48,11688000000,7232000000,554000000,488000000,67.96,65.27,7.1429,20482000000,6466000000,6715000000,16092000000,14016000000,9377000000,60553000000,4390000000,55.97,-3403000000,74.13,56.96
2025-12-28,KR,1.13,147225002000.0,55.97,None,0.577,12.34,415000000,None,210000000,210000000,-257000000,-390000000,None,None,-570000000,None,None,None,927000000,1462000000,None,45565000000,45565000000,3550000000,None,None,686000000,None,None,1265000000,295000000,1.34,0.0213,47000000,47000000,None,0.422,0.07,2035000000,3300000000,0.98,2006-10-31,11.82,2192000000,35370000000.0,14988000000,1525000000,567000000,2192000000,2192000000,None,510000000,None,4486000000,None,None,6678000000,None,None,215000000,None,None,None,0.031,-15000000,12953000000,2035000000,596000000,2611000000,None,None,None,None,None,None,None,1.251,5.68,0.285,None,None,None,None,None,-232000000,None,0.0054,None,11365000000,2025-12-04,quarterly,1.05,USD,pre-market,None,4573000000,0.0519,0.08,0.007,220.48,11688000000,7232000000,554000000,488000000,67.96,65.27,7.1429,20482000000,6466000000,6715000000,16092000000,14016000000,9377000000,60553000000,4390000000,55.97,-3403000000,74.13,56.96
2025-12-28,KR,1.13,147225002000.0,55.97,None,0.577,12.34,343000000,None,210000000,210000000,-386000000,-332000000,None,None,3000000,None,None,None,927000000,1462000000,None,45565000000,45565000000,3550000000,None,None,686000000,None,None,1265000000,290000000,1.34,0.0213,47000000,47000000,None,0.422,0.07,2035000000,3300000000,0.98,2006-07-31,11.82,2192000000,35370000000.0,14988000000,1525000000,567000000,2192000000,2192000000,None,510000000,None,4486000000,None,None,6678000000,None,None,209000000,None,None,None,0.031,862000000,12953000000,2035000000,596000000,2611000000,None,None,None,None,None,None,None,1.251,5.68,0.285,None,None,None,None,None,-161000000,None,0.0054,None,11365000000,2025-12-04,quarterly,1.05,USD,pre-market,None,4573000000,0.0519,0.08,0.007,220.48,11688000000,7232000000,554000000,488000000,67.96,65.27,7.1429,20482000000,6466000000,6715000000,16092000000,14016000000,9377000000,60553000000,4390000000,55.97,-3403000000,74.13,56.96
2025-12-28,KR,1.13,147225002000.0,55.97,None,0.577,12.34,420000000,None,210000000,210000000,-165000000,-370000000,None,None,32000000,None,None,None,927000000,1462000000,None,45565000000,45565000000,3550000000,None,None,686000000,None,None,1265000000,388000000,1.34,0.0213,47000000,47000000,None,0.422,0.07,2035000000,3300000000,0.98,2006-04-30,11.82,2192000000,35370000000.0,14988000000,1525000000,567000000,2192000000,2192000000,None,510000000,None,4486000000,None,None,6678000000,None,None,306000000,None,None,None,0.031,984000000,12953000000,2035000000,596000000,2611000000,None,None,None,None,None,None,None,1.251,5.68,0.285,None,None,None,None,None,-134000000,None,0.0054,None,11365000000,2025-12-04,quarterly,1.05,USD,pre-market,None,4573000000,0.0519,0.08,0.007,220.48,11688000000,7232000000,554000000,488000000,67.96,65.27,7.1429,20482000000,6466000000,6715000000,16092000000,14016000000,9377000000,60553000000,4390000000,55.97,-3403000000,74.13,56.96
2025-12-28,KR,1.13,147225002000.0,55.97,None,0.577,12.34,295000000,None,210000000,210000000,137000000,-307000000,None,None,300000000,None,None,None,927000000,1462000000,None,45565000000,45565000000,3550000000,None,None,686000000,None,None,1265000000,296000000,1.34,0.0213,None,None,None,0.422,0.07,2035000000,3300000000,0.98,2006-01-31,11.82,2192000000,35370000000.0,14988000000,1525000000,567000000,2192000000,2192000000,None,510000000,None,4486000000,None,None,6678000000,None,None,282000000,None,None,None,0.031,143000000,12953000000,2035000000,596000000,2611000000,None,None,None,None,None,None,None,1.251,5.68,0.285,None,None,None,None,None,-50000000,None,0.0054,None,11365000000,2025-12-04,quarterly,1.05,USD,pre-market,None,4573000000,0.0519,0.08,0.007,220.48,11688000000,7232000000,554000000,488000000,67.96,65.27,7.1429,20482000000,6466000000,6715000000,16092000000,14016000000,9377000000,60553000000,4390000000,55.97,-3403000000,74.13,56.96
2025-12-28,KR,1.13,147225002000.0,55.97,None,0.577,12.34,339000000,None,210000000,210000000,-73000000,-326000000,None,None,-545000000,None,None,None,927000000,1462000000,None,45565000000,45565000000,3550000000,None,None,686000000,None,None,1265000000,287000000,1.34,0.0213,None,None,None,0.422,0.07,2035000000,3300000000,0.98,2005-10-31,11.82,2192000000,35370000000.0,14988000000,1525000000,567000000,2192000000,2192000000,None,510000000,None,4486000000,None,None,6678000000,None,None,186000000,None,None,None,0.031,257000000,12953000000,2035000000,596000000,2611000000,None,None,None,None,None,None,None,1.251,5.68,0.285,None,None,None,None,None,-11000000,None,0.0054,None,11365000000,2025-12-04,quarterly,1.05,USD,pre-market,None,4573000000,0.0519,0.08,0.007,220.48,11688000000,7232000000,554000000,488000000,67.96,65.27,7.1429,20482000000,6466000000,6715000000,16092000000,14016000000,9377000000,60553000000,4390000000,55.97,-3403000000,74.13,56.96
2025-12-28,KR,1.13,147225002000.0,55.97,None,0.577,12.34,4017000000,None,210000000,210000000,-490000000,-3228000000,None,None,-144000000,None,None,None,927000000,1462000000,None,45565000000,45565000000,3550000000,None,None,686000000,None,None,1265000000,3849000000,1.34,0.0213,883000000,883000000,None,0.422,0.07,2035000000,3300000000,0.98,2025-01-31,11.82,2192000000,35370000000.0,14988000000,1525000000,567000000,2192000000,2192000000,None,510000000,None,4486000000,None,None,6678000000,None,None,2672000000,None,None,None,0.031,5794000000,12953000000,2035000000,596000000,2611000000,None,None,None,None,None,None,None,1.251,5.68,0.285,None,None,None,None,None,-5156000000,None,0.0054,None,11365000000,2025-12-04,annual,1.05,USD,pre-market,None,4573000000,0.0519,0.08,0.007,220.48,11688000000,7232000000,554000000,488000000,67.96,65.27,7.1429,20482000000,6466000000,6715000000,16092000000,14016000000,9377000000,60553000000,4390000000,55.97,-3403000000,74.13,56.96
2025-12-28,KR,1.13,147225002000.0,55.97,None,0.577,12.34,3904000000,None,210000000,210000000,-2170000000,-3750000000,None,None,342000000,None,None,None,927000000,1462000000,None,45565000000,45565000000,3550000000,None,None,686000000,None,None,1265000000,3750000000,1.34,0.0213,796000000,796000000,None,0.422,0.07,2035000000,3300000000,0.98,2024-01-31,11.82,2192000000,35370000000.0,14988000000,1525000000,567000000,2192000000,2192000000,None,510000000,None,4486000000,None,None,6678000000,None,None,2146000000,None,None,None,0.031,6788000000,12953000000,2035000000,596000000,2611000000,None,None,None,None,None,None,None,1.251,5.68,0.285,None,None,None,None,None,-62000000,None,0.0054,None,11365000000,2025-12-04,annual,1.05,USD,pre-market,None,4573000000,0.0519,0.08,0.007,220.48,11688000000,7232000000,554000000,488000000,67.96,65.27,7.1429,20482000000,6466000000,6715000000,16092000000,14016000000,9377000000,60553000000,4390000000,55.97,-3403000000,74.13,56.96
2025-12-28,KR,1.13,147225002000.0,55.97,None,0.577,12.34,3078000000,None,210000000,210000000,-2289000000,-3015000000,None,None,-1370000000,None,None,None,927000000,1462000000,None,45565000000,45565000000,3550000000,None,None,686000000,None,None,1265000000,3579000000,1.34,0.0213,682000000,682000000,None,0.422,0.07,2035000000,3300000000,0.98,2023-01-31,11.82,2192000000,35370000000.0,14988000000,1525000000,567000000,2192000000,2192000000,None,510000000,None,4486000000,None,None,6678000000,None,None,2249000000,None,None,None,0.031,4311000000,12953000000,2035000000,596000000,2611000000,None,None,None,None,None,None,None,1.251,5.68,0.285,None,None,None,None,None,-993000000,None,0.0054,None,11365000000,2025-12-04,annual,1.05,USD,pre-market,None,4573000000,0.0519,0.08,0.007,220.48,11688000000,7232000000,554000000,488000000,67.96,65.27,7.1429,20482000000,6466000000,6715000000,16092000000,14016000000,9377000000,60553000000,4390000000,55.97,-3403000000,74.13,56.96
2025-12-28,KR,1.13,147225002000.0,55.97,None,0.577,12.34,2614000000,None,210000000,210000000,-3445000000,-2611000000,None,None,80000000,None,None,None,927000000,1462000000,None,45565000000,45565000000,3550000000,None,None,686000000,None,None,1265000000,3429000000,1.34,0.0213,589000000,589000000,None,0.422,0.07,2035000000,3300000000,0.98,2022-01-31,11.82,2192000000,35370000000.0,14988000000,1525000000,567000000,2192000000,2192000000,None,510000000,None,4486000000,None,None,6678000000,None,None,1666000000,None,None,None,0.031,6190000000,12953000000,2035000000,596000000,2611000000,None,None,None,None,None,None,None,1.251,5.68,0.285,None,None,None,None,None,-1647000000,None,0.0054,None,11365000000,2025-12-04,annual,1.05,USD,pre-market,None,4573000000,0.0519,0.08,0.007,220.48,11688000000,7232000000,554000000,488000000,67.96,65.27,7.1429,20482000000,6466000000,6715000000,16092000000,14016000000,9377000000,60553000000,4390000000,55.97,-3403000000,74.13,56.96
2025-12-28,KR,1.13,147225002000.0,55.97,None,0.577,12.34,2865000000,None,210000000,210000000,-2713000000,-2814000000,None,None,7000000,None,None,None,927000000,1462000000,None,45565000000,45565000000,3550000000,None,None,686000000,None,None,1265000000,3373000000,1.34,0.0213,534000000,534000000,None,0.422,0.07,2035000000,3300000000,0.98,2021-01-31,11.82,2192000000,35370000000.0,14988000000,1525000000,567000000,2192000000,2192000000,None,510000000,None,4486000000,None,None,6678000000,None,None,2588000000,None,None,None,0.031,6815000000,12953000000,2035000000,596000000,2611000000,None,None,None,None,None,None,None,1.251,5.68,0.285,None,None,None,None,None,-1324000000,None,0.0054,None,11365000000,2025-12-04,annual,1.05,USD,pre-market,None,4573000000,0.0519,0.08,0.007,220.48,11688000000,7232000000,554000000,488000000,67.96,65.27,7.1429,20482000000,6466000000,6715000000,16092000000,14016000000,9377000000,60553000000,4390000000,55.97,-3403000000,74.13,56.96
2025-12-28,KR,1.13,147225002000.0,55.97,None,0.577,12.34,3128000000,None,210000000,210000000,-2083000000,-2611000000,-30000000,None,-351000000,None,None,-36000000,927000000,1462000000,None,45565000000,45565000000,3550000000,None,None,686000000,None,None,1265000000,3289000000,1.34,0.0213,486000000,486000000,None,0.422,0.07,2035000000,3300000000,0.98,2020-01-31,11.82,2192000000,35370000000.0,14988000000,1525000000,567000000,2192000000,2192000000,None,510000000,None,4486000000,None,None,6678000000,None,None,1512000000,None,None,None,0.031,4664000000,12953000000,2035000000,596000000,2611000000,None,None,None,None,None,None,None,1.251,5.68,0.285,None,None,None,None,None,-465000000,None,0.0054,None,11365000000,2025-12-04,annual,1.05,USD,pre-market,None,4573000000,0.0519,0.08,0.007,220.48,11688000000,7232000000,554000000,488000000,67.96,65.27,7.1429,20482000000,6466000000,6715000000,16092000000,14016000000,9377000000,60553000000,4390000000,55.97,-3403000000,74.13,56.96
2025-12-28,KR,1.13,147225002000.0,55.97,None,0.577,12.34,2967000000,None,210000000,210000000,-2896000000,-1186000000,82000000,None,-354000000,None,None,-208000000,927000000,1462000000,None,45565000000,45565000000,3550000000,None,None,686000000,None,None,1265000000,2465000000,1.34,0.0213,437000000,437000000,None,0.422,0.07,2035000000,3300000000,0.98,2019-01-31,11.82,2192000000,35370000000.0,14988000000,1525000000,567000000,2192000000,2192000000,None,510000000,None,4486000000,None,None,6678000000,None,None,3078000000,None,None,None,0.031,4164000000,12953000000,2035000000,596000000,2611000000,None,None,None,None,None,None,None,1.251,5.68,0.285,None,None,None,None,None,-2010000000,None,0.0054,None,11365000000,2025-12-04,annual,1.05,USD,pre-market,None,4573000000,0.0519,0.08,0.007,220.48,11688000000,7232000000,554000000,488000000,67.96,65.27,7.1429,20482000000,6466000000,6715000000,16092000000,14016000000,9377000000,60553000000,4390000000,55.97,-3403000000,74.13,56.96
2025-12-28,KR,1.13,147225002000.0,55.97,None,0.577,12.34,2809000000,None,210000000,210000000,-681000000,-2707000000,25000000,None,-23000000,None,None,61000000,927000000,1462000000,None,45565000000,45565000000,3550000000,None,None,686000000,None,None,1265000000,2436000000,1.34,0.0213,443000000,443000000,None,0.422,0.07,2035000000,3300000000,0.98,2018-01-31,11.82,2192000000,35370000000.0,14988000000,1525000000,567000000,2192000000,2192000000,None,510000000,None,4486000000,None,None,6678000000,None,None,1889000000,None,None,None,0.031,3413000000,12953000000,2035000000,596000000,2611000000,None,None,None,None,None,None,None,1.251,5.68,0.285,None,None,None,None,None,-1633000000,None,0.0054,None,11365000000,2025-12-04,annual,1.05,USD,pre-market,None,4573000000,0.0519,0.08,0.007,220.48,11688000000,7232000000,554000000,488000000,67.96,65.27,7.1429,20482000000,6466000000,6715000000,16092000000,14016000000,9377000000,60553000000,4390000000,55.97,-3403000000,74.13,56.96
2025-12-28,KR,1.13,147225002000.0,55.97,None,0.577,12.34,3699000000,None,210000000,210000000,-352000000,-3875000000,45000000,None,-382000000,None,None,-110000000,927000000,1462000000,None,45565000000,45565000000,3550000000,None,None,686000000,None,None,1265000000,2340000000,1.34,0.0213,429000000,429000000,None,0.422,0.07,2035000000,3300000000,0.98,2017-01-31,11.82,2192000000,35370000000.0,14988000000,1525000000,567000000,2192000000,2192000000,None,510000000,None,4486000000,None,None,6678000000,None,None,1957000000,None,None,None,0.031,4272000000,12953000000,2035000000,596000000,2611000000,None,None,None,None,None,None,None,1.251,5.68,0.285,None,None,None,None,None,-1766000000,None,0.0054,None,11365000000,2025-12-04,annual,1.05,USD,pre-market,None,4573000000,0.0519,0.08,0.007,220.48,11688000000,7232000000,554000000,488000000,67.96,65.27,7.1429,20482000000,6466000000,6715000000,16092000000,14016000000,9377000000,60553000000,4390000000,55.97,-3403000000,74.13,56.96
2025-12-28,KR,1.13,147225002000.0,55.97,None,0.577,12.34,3349000000,None,210000000,210000000,-1338000000,-3570000000,9000000,None,-184000000,None,None,-59000000,927000000,1462000000,None,45565000000,45565000000,3550000000,None,None,686000000,None,None,1265000000,2089000000,1.34,0.0213,385000000,385000000,None,0.422,0.07,2035000000,3300000000,0.98,2016-01-31,11.82,2192000000,35370000000.0,14988000000,1525000000,567000000,2192000000,2192000000,None,510000000,None,4486000000,None,None,6678000000,None,None,2049000000,None,None,None,0.031,4917000000,12953000000,2035000000,596000000,2611000000,None,None,None,None,None,None,None,1.251,5.68,0.285,None,None,None,None,None,-703000000,None,0.0054,None,11365000000,2025-12-04,annual,1.05,USD,pre-market,None,4573000000,0.0519,0.08,0.007,220.48,11688000000,7232000000,554000000,488000000,67.96,65.27,7.1429,20482000000,6466000000,6715000000,16092000000,14016000000,9377000000,60553000000,4390000000,55.97,-3403000000,74.13,56.96
2025-12-28,KR,1.13,147225002000.0,55.97,None,0.577,12.34,2831000000,None,210000000,210000000,-1288000000,-3060000000,-133000000,None,-147000000,None,None,-141000000,927000000,1462000000,None,45565000000,45565000000,3550000000,None,None,686000000,None,None,1265000000,1948000000,1.34,0.0213,338000000,338000000,None,0.422,0.07,2035000000,3300000000,0.98,2015-01-31,11.82,2192000000,35370000000.0,14988000000,1525000000,567000000,2192000000,2192000000,None,510000000,None,4486000000,None,None,6678000000,None,None,1747000000,None,None,None,0.031,4215000000,12953000000,2035000000,596000000,2611000000,None,None,None,None,None,None,None,1.251,5.68,0.285,None,None,None,None,None,-1283000000,None,0.0054,None,11365000000,2025-12-04,annual,1.05,USD,pre-market,None,4573000000,0.0519,0.08,0.007,220.48,11688000000,7232000000,554000000,488000000,67.96,65.27,7.1429,20482000000,6466000000,6715000000,16092000000,14016000000,9377000000,60553000000,4390000000,55.97,-3403000000,74.13,56.96
2025-12-28,KR,1.13,147225002000.0,55.97,None,0.577,12.34,2330000000,None,210000000,210000000,1554000000,-4771000000,163000000,None,-147000000,None,None,-8000000,927000000,1462000000,None,45565000000,45565000000,3550000000,None,None,686000000,None,None,1265000000,1703000000,1.34,0.0213,319000000,319000000,None,0.422,0.07,2035000000,3300000000,0.98,2014-01-31,11.82,2192000000,35370000000.0,14988000000,1525000000,567000000,2192000000,2192000000,None,510000000,None,4486000000,None,None,6678000000,None,None,1531000000,None,None,None,0.031,3380000000,12953000000,2035000000,596000000,2611000000,None,None,None,None,None,None,None,1.251,5.68,0.285,None,None,None,None,None,-609000000,None,0.0054,None,11365000000,2025-12-04,annual,1.05,USD,pre-market,None,4573000000,0.0519,0.08,0.007,220.48,11688000000,7232000000,554000000,488000000,67.96,65.27,7.1429,20482000000,6466000000,6715000000,16092000000,14016000000,9377000000,60553000000,4390000000,55.97,-3403000000,74.13,56.96
2025-12-28,KR,1.13,147225002000.0,55.97,None,0.577,12.34,2062000000,None,210000000,210000000,-721000000,-2183000000,50000000,None,-78000000,None,None,-126000000,927000000,1462000000,None,45565000000,45565000000,3550000000,None,None,686000000,None,None,1265000000,1651500000,1.34,0.0213,267000000,267000000,None,0.422,0.07,2035000000,3300000000,0.98,2013-01-31,11.82,2192000000,35370000000.0,14988000000,1525000000,567000000,2192000000,2192000000,None,510000000,None,4486000000,None,None,6678000000,None,None,1507700000,None,None,None,0.031,2954000000,12953000000,2035000000,596000000,2611000000,None,None,None,None,None,None,None,1.251,5.68,0.285,None,None,None,None,None,-1261000000,None,0.0054,None,11365000000,2025-12-04,annual,1.05,USD,pre-market,None,4573000000,0.0519,0.08,0.007,220.48,11688000000,7232000000,554000000,488000000,67.96,65.27,7.1429,20482000000,6466000000,6715000000,16092000000,14016000000,9377000000,60553000000,4390000000,55.97,-3403000000,74.13,56.96
2025-12-28,KR,1.13,147225002000.0,55.97,None,0.577,12.34,1897800000,None,210000000,210000000,-1387200000,-1908400000,-637000000,None,-361100000,None,None,-63000000,927000000,1462000000,None,45565000000,45565000000,3550000000,None,None,686000000,None,None,1265000000,1637800000,1.34,0.0213,257400000,257400000,None,0.422,0.07,2035000000,3300000000,0.98,2012-01-31,11.82,2192000000,35370000000.0,14988000000,1525000000,567000000,2192000000,2192000000,None,510000000,None,4486000000,None,None,6678000000,None,None,596100000,None,None,None,0.031,2658500000,12953000000,2035000000,596000000,2611000000,None,None,None,None,None,None,None,1.251,5.68,0.285,None,None,None,None,None,-1547000000,None,0.0054,None,11365000000,2025-12-04,annual,1.05,USD,pre-market,None,4573000000,0.0519,0.08,0.007,220.48,11688000000,7232000000,554000000,488000000,67.96,65.27,7.1429,20482000000,6466000000,6715000000,16092000000,14016000000,9377000000,60553000000,4390000000,55.97,-3403000000,74.13,56.96
2025-12-28,KR,1.13,147225002000.0,55.97,None,0.577,12.34,1918800000,None,210000000,210000000,-1003700000,-1961200000,401000000,None,-88100000,None,None,-11000000,927000000,1462000000,None,45565000000,45565000000,3550000000,None,None,686000000,None,None,1265000000,1599900000,1.34,0.0213,250000000,250000000,None,0.422,0.07,2035000000,3300000000,0.98,2011-01-31,11.82,2192000000,35370000000.0,14988000000,1525000000,567000000,2192000000,2192000000,None,510000000,None,4486000000,None,None,6678000000,None,None,1133000000,None,None,None,0.031,3365700000,12953000000,2035000000,596000000,2611000000,None,None,None,None,None,None,None,1.251,5.68,0.285,None,None,None,None,None,-545000000,None,0.0054,None,11365000000,2025-12-04,annual,1.05,USD,pre-market,None,4573000000,0.0519,0.08,0.007,220.48,11688000000,7232000000,554000000,488000000,67.96,65.27,7.1429,20482000000,6466000000,6715000000,16092000000,14016000000,9377000000,60553000000,4390000000,55.97,-3403000000,74.13,56.96
2025-12-28,KR,1.13,147225002000.0,55.97,None,0.577,12.34,2296500000,None,210000000,210000000,-434400000,-2326700000,161000000,None,-45300000,None,None,-21000000,927000000,1462000000,None,45565000000,45565000000,3550000000,None,None,686000000,None,None,1265000000,1524900000,1.34,0.0213,237600000,237600000,None,0.422,0.07,2035000000,3300000000,0.98,2010-01-31,11.82,2192000000,35370000000.0,14988000000,1525000000,567000000,2192000000,2192000000,None,510000000,None,4486000000,None,None,6678000000,None,None,56700000,None,None,None,0.031,2921800000,12953000000,2035000000,596000000,2611000000,None,None,None,None,None,None,None,1.251,5.68,0.285,None,None,None,None,None,-218000000,None,0.0054,None,11365000000,2025-12-04,annual,1.05,USD,pre-market,None,4573000000,0.0519,0.08,0.007,220.48,11688000000,7232000000,554000000,488000000,67.96,65.27,7.1429,20482000000,6466000000,6715000000,16092000000,14016000000,9377000000,60553000000,4390000000,55.97,-3403000000,74.13,56.96
2025-12-28,KR,1.13,147225002000.0,55.97,None,0.577,12.34,2149000000,None,210000000,210000000,-769000000,-2179000000,None,None,-193000000,None,None,None,927000000,1462000000,None,45565000000,45565000000,3550000000,None,None,686000000,None,None,1265000000,1442000000,1.34,0.0213,227000000,227000000,None,0.422,0.07,2035000000,3300000000,0.98,2009-01-31,11.82,2192000000,35370000000.0,14988000000,1525000000,567000000,2192000000,2192000000,None,510000000,None,4486000000,None,None,6678000000,None,None,1249000000,None,None,None,0.031,2896000000,12953000000,2035000000,596000000,2611000000,None,None,None,None,None,None,None,1.251,5.68,0.285,None,None,None,None,None,-637000000,None,0.0054,None,11365000000,2025-12-04,annual,1.05,USD,pre-market,None,4573000000,0.0519,0.08,0.007,220.48,11688000000,7232000000,554000000,488000000,67.96,65.27,7.1429,20482000000,6466000000,6715000000,16092000000,14016000000,9377000000,60553000000,4390000000,55.97,-3403000000,74.13,56.96
2025-12-28,KR,1.13,147225002000.0,55.97,None,0.577,12.34,2126000000,None,210000000,210000000,-310000000,-2218000000,None,None,-383000000,None,None,None,927000000,1462000000,None,45565000000,45565000000,3550000000,None,None,686000000,None,None,1265000000,1356000000,1.34,0.0213,202000000,202000000,None,0.422,0.07,2035000000,3300000000,0.98,2008-01-31,11.82,2192000000,35370000000.0,14988000000,1525000000,567000000,2192000000,2192000000,None,510000000,None,4486000000,None,None,6678000000,None,None,1224000000,None,None,None,0.031,2581000000,12953000000,2035000000,596000000,2611000000,None,None,None,None,None,None,None,1.251,5.68,0.285,None,None,None,None,None,-1421000000,None,0.0054,None,11365000000,2025-12-04,annual,1.05,USD,pre-market,None,4573000000,0.0519,0.08,0.007,220.48,11688000000,7232000000,554000000,488000000,67.96,65.27,7.1429,20482000000,6466000000,6715000000,16092000000,14016000000,9377000000,60553000000,4390000000,55.97,-3403000000,74.13,56.96
2025-12-28,KR,1.13,147225002000.0,55.97,None,0.577,12.34,1683000000,None,210000000,210000000,-785000000,-1587000000,None,None,-173000000,None,None,None,927000000,1462000000,None,45565000000,45565000000,3550000000,None,None,686000000,None,None,1265000000,1272000000,1.34,0.0213,140000000,140000000,None,0.422,0.07,2035000000,3300000000,0.98,2007-01-31,11.82,2192000000,35370000000.0,14988000000,1525000000,567000000,2192000000,2192000000,None,510000000,None,4486000000,None,None,6678000000,None,None,1115000000,None,None,None,0.031,2351000000,12953000000,2035000000,596000000,2611000000,None,None,None,None,None,None,None,1.251,5.68,0.285,None,None,None,None,None,-633000000,None,0.0054,None,11365000000,2025-12-04,annual,1.05,USD,pre-market,None,4573000000,0.0519,0.08,0.007,220.48,11688000000,7232000000,554000000,488000000,67.96,65.27,7.1429,20482000000,6466000000,6715000000,16092000000,14016000000,9377000000,60553000000,4390000000,55.97,-3403000000,74.13,56.96
2025-12-28,KR,1.13,147225002000.0,55.97,None,0.577,12.34,1306000000,None,210000000,210000000,-847000000,-1279000000,None,None,-157000000,None,None,None,927000000,1462000000,None,45565000000,45565000000,3550000000,None,None,686000000,None,None,1265000000,1265000000,1.34,0.0213,None,None,None,0.422,0.07,2035000000,3300000000,0.98,2006-01-31,11.82,2192000000,35370000000.0,14988000000,1525000000,567000000,2192000000,2192000000,None,510000000,None,4486000000,None,None,6678000000,None,None,958000000,None,None,None,0.031,2192000000,12953000000,2035000000,596000000,2611000000,None,None,None,None,None,None,None,1.251,5.68,0.285,None,None,None,None,None,-252000000,None,0.0054,None,11365000000,2025-12-04,annual,1.05,USD,pre-market,None,4573000000,0.0519,0.08,0.007,220.48,11688000000,7232000000,554000000,488000000,67.96,65.27,7.1429,20482000000,6466000000,6715000000,16092000000,14016000000,9377000000,60553000000,4390000000,55.97,-3403000000,74.13,56.96
