date,symbol,eps,revenue_ttm,pe_ratio,accumulateddepreciationamortizationppe,beta,book_value,capitalexpenditures,capitalleaseobligations,cashandcashequivalentsatcarryingvalue,cashandshortterminvestments,cashflowfromfinancing,cashflowfrominvestment,changeincashandcashequivalents,changeinexchangerate,changeininventory,changeinoperatingassets,changeinoperatingliabilities,changeinreceivables,commonstock,commonstocksharesoutstanding,comprehensiveincomenetoftax,costofgoodsandservicessold,costofrevenue,currentaccountspayable,currentdebt,currentlongtermdebt,currentnetreceivables,deferredrevenue,depreciation,depreciationandamortization,depreciationdepletionandamortization,dividend_per_share,dividend_yield,dividendpayout,dividendpayoutcommonstock,dividendpayoutpreferredstock,earnings_growth_yoy,earnings_surprise,ebit,ebitda,estimated_eps,fiscaldateending,forward_pe,goodwill,gross_profit_ttm,grossprofit,incomebeforetax,incometaxexpense,intangibleassets,intangibleassetsexcludinggoodwill,interestanddebtexpense,interestexpense,interestincome,inventory,investmentincomenet,investments,longtermdebt,longtermdebtnoncurrent,longterminvestments,netincome,netincomefromcontinuingoperations,netinterestincome,noninterestincome,operating_margin_ttm,operatingcashflow,operatingexpenses,operatingincome,othercurrentassets,othercurrentliabilities,othernoncurrentassets,othernoncurrentliabilities,othernonoperatingincome,paymentsforoperatingactivities,paymentsforrepurchaseofcommonstock,paymentsforrepurchaseofequity,paymentsforrepurchaseofpreferredstock,peg_ratio,price_to_book,price_to_sales_ttm,proceedsfromissuanceofcommonstock,proceedsfromissuanceoflongtermdebtandcapitalsecuritiesnet,proceedsfromissuanceofpreferredstock,proceedsfromoperatingactivities,proceedsfromrepaymentsofshorttermdebt,proceedsfromrepurchaseofequity,proceedsfromsaleoftreasurystock,profit_margin,profitloss,propertyplantequipment,report_date,report_type,reported_eps,reportedcurrency,reporttime,researchanddevelopment,retainedearnings,return_on_assets_ttm,return_on_equity_ttm,revenue_growth_yoy,revenue_per_share_ttm,sellinggeneralandadministrative,shortlongtermdebttotal,shorttermdebt,shortterminvestments,sma_200,sma_50,surprise_pct,totalassets,totalcurrentassets,totalcurrentliabilities,totalliabilities,totalnoncurrentassets,totalnoncurrentliabilities,totalrevenue,totalshareholderequity,trailing_pe,treasurystock,week_52_high,week_52_low
1996-03-31,LECO,,,,,,,,,,,,,,,,,,,,,,,,,,,,,,,,,,,,,,-0.01,,,0.2,,,,,,,,,,,,,,,,,,,,,,,,,,,,,,,,,,,,,,,,,,,,,,,,,1996-04-25,,0.19,,pre-market,,,,,,,,,,,,,-5.0,,,,,,,,,,,,
1996-06-30,LECO,,,,,,,,,,,,,,,,,,,,,,,,,,,,,,,,,,,,,,0.0,,,0.2,,,,,,,,,,,,,,,,,,,,,,,,,,,,,,,,,,,,,,,,,,,,,,,,,1996-07-25,,0.2,,pre-market,,,,,,,,,,,,,0.0,,,,,,,,,,,,
1996-09-30,LECO,,,,,,,,,,,,,,,,,,,,,,,,,,,,,,,,,,,,,,0.02,,,0.17,,,,,,,,,,,,,,,,,,,,,,,,,,,,,,,,,,,,,,,,,,,,,,,,,1996-10-24,,0.19,,pre-market,,,,,,,,,,,,,11.7647,,,,,,,,,,,,
1996-12-31,LECO,,,,,,,,,,,,,,,,,,,,,,,,,,,,,,,,,,,,,,0.02,,,0.16,,,,,,,,,,,,,,,,,,,,,,,,,,,,,,,,,,,,,,,,,,,,,,,,,1997-02-19,,0.18,,pre-market,,,,,,,,,,,,,12.5,,,,,,,,,,,,
1997-03-31,LECO,,,,,,,,,,,,,,,,,,,,,,,,,,,,,,,,,,,,,,0.0,,,0.21,,,,,,,,,,,,,,,,,,,,,,,,,,,,,,,,,,,,,,,,,,,,,,,,,1997-04-22,,0.21,,pre-market,,,,,,,,,,,,,0.0,,,,,,,,,,,,
1997-06-30,LECO,,,,,,,,,,,,,,,,,,,,,,,,,,,,,,,,,,,,,,0.01,,,0.22,,,,,,,,,,,,,,,,,,,,,,,,,,,,,,,,,,,,,,,,,,,,,,,,,1997-07-24,,0.23,,pre-market,,,,,,,,,,,,,4.5455,,,,,,,,,,,,
1997-09-30,LECO,,,,,,,,,,,,,,,,,,,,,,,,,,,,,,,,,,,,,,0.01,,,0.21,,,,,,,,,,,,,,,,,,,,,,,,,,,,,,,,,,,,,,,,,,,,,,,,,1997-10-23,,0.22,,pre-market,,,,,,,,,,,,,4.7619,,,,,,,,,,,,
1997-12-31,LECO,,,,,,,,,,,,,,,,,,,,,,,,,,,,,,,,,,,,,,0.01,,,0.2,,,,,,,,,,,,,,,,,,,,,,,,,,,,,,,,,,,,,,,,,,,,,,,,,1998-02-10,,0.21,,pre-market,,,,,,,,,,,,,5.0,,,,,,,,,,,,
1998-03-31,LECO,,,,,,,,,,,,,,,,,,,,,,,,,,,,,,,,,,,,,,0.0,,,0.24,,,,,,,,,,,,,,,,,,,,,,,,,,,,,,,,,,,,,,,,,,,,,,,,,1998-04-23,,0.24,,pre-market,,,,,,,,,,,,,0.0,,,,,,,,,,,,
1998-06-30,LECO,,,,,,,,,,,,,,,,,,,,,,,,,,,,,,,,,,,,,,0.0,,,0.26,,,,,,,,,,,,,,,,,,,,,,,,,,,,,,,,,,,,,,,,,,,,,,,,,1998-07-22,,0.26,,pre-market,,,,,,,,,,,,,0.0,,,,,,,,,,,,
1998-09-30,LECO,,,,,,,,,,,,,,,,,,,,,,,,,,,,,,,,,,,,,,0.0,,,0.24,,,,,,,,,,,,,,,,,,,,,,,,,,,,,,,,,,,,,,,,,,,,,,,,,1998-10-22,,0.24,,pre-market,,,,,,,,,,,,,0.0,,,,,,,,,,,,
1998-12-31,LECO,,,,,,,,,,,,,,,,,,,,,,,,,,,,,,,,,,,,,,0.0,,,0.22,,,,,,,,,,,,,,,,,,,,,,,,,,,,,,,,,,,,,,,,,,,,,,,,,1999-02-03,,0.22,,pre-market,,,,,,,,,,,,,0.0,,,,,,,,,,,,
1999-03-31,LECO,,,,,,,,,,,,,,,,,,,,,,,,,,,,,,,,,,,,,,0.0,,,0.26,,,,,,,,,,,,,,,,,,,,,,,,,,,,,,,,,,,,,,,,,,,,,,,,,1999-04-22,,0.26,,pre-market,,,,,,,,,,,,,0.0,,,,,,,,,,,,
1999-06-30,LECO,,,,,,,,,,,,,,,,,,,,,,,,,,,,,,,,,,,,,,-0.01,,,0.27,,,,,,,,,,,,,,,,,,,,,,,,,,,,,,,,,,,,,,,,,,,,,,,,,1999-07-22,,0.26,,pre-market,,,,,,,,,,,,,-3.7037,,,,,,,,,,,,
1999-09-30,LECO,,,,,,,,,,,,,,,,,,,,,,,,,,,,,,,,,,,,,,0.01,,,0.25,,,,,,,,,,,,,,,,,,,,,,,,,,,,,,,,,,,,,,,,,,,,,,,,,1999-10-21,,0.26,,pre-market,,,,,,,,,,,,,4.0,,,,,,,,,,,,
1999-12-31,LECO,,,,,,,,,,,,,,,,,,,,,,,,,,,,,,,,,,,,,,0.02,,,0.24,,,,,,,,,,,,,,,,,,,,,,,,,,,,,,,,,,,,,,,,,,,,,,,,,2000-02-03,,0.26,,pre-market,,,,,,,,,,,,,8.3333,,,,,,,,,,,,
2000-03-31,LECO,,,,,,,,,,,,,,,,,,,,,,,,,,,,,,,,,,,,,,0.0,,,0.28,,,,,,,,,,,,,,,,,,,,,,,,,,,,,,,,,,,,,,,,,,,,,,,,,2000-04-19,,0.28,,pre-market,,,,,,,,,,,,,0.0,,,,,,,,,,,,
2000-06-30,LECO,,,,,,,,,,,,,,,,,,,,,,,,,,,,,,,,,,,,,,-0.01,,,0.28,,,,,,,,,,,,,,,,,,,,,,,,,,,,,,,,,,,,,,,,,,,,,,,,,2000-07-19,,0.27,,pre-market,,,,,,,,,,,,,-3.5714,,,,,,,,,,,,
2000-09-30,LECO,,,,,,,,,,,,,,,,,,,,,,,,,,,,,,,,,,,,,,-0.03,,,0.25,,,,,,,,,,,,,,,,,,,,,,,,,,,,,,,,,,,,,,,,,,,,,,,,,2000-10-20,,0.22,,pre-market,,,,,,,,,,,,,-12.0,,,,,,,,,,,,
2000-12-31,LECO,,,,,,,,,,,,,,,,,,,,,,,,,,,,,,,,,,,,,,0.02,,,0.22,,,,,,,,,,,,,,,,,,,,,,,,,,,,,,,,,,,,,,,,,,,,,,,,,2001-02-08,,0.24,,pre-market,,,,,,,,,,,,,9.0909,,,,,,,,,,,,
2001-03-31,LECO,,,,,,,,,,,,,,,,,,,,,,,,,,,,,,,,,,,,,,0.02,,,0.24,,,,,,,,,,,,,,,,,,,,,,,,,,,,,,,,,,,,,,,,,,,,,,,,,2001-04-18,,0.26,,pre-market,,,,,,,,,,,,,8.3333,,,,,,,,,,,,
2001-06-30,LECO,,,,,,,,,,,,,,,,,,,,,,,,,,,,,,,,,,,,,,0.01,,,0.25,,,,,,,,,,,,,,,,,,,,,,,,,,,,,,,,,,,,,,,,,,,,,,,,,2001-07-18,,0.26,,pre-market,,,,,,,,,,,,,4.0,,,,,,,,,,,,
2001-09-30,LECO,,,,,,,,,,,,,,,,,,,,,,,,,,,,,,,,,,,,,,-0.01,,,0.24,,,,,,,,,,,,,,,,,,,,,,,,,,,,,,,,,,,,,,,,,,,,,,,,,2001-10-17,,0.23,,pre-market,,,,,,,,,,,,,-4.1667,,,,,,,,,,,,
2001-12-31,LECO,,,,,,,,,,,,,,,,,,,,,,,,,,,,,,,,,,,,,,0.01,,,0.22,,,,,,,,,,,,,,,,,,,,,,,,,,,,,,,,,,,,,,,,,,,,,,,,,2002-02-07,,0.23,,pre-market,,,,,,,,,,,,,4.5455,,,,,,,,,,,,
2002-03-31,LECO,,,,,,,,,,,,,,,,,,,,,,,,,,,,,,,,,,,,,,-0.01,,,0.22,,,,,,,,,,,,,,,,,,,,,,,,,,,,,,,,,,,,,,,,,,,,,,,,,2002-04-17,,0.21,,pre-market,,,,,,,,,,,,,-4.5455,,,,,,,,,,,,
2002-06-30,LECO,,,,,,,,,,,,,,,,,,,,,,,,,,,,,,,,,,,,,,0.0,,,0.23,,,,,,,,,,,,,,,,,,,,,,,,,,,,,,,,,,,,,,,,,,,,,,,,,2002-07-17,,0.23,,pre-market,,,,,,,,,,,,,0.0,,,,,,,,,,,,
2002-09-30,LECO,,,,,,,,,,,,,,,,,,,,,,,,,,,,,,,,,,,,,,-0.01,,,0.23,,,,,,,,,,,,,,,,,,,,,,,,,,,,,,,,,,,,,,,,,,,,,,,,,2002-10-18,,0.22,,pre-market,,,,,,,,,,,,,-4.3478,,,,,,,,,,,,
2002-12-31,LECO,,,,,,,,,,,,,,,,,,,,,,,,,,,,,,,,,,,,,,-0.01,,,0.23,,,,,,,,,,,,,,,,,,,,,,,,,,,,,,,,,,,,,,,,,,,,,,,,,2003-02-07,,0.22,,pre-market,,,,,,,,,,,,,-4.3478,,,,,,,,,,,,
2003-03-31,LECO,,,,,,,,,,,,,,,,,,,,,,,,,,,,,,,,,,,,,,-0.01,,,0.17,,,,,,,,,,,,,,,,,,,,,,,,,,,,,,,,,,,,,,,,,,,,,,,,,2003-04-16,,0.16,,pre-market,,,,,,,,,,,,,-5.8824,,,,,,,,,,,,
2003-06-30,LECO,,,,,,,,,,,,,,,,,,,,,,,,,,,,,,,,,,,,,,-0.01,,,0.18,,,,,,,,,,,,,,,,,,,,,,,,,,,,,,,,,,,,,,,,,,,,,,,,,2003-07-18,,0.17,,pre-market,,,,,,,,,,,,,-5.5556,,,,,,,,,,,,
2003-09-30,LECO,,,,,,,,,,,,,,,,,,,,,,,,,,,,,,,,,,,,,,0.0,,,0.17,,,,,,,,,,,,,,,,,,,,,,,,,,,,,,,,,,,,,,,,,,,,,,,,,2003-10-17,,0.17,,pre-market,,,,,,,,,,,,,0.0,,,,,,,,,,,,
2003-12-31,LECO,,,,,,,,,,,,,,,,,,,,,,,,,,,,,,,,,,,,,,-0.01,,,0.18,,,,,,,,,,,,,,,,,,,,,,,,,,,,,,,,,,,,,,,,,,,,,,,,,2004-02-13,,0.17,,pre-market,,,,,,,,,,,,,-5.5556,,,,,,,,,,,,
2004-03-31,LECO,,,,,,,,,,,,,,,,,,,,,,,,,,,,,,,,,,,,,,0.02,,,0.21,,,,,,,,,,,,,,,,,,,,,,,,,,,,,,,,,,,,,,,,,,,,,,,,,2004-04-15,,0.23,,pre-market,,,,,,,,,,,,,9.5238,,,,,,,,,,,,
2004-06-30,LECO,,,,,,,,,,,,,,,,,,,,,,,,,,,,,,,,,,,,,,0.02,,,0.26,,,,,,,,,,,,,,,,,,,,,,,,,,,,,,,,,,,,,,,,,,,,,,,,,2004-07-20,,0.28,,pre-market,,,,,,,,,,,,,7.6923,,,,,,,,,,,,
2004-09-30,LECO,,,,,,,,,,,,,,,,,,,,,,,,,,,,,,,,,,,,,,0.01,,,0.27,,,,,,,,,,,,,,,,,,,,,,,,,,,,,,,,,,,,,,,,,,,,,,,,,2004-10-27,,0.28,,pre-market,,,,,,,,,,,,,3.7037,,,,,,,,,,,,
2004-12-31,LECO,,,,,,,,,,,,,,,,,,,,,,,,,,,,,,,,,,,,,,-0.02,,,0.27,,,,,,,,,,,,,,,,,,,,,,,,,,,,,,,,,,,,,,,,,,,,,,,,,2005-02-17,,0.25,,pre-market,,,,,,,,,,,,,-7.4074,,,,,,,,,,,,
2005-03-31,LECO,,,,,,,,,,,,,,,,,,,,,,,,,,,,,,,,,,,,,,0.02,,,0.26,,,,,,,,,,,,,,,,,,,,,,,,,,,,,,,,,,,,,,,,,,,,,,,,,2005-04-29,,0.28,,pre-market,,,,,,,,,,,,,7.6923,,,,,,,,,,,,
2005-06-30,LECO,,,,,,,,,,,,,,,,,,,,,,,,,,,,,,,,,,,,,,0.04,,,0.32,,,,,,,,,,,,,,,,,,,,,,,,,,,,,,,,,,,,,,,,,,,,,,,,,2005-07-28,,0.36,,pre-market,,,,,,,,,,,,,12.5,,,,,,,,,,,,
2005-09-30,LECO,,,,,,,,,,,,,,,,,,,,,,,,,,,,,,,,,,,,,,0.04,,,0.32,,,,,,,,,,,,,,,,,,,,,,,,,,,,,,,,,,,,,,,,,,,,,,,,,2005-10-31,,0.36,,pre-market,,,,,,,,,,,,,12.5,,,,,,,,,,,,
2005-12-31,LECO,,,,,,,,,,,,,,,,,,,,,,,,,,,,,,,,,,,,,,0.03,,,0.32,,,,,,,,,,,,,,,,,,,,,,,,,,,,,,,,,,,,,,,,,,,,,,,,,2006-02-21,,0.35,,pre-market,,,,,,,,,,,,,9.375,,,,,,,,,,,,
2006-03-31,LECO,,,,,,,,,,,,,,,,,,,,,,,,,,,,,,,,,,,,,,0.08,,,0.36,,,,,,,,,,,,,,,,,,,,,,,,,,,,,,,,,,,,,,,,,,,,,,,,,2006-04-26,,0.44,,pre-market,,,,,,,,,,,,,22.2222,,,,,,,,,,,,
2006-06-30,LECO,,,,,,,,,,,,,,,,,,,,,,,,,,,,,,,,,,,,,,0.04,,,0.47,,,,,,,,,,,,,,,,,,,,,,,,,,,,,,,,,,,,,,,,,,,,,,,,,2006-07-25,,0.51,,pre-market,,,,,,,,,,,,,8.5106,,,,,,,,,,,,
2006-09-30,LECO,,,,,,,,,,,,,,,,,,,,,,,,,,,,,,,,,,,,,,0.05,,,0.47,,,,,,,,,,,,,,,,,,,,,,,,,,,,,,,,,,,,,,,,,,,,,,,,,2006-10-25,,0.52,,pre-market,,,,,,,,,,,,,10.6383,,,,,,,,,,,,
2006-12-31,LECO,,,,,,,,,,,,,,,,,,,,,,,,,,,,,,,,,,,,,,0.04,,,0.48,,,,,,,,,,,,,,,,,,,,,,,,,,,,,,,,,,,,,,,,,,,,,,,,,2007-02-22,,0.52,,pre-market,,,,,,,,,,,,,8.3333,,,,,,,,,,,,
2007-03-31,LECO,,,,,,,,,,,,,,,,,,,,,,,,,,,,,,,,,,,,,,0.04,,,0.52,,,,,,,,,,,,,,,,,,,,,,,,,,,,,,,,,,,,,,,,,,,,,,,,,2007-04-26,,0.56,,pre-market,,,,,,,,,,,,,7.6923,,,,,,,,,,,,
2007-06-30,LECO,,,,,,,,,,,,,,,,,,,,,,,,,,,,,,,,,,,,,,0.03,,,0.61,,,,,,,,,,,,,,,,,,,,,,,,,,,,,,,,,,,,,,,,,,,,,,,,,2007-07-26,,0.64,,pre-market,,,,,,,,,,,,,4.918,,,,,,,,,,,,
2007-09-30,LECO,,,,,,,,,,,,,,,,,,,,,,,,,,,,,,,,,,,,,,-0.03,,,0.6,,,,,,,,,,,,,,,,,,,,,,,,,,,,,,,,,,,,,,,,,,,,,,,,,2007-10-25,,0.57,,pre-market,,,,,,,,,,,,,-5.0,,,,,,,,,,,,
2007-12-31,LECO,,,,,,,,,,,,,,,,,,,,,,,,,,,,,,,,,,,,,,0.02,,,0.54,,,,,,,,,,,,,,,,,,,,,,,,,,,,,,,,,,,,,,,,,,,,,,,,,2008-02-22,,0.56,,pre-market,,,,,,,,,,,,,3.7037,,,,,,,,,,,,
2008-03-31,LECO,,,,,,,,,,,,,,,,,,,,,,,,,,,,,,,,,,,,,,0.01,,,0.61,,,,,,,,,,,,,,,,,,,,,,,,,,,,,,,,,,,,,,,,,,,,,,,,,2008-04-23,,0.62,,pre-market,,,,,,,,,,,,,1.6393,,,,,,,,,,,,
2008-06-30,LECO,,,,,,,,,,,,,,,,,,,,,,,,,,,,,,,,,,,,,,0.12,,,0.69,,,,,,,,,,,,,,,,,,,,,,,,,,,,,,,,,,,,,,,,,,,,,,,,,2008-07-23,,0.81,,pre-market,,,,,,,,,,,,,17.3913,,,,,,,,,,,,
2008-09-30,LECO,,,,,,,,,,,,,,,,,,,,,,,,,,,,,,,,,,,,,,0.13,,,0.67,,,,,,,,,,,,,,,,,,,,,,,,,,,,,,,,,,,,,,,,,,,,,,,,,2008-10-22,,0.8,,pre-market,,,,,,,,,,,,,19.403,,,,,,,,,,,,
2008-12-31,LECO,,,,,,,,,,,,,,,,,,,,,,,,,,,,,,,,,,,,,,0.0,,,0.44,,,,,,,,,,,,,,,,,,,,,,,,,,,,,,,,,,,,,,,,,,,,,,,,,2009-02-23,,0.44,,pre-market,,,,,,,,,,,,,0.0,,,,,,,,,,,,
2009-03-31,LECO,,,,,,,,,,,,,,,,,,,,,,,,,,,,,,,,,,,,,,-0.06,,,0.11,,,,,,,,,,,,,,,,,,,,,,,,,,,,,,,,,,,,,,,,,,,,,,,,,2009-04-28,,0.05,,pre-market,,,,,,,,,,,,,-54.5455,,,,,,,,,,,,
2009-06-30,LECO,,,,,,,,,,,,,,,,,,,,,,,,,,,,,,,,,,,,,,0.05,,,0.12,,,,,,,,,,,,,,,,,,,,,,,,,,,,,,,,,,,,,,,,,,,,,,,,,2009-07-28,,0.17,,pre-market,,,,,,,,,,,,,41.6667,,,,,,,,,,,,
2009-09-30,LECO,,,,,,,,,,,,,,,,,,,,,,,,,,,,,,,,,,,,,,0.12,,,0.2,,,,,,,,,,,,,,,,,,,,,,,,,,,,,,,,,,,,,,,,,,,,,,,,,2009-10-30,,0.32,,pre-market,,,,,,,,,,,,,60.0,,,,,,,,,,,,
2009-12-31,LECO,,,,,,,,,,,,,,,,,,,,,,,,,,,,,,,,,,,,,,0.02,,,0.31,,,,,,,,,,,,,,,,,,,,,,,,,,,,,,,,,,,,,,,,,,,,,,,,,2010-02-22,,0.33,,pre-market,,,,,,,,,,,,,6.4516,,,,,,,,,,,,
2010-03-31,LECO,,,,,,,,,,,,,,,,,,,,,,,,,,,,,,,,,,,,,,0.01,,,0.28,,,,,,,,,,,,,,,,,,,,,,,,,,,,,,,,,,,,,,,,,,,,,,,,,2010-04-27,,0.29,,pre-market,,,,,,,,,,,,,3.5714,,,,,,,,,,,,
2010-06-30,LECO,,,,,,,,,,,,,,,,,,,,,,,,,,,,,,,,,,,,,,0.05,,,0.34,,,,,,,,,,,,,,,,,,,,,,,,,,,,,,,,,,,,,,,,,,,,,,,,,2010-07-27,,0.39,,pre-market,,,,,,,,,,,,,14.7059,,,,,,,,,,,,
2010-09-30,LECO,,,,,,,,,,,,,,,,,,,,,,,,,,,,,,,,,,,,,,0.01,,,0.39,,,,,,,,,,,,,,,,,,,,,,,,,,,,,,,,,,,,,,,,,,,,,,,,,2010-10-27,,0.4,,pre-market,,,,,,,,,,,,,2.5641,,,,,,,,,,,,
2010-12-31,LECO,,,,,,,,,,,,,,,,,,,,,,,,,,,,,,,,,,,,,,0.04,,,0.41,,,,,,,,,,,,,,,,,,,,,,,,,,,,,,,,,,,,,,,,,,,,,,,,,2011-02-18,,0.45,,pre-market,,,,,,,,,,,,,9.7561,,,,,,,,,,,,
2011-03-31,LECO,,,,,,,,,,,,,,,,,,,,,,,,,,,,,,,,,,,,,,0.06,,,0.44,,,,,,,,,,,,,,,,,,,,,,,,,,,,,,,,,,,,,,,,,,,,,,,,,2011-04-26,,0.5,,pre-market,,,,,,,,,,,,,13.6364,,,,,,,,,,,,
2011-06-30,LECO,,,,,,,,,,,,,,,,,,,,,,,,,,,,,,,,,,,,,,0.13,,,0.55,,,,,,,,,,,,,,,,,,,,,,,,,,,,,,,,,,,,,,,,,,,,,,,,,2011-07-21,,0.68,,pre-market,,,,,,,,,,,,,23.6364,,,,,,,,,,,,
2011-09-30,LECO,,,,,,,,,,,,,,,,,,,,,,,,,,,,,,,,,,,,,,0.05,,,0.61,,,,,,,,,,,,,,,,,,,,,,,,,,,,,,,,,,,,,,,,,,,,,,,,,2011-10-27,,0.66,,pre-market,,,,,,,,,,,,,8.1967,,,,,,,,,,,,
2011-12-31,LECO,,,,,,,,,,,,,,,,,,,,,,,,,,,,,,,,,,,,,,0.05,,,0.63,,,,,,,,,,,,,,,,,,,,,,,,,,,,,,,,,,,,,,,,,,,,,,,,,2012-02-17,,0.68,,pre-market,,,,,,,,,,,,,7.9365,,,,,,,,,,,,
2012-03-31,LECO,,,,,,,,,,,,,,,,,,,,,,,,,,,,,,,,,,,,,,0.1,,,0.66,,,,,,,,,,,,,,,,,,,,,,,,,,,,,,,,,,,,,,,,,,,,,,,,,2012-04-24,,0.76,,pre-market,,,,,,,,,,,,,15.1515,,,,,,,,,,,,
2012-06-30,LECO,,,,,,,,,,,,,,,,,,,,,,,,,,,,,,,,,,,,,,-0.03,,,0.84,,,,,,,,,,,,,,,,,,,,,,,,,,,,,,,,,,,,,,,,,,,,,,,,,2012-07-30,,0.81,,pre-market,,,,,,,,,,,,,-3.5714,,,,,,,,,,,,
2012-09-30,LECO,,,,,,,,,,,,,,,,,,,,,,,,,,,,,,,,,,,,,,0.08,,,0.72,,,,,,,,,,,,,,,,,,,,,,,,,,,,,,,,,,,,,,,,,,,,,,,,,2012-10-31,,0.8,,pre-market,,,,,,,,,,,,,11.1111,,,,,,,,,,,,
2012-12-31,LECO,,,,,,,,,,,,,,,,,,,,,,,,,,,,,,,,,,,,,,0.06,,,0.73,,,,,,,,,,,,,,,,,,,,,,,,,,,,,,,,,,,,,,,,,,,,,,,,,2013-02-15,,0.79,,pre-market,,,,,,,,,,,,,8.2192,,,,,,,,,,,,
2013-03-31,LECO,,,,,,,,,,,,,,,,,,,,,,,,,,,,,,,,,,,,,,0.13,,,0.79,,,,,,,,,,,,,,,,,,,,,,,,,,,,,,,,,,,,,,,,,,,,,,,,,2013-04-23,,0.92,,pre-market,,,,,,,,,,,,,16.4557,,,,,,,,,,,,
2013-06-30,LECO,,,,,,,,,,,,,,,,,,,,,,,,,,,,,,,,,,,,,,0.03,,,0.88,,,,,,,,,,,,,,,,,,,,,,,,,,,,,,,,,,,,,,,,,,,,,,,,,2013-07-29,,0.91,,pre-market,,,,,,,,,,,,,3.4091,,,,,,,,,,,,
2013-09-30,LECO,,,,,,,,,,,,,,,,,,,,,,,,,,,,,,,,,,,,,,0.02,,,0.84,,,,,,,,,,,,,,,,,,,,,,,,,,,,,,,,,,,,,,,,,,,,,,,,,2013-10-31,,0.86,,pre-market,,,,,,,,,,,,,2.381,,,,,,,,,,,,
2013-12-31,LECO,,,,,,,,,,,,,,,,,,,,,,,,,,,,,,,,,,,,,,0.23,,,0.86,,,,,,,,,,,,,,,,,,,,,,,,,,,,,,,,,,,,,,,,,,,,,,,,,2014-02-14,,1.09,,pre-market,,,,,,,,,,,,,26.7442,,,,,,,,,,,,
2014-03-31,LECO,,,,,,,,,,,,,,,,,,,,,,,,,,,,,,,,,,,,,,0.01,,,0.9,,,,,,,,,,,,,,,,,,,,,,,,,,,,,,,,,,,,,,,,,,,,,,,,,2014-04-23,,0.91,,pre-market,,,,,,,,,,,,,1.1111,,,,,,,,,,,,
2014-06-30,LECO,,,,,,,,,,,,,,,,,,,,,,,,,,,,,,,,,,,,,,0.09,,,0.92,,,,,,,,,,,,,,,,,,,,,,,,,,,,,,,,,,,,,,,,,,,,,,,,,2014-07-27,,1.01,,pre-market,,,,,,,,,,,,,9.7826,,,,,,,,,,,,
2014-09-30,LECO,,,,,,,,,,,,,,,,,,,,,,,,,,,,,,,,,,,,,,0.04,,,0.9,,,,,,,,,,,,,,,,,,,,,,,,,,,,,,,,,,,,,,,,,,,,,,,,,2014-10-30,,0.94,,pre-market,,,,,,,,,,,,,4.4444,,,,,,,,,,,,
2014-12-31,LECO,,,,,,,,,,,,,,,,,,,,,,,,,,,,,,,,,,,,,,0.05,,,0.91,,,,,,,,,,,,,,,,,,,,,,,,,,,,,,,,,,,,,,,,,,,,,,,,,2015-02-17,,0.96,,pre-market,,,,,,,,,,,,,5.4945,,,,,,,,,,,,
2015-03-31,LECO,,,,,,,,,,,,,,,,,,,,,,,,,,,,,,,,,,,,,,0.05,,,0.84,,,,,,,,,,,,,,,,,,,,,,,,,,,,,,,,,,,,,,,,,,,,,,,,,2015-04-21,,0.89,,pre-market,,,,,,,,,,,,,5.9524,,,,,,,,,,,,
2015-06-30,LECO,,,,,,,,,,,,,,,,,,,,,,,,,,,,,,,,,,,,,,0.04,,,0.91,,,,,,,,,,,,,,,,,,,,,,,,,,,,,,,,,,,,,,,,,,,,,,,,,2015-07-27,,0.95,,pre-market,,,,,,,,,,,,,4.3956,,,,,,,,,,,,
2015-09-30,LECO,,,,,,,,,,,,,,,,,,,,,,,,,,,,,,,,,,,,,,0.01,,,0.88,,,,,,,,,,,,,,,,,,,,,,,,,,,,,,,,,,,,,,,,,,,,,,,,,2015-10-30,,0.89,,pre-market,,,,,,,,,,,,,1.1364,,,,,,,,,,,,
2015-12-31,LECO,,,,,,,,,,,,,,,,,,,,,,,,,,,,,,,,,,,,,,-0.03,,,0.78,,,,,,,,,,,,,,,,,,,,,,,,,,,,,,,,,,,,,,,,,,,,,,,,,2016-02-23,,0.75,,pre-market,,,,,,,,,,,,,-3.8462,,,,,,,,,,,,
2016-03-31,LECO,,,,,,,,,,,,,,,,,,,,,,,,,,,,,,,,,,,,,,0.08,,,0.68,,,,,,,,,,,,,,,,,,,,,,,,,,,,,,,,,,,,,,,,,,,,,,,,,2016-04-19,,0.76,,pre-market,,,,,,,,,,,,,11.7647,,,,,,,,,,,,
2016-06-30,LECO,,,,,,,,,,,,,,,,,,,,,,,,,,,,,,,,,,,,,,0.0,,,0.83,,,,,,,,,,,,,,,,,,,,,,,,,,,,,,,,,,,,,,,,,,,,,,,,,2016-07-25,,0.83,,pre-market,,,,,,,,,,,,,0.0,,,,,,,,,,,,
2016-09-30,LECO,,,,,,,,,,,,,,,,,,,,,,,,,,,,,,,,,,,,,,0.01,,,0.82,,,,,,,,,,,,,,,,,,,,,,,,,,,,,,,,,,,,,,,,,,,,,,,,,2016-10-21,,0.83,,pre-market,,,,,,,,,,,,,1.2195,,,,,,,,,,,,
2016-12-31,LECO,,,,,,,,,,,,,,,,,,,,,,,,,,,,,,,,,,,,,,0.0,,,0.81,,,,,,,,,,,,,,,,,,,,,,,,,,,,,,,,,,,,,,,,,,,,,,,,,2017-02-14,,0.81,,post-market,,,,,,,,,,,,,0.0,,,,,,,,,,,,
2017-03-31,LECO,,,,,,,,,,,,,,,,,,,,,,,,,,,,,,,,,,,,,,0.09,,,0.79,,,,,,,,,,,,,,,,,,,,,,,,,,,,,,,,,,,,,,,,,,,,,,,,,2017-04-18,,0.88,,pre-market,,,,,,,,,,,,,11.3924,,,,,,,,,,,,
2017-06-30,LECO,,,,,,,,,,,,,,,,,,,,,,,,,,,,,,,,,,,,,,0.04,,,0.93,,,,,,,,,,,,,,,,,,,,,,,,,,,,,,,,,,,,,,,,,,,,,,,,,2017-07-25,,0.97,,pre-market,,,,,,,,,,,,,4.3011,,,,,,,,,,,,
2017-09-30,LECO,,,,,,,,,,,,,,,,,,,,,,,,,,,,,,,,,,,,,,-0.01,,,0.94,,,,,,,,,,,,,,,,,,,,,,,,,,,,,,,,,,,,,,,,,,,,,,,,,2017-10-27,,0.93,,pre-market,,,,,,,,,,,,,-1.0638,,,,,,,,,,,,
2017-12-31,LECO,,,,,,,,,,,,,,,,,,,,,,,,,,,,,,,,,,,,,,0.05,,,0.96,,,,,,,,,,,,,,,,,,,,,,,,,,,,,,,,,,,,,,,,,,,,,,,,,2018-02-14,,1.01,,pre-market,,,,,,,,,,,,,5.2083,,,,,,,,,,,,
2018-03-31,LECO,,,,,,,,,,,,,,,,,,,,,,,,,,,,,,,,,,,,,,0.01,,,1.09,,,,,,,,,,,,,,,,,,,,,,,,,,,,,,,,,,,,,,,,,,,,,,,,,2018-04-23,,1.1,,pre-market,,,,,,,,,,,,,0.9174,,,,,,,,,,,,
2018-06-30,LECO,,,,,,,,,,,,,,,,,,,,,,,,,,,,,,,,,,,,,,0.0,,,1.22,,,,,,,,,,,,,,,,,,,,,,,,,,,,,,,,,,,,,,,,,,,,,,,,,2018-07-23,,1.22,,pre-market,,,,,,,,,,,,,0.0,,,,,,,,,,,,
2018-09-30,LECO,,,,,,,,,,,,,,,,,,,,,,,,,,,,,,,,,,,,,,0.0,,,1.21,,,,,,,,,,,,,,,,,,,,,,,,,,,,,,,,,,,,,,,,,,,,,,,,,2018-10-25,,1.21,,pre-market,,,,,,,,,,,,,0.0,,,,,,,,,,,,
2018-12-31,LECO,,,,,,,,,,,,,,,,,,,,,,,,,,,,,,,,,,,,,,0.09,,,1.2,,,,,,,,,,,,,,,,,,,,,,,,,,,,,,,,,,,,,,,,,,,,,,,,,2019-02-14,,1.29,,pre-market,,,,,,,,,,,,,7.5,,,,,,,,,,,,
2019-03-31,LECO,,,,,,,,,,,,,,,,,,,,,,,,,,,,,,,,,,,,,,-0.05,,,1.22,,,,,,,,,,,,,,,,,,,,,,,,,,,,,,,,,,,,,,,,,,,,,,,,,2019-04-22,,1.17,,pre-market,,,,,,,,,,,,,-4.0984,,,,,,,,,,,,
2019-06-30,LECO,,,,,,,,,,,,,,,,,,,,,,,,,,,,,,,,,,,,,,0.0,,,1.28,,,,,,,,,,,,,,,,,,,,,,,,,,,,,,,,,,,,,,,,,,,,,,,,,2019-07-23,,1.28,,pre-market,,,,,,,,,,,,,0.0,,,,,,,,,,,,
2019-09-30,LECO,,,,,,,,,,,,,,,,,,,,,,,,,,,,,,,,,,,,,,-0.15,,,1.24,,,,,,,,,,,,,,,,,,,,,,,,,,,,,,,,,,,,,,,,,,,,,,,,,2019-10-30,,1.09,,pre-market,,,,,,,,,,,,,-12.0968,,,,,,,,,,,,
2019-12-31,LECO,,,,,,,,,,,,,,,,,,,,,,,,,,,,,,,,,,,,,,0.02,,,1.13,,,,,,,,,,,,,,,,,,,,,,,,,,,,,,,,,,,,,,,,,,,,,,,,,2020-02-13,,1.15,,pre-market,,,,,,,,,,,,,1.7699,,,,,,,,,,,,
2020-03-31,LECO,,,,,,,,,,,,,,,,,,,,,,,,,,,,,,,,,,,,,,0.0,,,1.0,,,,,,,,,,,,,,,,,,,,,,,,,,,,,,,,,,,,,,,,,,,,,,,,,2020-04-27,,1.0,,pre-market,,,,,,,,,,,,,0.0,,,,,,,,,,,,
2020-06-30,LECO,,,,,,,,,,,,,,,,,,,,,,,,,,,,,,,,,,,,,,0.44,,,0.36,,,,,,,,,,,,,,,,,,,,,,,,,,,,,,,,,,,,,,,,,,,,,,,,,2020-07-27,,0.8,,pre-market,,,,,,,,,,,,,122.2222,,,,,,,,,,,,
2020-09-30,LECO,,,,,,,,,,,,,,,,,,,,,,,,,,,,,,,,,,,,,,0.31,,,0.79,,,,,,,,,,,,,,,,,,,,,,,,,,,,,,,,,,,,,,,,,,,,,,,,,2020-10-27,,1.1,,pre-market,,,,,,,,,,,,,39.2405,,,,,,,,,,,,
2020-12-31,LECO,,,,,,,,,,,,,,,,,,,,,,,,,,,,,,,,,,,,,,0.18,,,1.06,,,,,,,,,,,,,,,,,,,,,,,,,,,,,,,,,,,,,,,,,,,,,,,,,2021-02-12,,1.24,,pre-market,,,,,,,,,,,,,16.9811,,,,,,,,,,,,
2021-03-31,LECO,,,,,,,,,,,,,,,,,,,,,,,,,,,,,,,,,,,,,,0.17,,,1.2,,,,,,,,,,,,,,,,,,,,,,,,,,,,,,,,,,,,,,,,,,,,,,,,,2021-04-27,,1.37,,pre-market,,,,,,,,,,,,,14.1667,,,,,,,,,,,,
2021-06-30,LECO,,,,,,,,,,,,,,,,,,,,,,,,,,,,,,,,,,,,,,0.19,,,1.48,,,,,,,,,,,,,,,,,,,,,,,,,,,,,,,,,,,,,,,,,,,,,,,,,2021-07-27,,1.67,,pre-market,,,,,,,,,,,,,12.8378,,,,,,,,,,,,
2021-09-30,LECO,,,,,,,,,,,,,,,,,,,,,,,,,,,,,,,,,,,,,,0.04,,,1.52,,,,,,,,,,,,,,,,,,,,,,,,,,,,,,,,,,,,,,,,,,,,,,,,,2021-10-28,,1.56,,pre-market,,,,,,,,,,,,,2.6316,,,,,,,,,,,,
2021-12-31,LECO,,,,,,,,,,,,,,,,,,,,,,,,,,,,,,,,,,,,,,0.04,,,1.57,,,,,,,,,,,,,,,,,,,,,,,,,,,,,,,,,,,,,,,,,,,,,,,,,2022-02-10,,1.61,,pre-market,,,,,,,,,,,,,2.5478,,,,,,,,,,,,
2022-03-31,LECO,,,,,,,,,,,,,,,,,,,,,,,,,,,,,,,,,,,,,,0.43,,,1.67,,,,,,,,,,,,,,,,,,,,,,,,,,,,,,,,,,,,,,,,,,,,,,,,,2022-04-28,,2.1,,pre-market,,,,,,,,,,,,,25.7485,,,,,,,,,,,,
2022-06-30,LECO,,,,,,,,,,,,,,,,,,,,,,,,,,,,,,,,,,,,,,0.21,,,1.97,,,,,,,,,,,,,,,,,,,,,,,,,,,,,,,,,,,,,,,,,,,,,,,,,2022-07-28,,2.18,,pre-market,,,,,,,,,,,,,10.6599,,,,,,,,,,,,
2022-09-30,LECO,,,,,,,,,,,,,,,,,,,,,,,,,,,,,,,,,,,,,,0.09,,,1.95,,,,,,,,,,,,,,,,,,,,,,,,,,,,,,,,,,,,,,,,,,,,,,,,,2022-10-27,,2.04,,pre-market,,,,,,,,,,,,,4.6154,,,,,,,,,,,,
2022-12-31,LECO,,,,,,,,,,,,,,,,,,,,,,,,,,,,,,,,,,,,,,0.04,,,1.9,,,,,,,,,,,,,,,,,,,,,,,,,,,,,,,,,,,,,,,,,,,,,,,,,2023-02-21,,1.94,,pre-market,,,,,,,,,,,,,2.1053,,,,,,,,,,,,
2023-03-31,LECO,,,,,,,,,,,,,,,,,,,,,,,,,,,,,,,,,,,,,,0.07,,,2.06,,,,,,,,,,,,,,,,,,,,,,,,,,,,,,,,,,,,,,,,,,,,,,,,,2023-04-27,,2.13,,pre-market,,,,,,,,,,,,,3.3981,,,,,,,,,,,,
2023-06-30,LECO,,,,,,,,,,,,,,,,,,,,,,,,,,,,,,,,,,,,,,0.12,,,2.32,,,,,,,,,,,,,,,,,,,,,,,,,,,,,,,,,,,,,,,,,,,,,,,,,2023-07-27,,2.44,,pre-market,,,,,,,,,,,,,5.1724,,,,,,,,,,,,
2023-09-30,LECO,,,,,,,,,,,,,,,,,,,,,,,,,,,,,,,,,,,,,,0.15,,,2.25,,,,,,,,,,,,,,,,,,,,,,,,,,,,,,,,,,,,,,,,,,,,,,,,,2023-10-27,,2.4,,pre-market,,,,,,,,,,,,,6.6667,,,,,,,,,,,,
2023-12-31,LECO,,,,,,,,,,,,,,,,,,,,,,,,,,,,,,,,,,,,,,0.27,,,2.18,,,,,,,,,,,,,,,,,,,,,,,,,,,,,,,,,,,,,,,,,,,,,,,,,2024-02-15,,2.45,,pre-market,,,,,,,,,,,,,12.3853,,,,,,,,,,,,
2024-03-31,LECO,,,,,,,,,,,,,,,,,,,,,,,,,,,,,,,,,,,,,,0.06,,,2.17,,,,,,,,,,,,,,,,,,,,,,,,,,,,,,,,,,,,,,,,,,,,,,,,,2024-04-25,,2.23,,pre-market,,,,,,,,,,,,,2.765,,,,,,,,,,,,
2024-06-30,LECO,,,,,,,,,,,,,,,,,,,,,,,,,,,,,,,,,,,,,,0.05,,,2.29,,,,,,,,,,,,,,,,,,,,,,,,,,,,,,,,,,,,,,,,,,,,,,,,,2024-07-31,,2.34,,pre-market,,,,,,,,,,,,,2.1834,,,,,,,,,,,,
2024-09-30,LECO,,,,,,,,,,,,,,,,,,,,,,,,,,,,,,,,,,,,,,0.06,,,2.08,,,,,,,,,,,,,,,,,,,,,,,,,,,,,,,,,,,,,,,,,,,,,,,,,2024-10-31,,2.14,,pre-market,,,,,,,,,,,,,2.8846,,,,,,,,,,,,
2024-12-31,LECO,,,,,,,,,,,,,,,,,,,,,,,,,,,,,,,,,,,,,,0.5755,,,1.9945,,,,,,,,,,,,,,,,,,,,,,,,,,,,,,,,,,,,,,,,,,,,,,,,,2025-02-13,,2.57,,pre-market,,,,,,,,,,,,,28.8543,,,,,,,,,,,,
2025-03-31,LECO,,,,,,,,,,,,,,,,,,,,,,,,,,,,,,,,,,,,,,-0.0705,,,2.2305,,,,,,,,,,,,,,,,,,,,,,,,,,,,,,,,,,,,,,,,,,,,,,,,,2025-04-23,,2.16,,pre-market,,,,,,,,,,,,,-3.1607,,,,,,,,,,,,
2025-06-30,LECO,,,,,,,,,,,,,,,,,,,,,,,,,,,,,,,,,,,,,,0.3,,,2.3,,,,,,,,,,,,,,,,,,,,,,,,,,,,,,,,,,,,,,,,,,,,,,,,,2025-07-29,,2.6,,pre-market,,,,,,,,,,,,,13.0435,,,,,,,,,,,,
2025-09-30,LECO,,,,,,,,,,,,,,,,,,,,,,,,,,,,,,,,,,,,,,0.05,,,2.42,,,,,,,,,,,,,,,,,,,,,,,,,,,,,,,,,,,,,,,,,,,,,,,,,2025-10-30,,2.47,,pre-market,,,,,,,,,,,,,2.0661,,,,,,,,,,,,
2025-12-28,LECO,9.34,4176319000.0,26.39,,1.257,25.71,,,,,,,,,,,,,,,,,,,,,,,,,,3.0,0.0122,,,,0.249,0.05,,,2.42,,22.83,,1531962000.0,,,,,,,,,,,,,,,,,,,0.174,,,,,,,,,,,,,1.591,9.54,3.257,,,,,,,,0.126,,,2025-10-30,,2.47,,pre-market,,,0.12,0.381,0.079,74.91,,,,,218.61,236.72,2.0661,,,,,,,,,26.39,,252.0,160.02
2025-12-28,LECO,9.34,4176319000.0,26.39,,1.257,25.71,,,,,,,,,,,,,,,None,671916000,671916000,,,,,,None,24744000,,3.0,0.0122,,,,0.249,0.05,179643000,204387000,2.42,2025-09-30,22.83,,1531962000.0,389311000,165995000,43367000,,,None,13648000,None,,None,,,,,122628000,122628000,-13648000,None,0.174,,212654000,176657000,,,,,None,,,,,1.591,9.54,3.257,,,,,,,,0.126,,,2025-10-30,quarterly,2.47,USD,pre-market,None,,0.12,0.381,0.079,74.91,206823000,,,,218.61,236.72,2.0661,,,,,,,1061227000,,26.39,,252.0,160.02
2025-12-28,LECO,9.34,4176319000.0,26.39,,1.257,25.71,,,,,,,,,,,,,,,None,683126000,683126000,,,,,,None,24462000,,3.0,0.0122,,,,0.249,0.05,181490000,205952000,2.42,2025-06-30,22.83,,1531962000.0,405547000,183559000,40163000,,,None,14970000,None,,None,,,,,143396000,143396000,-12619000,None,0.174,,213403000,192144000,,,,,None,,,,,1.591,9.54,3.257,,,,,,,,0.126,,,2025-10-30,quarterly,2.47,USD,pre-market,None,,0.12,0.381,0.079,74.91,210861000,,,,218.61,236.72,2.0661,,,,,,,1088673000,,26.39,,252.0,160.02
2025-12-28,LECO,9.34,4176319000.0,26.39,,1.257,25.71,,,,,,,,,,,,,,,None,639080000,639080000,,,,,,None,23784000,,3.0,0.0122,,,,0.249,0.05,161112000,184896000,2.42,2025-03-31,22.83,,1531962000.0,365308000,153235000,34748000,,,None,12127000,None,,None,,,,,118487000,118487000,-12127000,None,0.174,,200390000,164918000,,,,,None,,,,,1.591,9.54,3.257,,,,,,,,0.126,,,2025-10-30,quarterly,2.47,USD,pre-market,None,,0.12,0.381,0.079,74.91,196665000,,,,218.61,236.72,2.0661,,,,,,,1004388000,,26.39,,252.0,160.02
2025-12-28,LECO,9.34,4176319000.0,26.39,,1.257,25.71,,,,,,,,,,,,,,,None,651857000,651857000,,,,,,None,23143000,,3.0,0.0122,,,,0.249,0.05,189827000,212970000,2.42,2024-12-31,22.83,,1531962000.0,370174000,167053000,26824000,,,None,11372000,None,,None,,,,,140229000,140229000,-11372000,None,0.174,,193157000,177017000,,,,,None,,,,,1.591,9.54,3.257,,,,,,,,0.126,,,2025-10-30,quarterly,2.47,USD,pre-market,81821000,,0.12,0.381,0.079,74.91,187067000,,,,218.61,236.72,2.0661,,,,,,,1022031000,,26.39,,252.0,160.02
2025-12-28,LECO,9.34,4176319000.0,26.39,,1.257,25.71,,,,,,,,,,,,,,,None,628322000,628322000,,,,,,None,22644000,,3.0,0.0122,,,,0.249,0.05,166648000,189292000,2.42,2024-09-30,22.83,,1531962000.0,355437000,131942000,31186000,,,None,11974000,None,,None,,,,,100756000,100756000,-11974000,None,0.174,,209877000,145560000,,,,,None,,,,,1.591,9.54,3.257,,,,,,,,0.126,,,2025-10-30,quarterly,2.47,USD,pre-market,None,,0.12,0.381,0.079,74.91,186291000,,,,218.61,236.72,2.0661,,,,,,,983759000,,26.39,,252.0,160.02
2025-12-28,LECO,9.34,4176319000.0,26.39,,1.257,25.71,,,,,,,,,,,,,,,None,637758000,637758000,,,,,,None,20865000,,3.0,0.0122,,,,0.249,0.05,182777000,203642000,2.42,2024-06-30,22.83,,1531962000.0,383925000,136624000,34916000,,,None,10661000,None,,None,,,,,101708000,101708000,-10661000,None,0.174,,235087000,148838000,,,,,None,,,,,1.591,9.54,3.257,,,,,,,,0.126,,,2025-10-30,quarterly,2.47,USD,pre-market,None,,0.12,0.381,0.079,74.91,208485000,,,,218.61,236.72,2.0661,,,,,,,1021236000,,26.39,,252.0,160.02
2025-12-28,LECO,9.34,4176319000.0,26.39,,1.257,25.71,,,,,,,,,,,,,,,None,612798000,612798000,,,,,,None,21586000,,3.0,0.0122,,,,0.249,0.05,173029000,194615000,2.42,2024-03-31,22.83,,1531962000.0,368399000,158530000,35115000,,,None,8779000,None,,None,,,,,123415000,123415000,-8779000,None,0.174,,203352000,165047000,,,,,None,,,,,1.591,9.54,3.257,,,,,,,,0.126,,,2025-10-30,quarterly,2.47,USD,pre-market,None,,0.12,0.381,0.079,74.91,198747000,,,,218.61,236.72,2.0661,,,,,,,981197000,,26.39,,252.0,160.02
2025-12-28,LECO,9.34,4176319000.0,26.39,,1.257,25.71,,,,,,,,,,,,,,,None,687484000,687484000,,,,,,None,21969000,,3.0,0.0122,,,,0.249,0.05,171191000,193160000,2.42,2023-12-31,22.83,,1531962000.0,371030000,197030000,40386000,,,None,8663000,None,,None,,,,,156643000,156643000,-8663000,None,0.174,,166998999,204031000,,,,,None,,,,,1.591,9.54,3.257,,,,,,,,0.126,,,2025-10-30,quarterly,2.47,USD,pre-market,71235000,,0.12,0.381,0.079,74.91,188931000,,,,218.61,236.72,2.0661,,,,,,,1058514000,,26.39,,252.0,160.02
2025-12-28,LECO,9.34,4176319000.0,26.39,,1.257,25.71,,,,,,,,,,,,,,,None,662732000,662732000,,,,,,None,21489000,,3.0,0.0122,,,,0.249,0.05,190072000,211561000,2.42,2023-09-30,22.83,,1531962000.0,370482000,161433000,32090000,,,None,10809000,None,,None,,,,,129343000,129343000,-10809000,None,0.174,,199041000,171441000,,,,,None,,,,,1.591,9.54,3.257,,,,,,,,0.126,,,2025-10-30,quarterly,2.47,USD,pre-market,None,,0.12,0.381,0.079,74.91,187115000,,,,218.61,236.72,2.0661,,,,,,,1033214000,,26.39,,252.0,160.02
2025-12-28,LECO,9.34,4176319000.0,26.39,,1.257,25.71,,,,,,,,,,,,,,,None,683592000,683592000,,,,,,None,21917000,,3.0,0.0122,,,,0.249,0.05,179145000,201062000,2.42,2023-06-30,22.83,,1531962000.0,376973000,173060000,35729000,,,None,11699000,None,,None,,,,,137331000,137331000,-11699000,None,0.174,,198960000,178013000,,,,,6746000,,,,,1.591,9.54,3.257,,,,,,,,0.126,,,2025-10-30,quarterly,2.47,USD,pre-market,None,,0.12,0.381,0.079,74.91,192748000,,,,218.61,236.72,2.0661,,,,,,,1060565000,,26.39,,252.0,160.02
2025-12-28,LECO,9.34,4176319000.0,26.39,,1.257,25.71,,,,,,,,,,,,,,,None,680130000,680130000,,,,,,None,21295000,,3.0,0.0122,,,,0.249,0.05,162407000,183702000,2.42,2023-03-31,22.83,,1531962000.0,359213000,155344000,33413000,,,None,13201000,None,,None,,,,,121931000,121959000,-13201000,None,0.174,,194849000,164364000,,,,,4209000,,,,,1.591,9.54,3.257,,,,,,,,0.126,,,2025-10-30,quarterly,2.47,USD,pre-market,None,,0.12,0.381,0.079,74.91,190116000,,,,218.61,236.72,2.0661,,,,,,,1039343000,,26.39,,252.0,160.02
2025-12-28,LECO,9.34,4176319000.0,26.39,,1.257,25.71,,,,,,,,,,,,,,,None,622950000,622950000,,,,,,None,19050000,,3.0,0.0122,,,,0.249,0.05,134679000,153729000,2.42,2022-12-31,22.83,,1531962000.0,307984000,135758000,26612000,,,None,8633000,None,,None,,,,,109146000,109146000,-8633000,None,0.174,,166496000,141488000,,,,,2903000,,,,,1.591,9.54,3.257,,,,,,,,0.126,,,2025-10-30,quarterly,2.47,USD,pre-market,63207000,,0.12,0.381,0.079,74.91,164113000,,,,218.61,236.72,2.0661,,,,,,,930934000,,26.39,,252.0,160.02
2025-12-28,LECO,9.34,4176319000.0,26.39,,1.257,25.71,,,,,,,,,,,,,,,None,626075000,626075000,,,,,,None,19250000,,3.0,0.0122,,,,0.249,0.05,156533000,175783000,2.42,2022-09-30,22.83,,1531962000.0,309165000,137487000,28262000,,,None,8210000,None,,None,,,,,109225000,109225000,-8210000,None,0.174,,167056000,142109000,,,,,3588000,,,,,1.591,9.54,3.257,,,,,,,,0.126,,,2025-10-30,quarterly,2.47,USD,pre-market,None,,0.12,0.381,0.079,74.91,159045000,,,,218.61,236.72,2.0661,,,,,,,935240000,,26.39,,252.0,160.02
2025-12-28,LECO,9.34,4176319000.0,26.39,,1.257,25.71,,,,,,,,,,,,,,,None,634649000,634649000,,,,,,None,19868000,,3.0,0.0122,,,,0.249,0.05,169560000,189428000,2.42,2022-06-30,22.83,,1531962000.0,334940000,159940000,32118000,,,None,6459000,None,,None,,,,,127823000,127822000,-6459000,None,0.174,,167407000,167533000,,,,,-1134000,,,,,1.591,9.54,3.257,,,,,,,,0.126,,,2025-10-30,quarterly,2.47,USD,pre-market,None,,0.12,0.381,0.079,74.91,166792000,,,,218.61,236.72,2.0661,,,,,,,969589000,,26.39,,252.0,160.02
2025-12-28,LECO,9.34,4176319000.0,26.39,,1.257,25.71,,,,,,,,,,,,,,,None,595671000,595671000,,,,,,None,19891000,,3.0,0.0122,,,,0.249,0.05,161307000,181198000,2.42,2022-03-31,22.83,,1531962000.0,329777000,159642000,33611000,,,None,6198000,None,,None,,,,,126030000,126031000,-6198000,None,0.174,,168571000,161206000,,,,,4634000,,,,,1.591,9.54,3.257,,,,,,,,0.126,,,2025-10-30,quarterly,2.47,USD,pre-market,None,,0.12,0.381,0.079,74.91,166686000,,,,218.61,236.72,2.0661,,,,,,,925448000,,26.39,,252.0,160.02
2025-12-28,LECO,9.34,4176319000.0,26.39,,1.257,25.71,,,,,,,,,,,,,,,None,571321000,571321000,,,,,,None,20588000,,3.0,0.0122,,,,0.249,0.05,118347000,138935000,2.42,2021-12-31,22.83,,1531962000.0,272930000,71569000,-2841000,,,None,5478000,None,,None,,,,,74427000,74410000,-5478000,None,0.174,,152581000,120349000,,,,,-43302000,,,,,1.591,9.54,3.257,,,,,,,,0.126,,,2025-10-30,quarterly,2.47,USD,pre-market,55969000,,0.12,0.381,0.079,74.91,150758000,,,,218.61,236.72,2.0661,,,,,,,844251000,,26.39,,252.0,160.02
2025-12-28,LECO,9.34,4176319000.0,26.39,,1.257,25.71,,,,,,,,,,,,,,,None,534592000,534592000,,,,,,None,22050000,,3.0,0.0122,,,,0.249,0.05,124543000,146593000,2.42,2021-09-30,22.83,,1531962000.0,271862000,38415000,6658000,,,None,5714000,None,,None,,,,,31757000,31757000,-5714000,None,0.174,,156292000,115570000,,,,,-71441000,,,,,1.591,9.54,3.257,,,,,,,,0.126,,,2025-10-30,quarterly,2.47,USD,pre-market,None,,0.12,0.381,0.079,74.91,149118000,,,,218.61,236.72,2.0661,,,,,,,806454000,,26.39,,252.0,160.02
2025-12-28,LECO,9.34,4176319000.0,26.39,,1.257,25.71,,,,,,,,,,,,,,,None,550604000,550604000,,,,,,None,19390000,,3.0,0.0122,,,,0.249,0.05,118530000,137920000,2.42,2021-06-30,22.83,,1531962000.0,275850000,117861000,21581000,,,None,5663000,None,,None,,,,,96105000,96280000,-5663000,None,0.174,,154028000,121822000,,,,,1702000,,,,,1.591,9.54,3.257,,,,,,,,0.126,,,2025-10-30,quarterly,2.47,USD,pre-market,None,,0.12,0.381,0.079,74.91,151557000,,,,218.61,236.72,2.0661,,,,,,,826454000,,26.39,,252.0,160.02
2025-12-28,LECO,9.34,4176319000.0,26.39,,1.257,25.71,,,,,,,,,,,,,,,None,503254000,503254000,,,,,,None,19118000,,3.0,0.0122,,,,0.249,0.05,111346000,130464000,2.42,2021-03-31,22.83,,1531962000.0,253767000,97153000,23020000,,,None,5359000,None,,None,,,,,74177000,74133000,-5359000,None,0.174,,149839000,103928000,,,,,-1416000,,,,,1.591,9.54,3.257,,,,,,,,0.126,,,2025-10-30,quarterly,2.47,USD,pre-market,None,,0.12,0.381,0.079,74.91,145676000,,,,218.61,236.72,2.0661,,,,,,,757021000,,26.39,,252.0,160.02
2025-12-28,LECO,9.34,4176319000.0,26.39,,1.257,25.71,,,,,,,,,,,,,,,None,464540000,464540000,,,,,,None,19926000,,3.0,0.0122,,,,0.249,0.05,75351000,95277000,2.42,2020-12-31,22.83,,1531962000.0,229254000,81132000,16062000,,,None,5082000,None,,None,,,,,65078000,65070000,-5082000,None,0.174,,145814000,83440000,,,,,2774000,,,,,1.591,9.54,3.257,,,,,,,,0.126,,,2025-10-30,quarterly,2.47,USD,pre-market,51414000,,0.12,0.381,0.079,74.91,149727000,,,,218.61,236.72,2.0661,,,,,,,693794000,,26.39,,252.0,160.02
2025-12-28,LECO,9.34,4176319000.0,26.39,,1.257,25.71,,,,,,,,,,,,,,,None,453501000,453501000,,,,,,None,19488000,,3.0,0.0122,,,,0.249,0.05,79793000,99281000,2.42,2020-09-30,22.83,,1531962000.0,215387000,73303000,14797000,,,None,5552000,None,,None,,,,,58479000,58506000,-5552000,None,0.174,,137594000,77793000,,,,,1062000,,,,,1.591,9.54,3.257,,,,,,,,0.126,,,2025-10-30,quarterly,2.47,USD,pre-market,None,,0.12,0.381,0.079,74.91,131337000,,,,218.61,236.72,2.0661,,,,,,,668888000,,26.39,,252.0,160.02
2025-12-28,LECO,9.34,4176319000.0,26.39,,1.257,25.71,,,,,,,,,,,,,,,None,401349000,401349000,,,,,,None,20050000,,3.0,0.0122,,,,0.249,0.05,60610000,80660000,2.42,2020-06-30,22.83,,1531962000.0,189378000,33680000,6667000,,,None,5881000,5800000,,None,,,,,26996000,27013000,-5881000,None,0.174,,149614000,39764000,,,,,-203000,,,,,1.591,9.54,3.257,,,,,,,,0.126,,,2025-10-30,quarterly,2.47,USD,pre-market,None,,0.12,0.381,0.079,74.91,126376000,,,,218.61,236.72,2.0661,,,,,,,590727000,,26.39,,252.0,160.02
2025-12-28,LECO,9.34,4176319000.0,26.39,,1.257,25.71,,,,,,,,,,,,,,,None,463863000,463863000,,,,,,None,21028000,,3.0,0.0122,,,,0.249,0.05,111733000,132761000,2.42,2020-03-31,22.83,,1531962000.0,238128000,75925000,20370000,,,None,5458000,5296000,,None,,,,,55562000,55555000,-5458000,None,0.174,,157054000,81074000,,,,,309000,,,,,1.591,9.54,3.257,,,,,,,,0.126,,,2025-10-30,quarterly,2.47,USD,pre-market,None,,0.12,0.381,0.079,74.91,149727000,,,,218.61,236.72,2.0661,,,,,,,701991000,,26.39,,252.0,160.02
2025-12-28,LECO,9.34,4176319000.0,26.39,,1.257,25.71,,,,,,,,,,,,,,,None,495373000,495373000,,,,,,None,21087000,,3.0,0.0122,,,,0.249,0.05,79433000,100520000,2.42,2019-12-31,22.83,,1531962000.0,240934000,80294000,16578000,,,None,5794000,5633000,,None,,,,,63716000,63716000,-5794000,None,0.174,,158232000,82702000,,,,,-15085000,,,,,1.591,9.54,3.257,,,,,,,,0.126,,,2025-10-30,quarterly,2.47,USD,pre-market,56845000,,0.12,0.381,0.079,74.91,149381000,,,,218.61,236.72,2.0661,,,,,,,736307000,,26.39,,252.0,160.02
2025-12-28,LECO,9.34,4176319000.0,26.39,,1.257,25.71,,,,,,,,,,,,,,,None,490823000,490823000,,,,,,None,21148000,,3.0,0.0122,,,,0.249,0.05,92986000,114134000,2.42,2019-09-30,22.83,,1531962000.0,239960000,91797000,19340000,,,None,6400000,6194000,,None,,,,,72461000,72457000,-6400000,None,0.174,,151416000,88544000,,,,,9653000,,,,,1.591,9.54,3.257,,,,,,,,0.126,,,2025-10-30,quarterly,2.47,USD,pre-market,56845000,,0.12,0.381,0.079,74.91,148312000,,,,218.61,236.72,2.0661,,,,,,,730783000,,26.39,,252.0,160.02
2025-12-28,LECO,9.34,4176319000.0,26.39,,1.257,25.71,,,,,,,,,,,,,,,None,505728000,505728000,,,,,,None,20350999,,3.0,0.0122,,,,0.249,0.05,108671000,129021999,2.42,2019-06-30,22.83,,1531962000.0,271280000,103484000,18040000,,,None,5898000,4108000,,None,,,,,85452000,85444000,-5898000,None,0.174,,166094000,105186000,,,,,4196000,,,,,1.591,9.54,3.257,,,,,,,,0.126,,,2025-10-30,quarterly,2.47,USD,pre-market,56845000,,0.12,0.381,0.079,74.91,163388000,,,,218.61,236.72,2.0661,,,,,,,777008000,,26.39,,252.0,160.02
2025-12-28,LECO,9.34,4176319000.0,26.39,,1.257,25.71,,,,,,,,,,,,,,,None,500753000,500753000,,,,,,None,18901000,,3.0,0.0122,,,,0.249,0.05,94162000,113063000,2.42,2019-03-31,22.83,,1531962000.0,258421000,92918000,21452000,,,None,5323000,None,,None,,,,,71480000,71466000,-5323000,None,0.174,,163943000,94478000,,,,,3763000,,,,,1.591,9.54,3.257,,,,,,,,0.126,,,2025-10-30,quarterly,2.47,USD,pre-market,56845000,,0.12,0.381,0.079,74.91,160408000,,,,218.61,236.72,2.0661,,,,,,,759174000,,26.39,,252.0,160.02
2025-12-28,LECO,9.34,4176319000.0,26.39,,1.257,25.71,,,,,,,,,,,,,,,None,493528000,493528000,,,,,,None,18400000,,3.0,0.0122,,,,0.249,0.05,95829000,114229000,2.42,2018-12-31,22.83,,1531962000.0,250299000,94455000,7676000,,,None,4343000,None,,None,,,,,86839000,86779000,None,None,0.174,,155369000,94930000,,,,,120000,,,,,1.591,9.54,3.257,,,,,,,,0.126,,,2025-10-30,quarterly,2.47,USD,pre-market,54168000,,0.12,0.381,0.079,74.91,154437000,,,,218.61,236.72,2.0661,,,,,,,743827000,,26.39,,252.0,160.02
2025-12-28,LECO,9.34,4176319000.0,26.39,,1.257,25.71,,,,,,,,,,,,,,,None,485547000,485547000,,,,,,None,17623000,,3.0,0.0122,,,,0.249,0.05,100781000,118404000,2.42,2018-09-30,22.83,,1531962000.0,251552000,95744000,25209000,,,None,3969000,None,,None,,,,,70539000,70535000,None,None,0.174,,150765000,100787000,,,,,-1074000,,,,,1.591,9.54,3.257,,,,,,,,0.126,,,2025-10-30,quarterly,2.47,USD,pre-market,54168000,,0.12,0.381,0.079,74.91,148129000,,,,218.61,236.72,2.0661,,,,,,,737099000,,26.39,,252.0,160.02
2025-12-28,LECO,9.34,4176319000.0,26.39,,1.257,25.71,,,,,,,,,,,,,,,None,519936000,519936000,,,,,,None,18189000,,3.0,0.0122,,,,0.249,0.05,113182000,131371000,2.42,2018-06-30,22.83,,1531962000.0,270116000,94263000,25404000,,,None,4812000,None,,None,,,,,68864000,68859000,None,None,0.174,,175482000,94634000,,,,,4441000,,,,,1.591,9.54,3.257,,,,,,,,0.126,,,2025-10-30,quarterly,2.47,USD,pre-market,54168000,,0.12,0.381,0.079,74.91,163940000,,,,218.61,236.72,2.0661,,,,,,,790052000,,26.39,,252.0,160.02
2025-12-28,LECO,9.34,4176319000.0,26.39,,1.257,25.71,,,,,,,,,,,,,,,None,501142000,501142000,,,,,,None,18134000,,3.0,0.0122,,,,0.249,0.05,89623000,107757000,2.42,2018-03-31,22.83,,1531962000.0,256553999,84198000,23378000,,,None,4441000,None,,None,,,,,60824000,60820000,None,None,0.174,,171366000,85188000,,,,,3451000,,,,,1.591,9.54,3.257,,,,,,,,0.126,,,2025-10-30,quarterly,2.47,USD,pre-market,0,,0.12,0.381,0.079,74.91,161191000,,,,218.61,236.72,2.0661,,,,,,,757696000,,26.39,,252.0,160.02
2025-12-28,LECO,9.34,4176319000.0,26.39,,1.257,25.71,,,,,,,,,,,,,,,None,506669000,506669000,,,,,,None,17658000,,3.0,0.0122,,,,0.249,0.05,62971000,80629000,2.42,2017-12-31,22.83,,1531962000.0,240516000,73728000,49543000,,,None,5887000,None,,None,,,,,24181000,24185000,None,None,0.174,,164194000,75513000,,,,,4102000,,,,,1.591,9.54,3.257,,,,,,,,0.126,,,2025-10-30,quarterly,2.47,USD,pre-market,47899000,,0.12,0.381,0.079,74.91,155428000,,,,218.61,236.72,2.0661,,,,,,,747185000,,26.39,,252.0,160.02
2025-12-28,LECO,9.34,4176319000.0,26.39,,1.257,25.71,,,,,,,,,,,,,,,None,449296000,449296000,,,,,,None,18451000,,3.0,0.0122,,,,0.249,0.05,91387000,109838000,2.42,2017-09-30,22.83,,1531962000.0,220195000,130642000,24531000,,,None,5922000,None,,None,,,,,106126000,106111000,None,None,0.174,,84555000,133070000,,,,,3494000,,,,,1.591,9.54,3.257,,,,,,,,0.126,,,2025-10-30,quarterly,2.47,USD,pre-market,0,,0.12,0.381,0.079,74.91,138031000,,,,218.61,236.72,2.0661,,,,,,,669491000,,26.39,,252.0,160.02
2025-12-28,LECO,9.34,4176319000.0,26.39,,1.257,25.71,,,,,,,,,,,,,,,None,410547000,410547000,,,,,,None,15840000,,3.0,0.0122,,,,0.249,0.05,82530000,98370000,2.42,2017-06-30,22.83,,1531962000.0,216311000,83966000,22635000,,,None,6297000,None,,None,,,,,61352000,61331000,None,None,0.174,,130738000,87642000,,,,,2621000,,,,,1.591,9.54,3.257,,,,,,,,0.126,,,2025-10-30,quarterly,2.47,USD,pre-market,0,,0.12,0.381,0.079,74.91,129846000,,,,218.61,236.72,2.0661,,,,,,,626858000,,26.39,,252.0,160.02
2025-12-28,LECO,9.34,4176319000.0,26.39,,1.257,25.71,,,,,,,,,,,,,,,None,378234000,378234000,,,,,,None,16166000,,3.0,0.0122,,,,0.249,0.05,71399000,87565000,2.42,2017-03-31,22.83,,1531962000.0,202663000,77900000,22052000,,,None,6114000,None,,None,,,,,55844000,55848000,None,None,0.174,,123256000,81486000,,,,,2528000,,,,,1.591,9.54,3.257,,,,,,,,0.126,,,2025-10-30,quarterly,2.47,USD,pre-market,0,,0.12,0.381,0.079,74.91,122370000,,,,218.61,236.72,2.0661,,,,,,,580897000,,26.39,,252.0,160.02
2025-12-28,LECO,9.34,4176319000.0,26.39,,1.257,25.71,,,,,,,,,,,,,,,None,366371000,366371000,,,,,,None,16578000,,3.0,0.0122,,,,0.249,0.05,90564000,107142000,2.42,2016-12-31,22.83,,1531962000.0,197457000,78152000,24751000,,,None,7251000,None,,None,,,,,53395000,53401000,None,None,0.174,,114386000,83071000,,,,,2332000,,,,,1.591,9.54,3.257,,,,,,,,0.126,,,2025-10-30,quarterly,2.47,USD,pre-market,44720000,,0.12,0.381,0.079,74.91,114386000,,,,218.61,236.72,2.0661,,,,,,,563828000,,26.39,,252.0,160.02
2025-12-28,LECO,9.34,4176319000.0,26.39,,1.257,25.71,,,,,,,,,,,,,,,None,367834000,367834000,,,,,,None,16263000,,3.0,0.0122,,,,0.249,0.05,84781000,101044000,2.42,2016-09-30,22.83,,1531962000.0,199812000,80296000,20257000,,,None,3815000,None,,None,,,,,60049000,60039000,None,None,0.174,,117983000,81829000,,,,,2282000,,,,,1.591,9.54,3.257,,,,,,,,0.126,,,2025-10-30,quarterly,2.47,USD,pre-market,0,,0.12,0.381,0.079,74.91,117983000,,,,218.61,236.72,2.0661,,,,,,,567646000,,26.39,,252.0,160.02
2025-12-28,LECO,9.34,4176319000.0,26.39,,1.257,25.71,,,,,,,,,,,,,,,None,389491000,389491000,,,,,,None,16607000,,3.0,0.0122,,,,0.249,0.05,92937000,109544000,2.42,2016-06-30,22.83,,1531962000.0,202927000,45758000,14449000,,,None,4186000,None,,None,,,,,31317000,31309000,None,None,0.174,,154845000,48082000,,,,,1862000,,,,,1.591,9.54,3.257,,,,,,,,0.126,,,2025-10-30,quarterly,2.47,USD,pre-market,0,,0.12,0.381,0.079,74.91,120497000,,,,218.61,236.72,2.0661,,,,,,,592418000,,26.39,,252.0,160.02
2025-12-28,LECO,9.34,4176319000.0,26.39,,1.257,25.71,,,,,,,,,,,,,,,None,361620000,361620000,,,,,,None,15625000,,3.0,0.0122,,,,0.249,0.05,71695000,87320000,2.42,2016-03-31,22.83,,1531962000.0,189102000,73182000,19558000,,,None,3827000,None,,None,,,,,53638000,53624000,None,None,0.174,,113810000,75292000,,,,,1717000,,,,,1.591,9.54,3.257,,,,,,,,0.126,,,2025-10-30,quarterly,2.47,USD,pre-market,0,,0.12,0.381,0.079,74.91,113810000,,,,218.61,236.72,2.0661,,,,,,,550722000,,26.39,,252.0,160.02
2025-12-28,LECO,9.34,4176319000.0,26.39,,1.257,25.71,,,,,,,,,,,,,,,None,371198000,371198000,,,,,,None,16110000,,3.0,0.0122,,,,0.249,0.05,95797000,111907000,2.42,2015-12-31,22.83,,1531962000.0,196787000,71172000,22473000,,,None,9790000,None,,None,,,,,48692000,48699000,None,None,0.174,,118352000,78435000,,,,,2527000,,,,,1.591,9.54,3.257,,,,,,,,0.126,,,2025-10-30,quarterly,2.47,USD,pre-market,47182000,,0.12,0.381,0.079,74.91,117210000,,,,218.61,236.72,2.0661,,,,,,,567985000,,26.39,,252.0,160.02
2025-12-28,LECO,9.34,4176319000.0,26.39,,1.257,25.71,,,,,,,,,,,,,,,None,424100000,424100000,,,,,,None,16179000,,3.0,0.0122,,,,0.249,0.05,105094000,121273000,2.42,2015-09-30,22.83,,1531962000.0,221066000,-88526000,-28045000,,,None,5803000,None,,None,,,,,-60466000,-60481000,None,None,0.174,,305087000,-84021000,,,,,1298000,,,,,1.591,9.54,3.257,,,,,,,,0.126,,,2025-10-30,quarterly,2.47,USD,pre-market,0,,0.12,0.381,0.079,74.91,264630000,,,,218.61,236.72,2.0661,,,,,,,645166000,,26.39,,252.0,160.02
2025-12-28,LECO,9.34,4176319000.0,26.39,,1.257,25.71,,,,,,,,,,,,,,,None,438959000,438959000,,,,,,None,15686000,,3.0,0.0122,,,,0.249,0.05,95514000,111200000,2.42,2015-06-30,22.83,,1531962000.0,225781000,94434000,23558000,,,None,4387000,None,,None,,,,,70898000,70876000,None,None,0.174,,128994000,96787000,,,,,2034000,,,,,1.591,9.54,3.257,,,,,,,,0.126,,,2025-10-30,quarterly,2.47,USD,pre-market,0,,0.12,0.381,0.079,74.91,127755000,,,,218.61,236.72,2.0661,,,,,,,664740000,,26.39,,252.0,160.02
2025-12-28,LECO,9.34,4176319000.0,26.39,,1.257,25.71,,,,,,,,,,,,,,,None,437510000,437510000,,,,,,None,16032000,,3.0,0.0122,,,,0.249,0.05,100103000,116135000,2.42,2015-03-31,22.83,,1531962000.0,220390000,92707000,24389000,,,None,1844000,None,,None,,,,,68354000,68318000,None,None,0.174,,129891000,90499000,,,,,4052000,,,,,1.591,9.54,3.257,,,,,,,,0.126,,,2025-10-30,quarterly,2.47,USD,pre-market,0,,0.12,0.381,0.079,74.91,129891000,,,,218.61,236.72,2.0661,,,,,,,657900000,,26.39,,252.0,160.02
2025-12-28,LECO,9.34,4176319000.0,26.39,,1.257,25.71,,,,,,,,,,,,,,,None,452869000,452869000,,,,,,None,16590000,,3.0,0.0122,,,,0.249,0.05,134413000,151003000,2.42,2014-12-31,22.83,,1531962000.0,231085000,100736000,25401000,,,None,6704000,None,,None,,,,,75212000,75335000,None,None,0.174,,126168000,104917000,,,,,2523000,,,,,1.591,9.54,3.257,,,,,,,,0.126,,,2025-10-30,quarterly,2.47,USD,pre-market,43256000,,0.12,0.381,0.079,74.91,126002000,,,,218.61,236.72,2.0661,,,,,,,683954000,,26.39,,252.0,160.02
2025-12-28,LECO,9.34,4176319000.0,26.39,,1.257,25.71,,,,,,,,,,,,,,,None,474168000,474168000,,,,,,None,17117000,,3.0,0.0122,,,,0.249,0.05,109931000,127048000,2.42,2014-09-30,22.83,,1531962000.0,241609000,77785000,32953000,,,None,1174000,None,,None,,,,,45689000,44832000,None,None,0.174,,165492000,76117000,,,,,2842000,,,,,1.591,9.54,3.257,,,,,,,,0.126,,,2025-10-30,quarterly,2.47,USD,pre-market,0,,0.12,0.381,0.079,74.91,136424000,,,,218.61,236.72,2.0661,,,,,,,715777000,,26.39,,252.0,160.02
2025-12-28,LECO,9.34,4176319000.0,26.39,,1.257,25.71,,,,,,,,,,,,,,,None,474796000,474796000,,,,,,None,17968999,,3.0,0.0122,,,,0.249,0.05,115320000,133288999,2.42,2014-06-30,22.83,,1531962000.0,253735000,114866000,37577000,,,None,986000,None,,None,,,,,77332000,77289000,None,None,0.174,,141460000,112275000,,,,,3577000,,,,,1.591,9.54,3.257,,,,,,,,0.126,,,2025-10-30,quarterly,2.47,USD,pre-market,0,,0.12,0.381,0.079,74.91,137156000,,,,218.61,236.72,2.0661,,,,,,,728531000,,26.39,,252.0,160.02
2025-12-28,LECO,9.34,4176319000.0,26.39,,1.257,25.71,,,,,,,,,,,,,,,None,458726000,458726000,,,,,,None,17931000,,3.0,0.0122,,,,0.249,0.05,98047000,115978000,2.42,2014-03-31,22.83,,1531962000.0,226336000,82426000,26002000,,,None,1570000,None,,None,,,,,56453000,56424000,None,None,0.174,,145898000,80438000,,,,,3558000,,,,,1.591,9.54,3.257,,,,,,,,0.126,,,2025-10-30,quarterly,2.47,USD,pre-market,0,,0.12,0.381,0.079,74.91,145915000,,,,218.61,236.72,2.0661,,,,,,,685062000,,26.39,,252.0,160.02
2025-12-28,LECO,9.34,4176319000.0,26.39,,1.257,25.71,,,,,,,,,,,,,,,None,467627000,467627000,,,,,,None,17002000,,3.0,0.0122,,,,0.249,0.05,130892000,147894000,2.42,2013-12-31,22.83,,1531962000.0,247164000,121388000,33323000,,,None,557000,None,,None,,,,,88324000,88065000,None,None,0.174,,128259000,118905000,,,,,3040000,,,,,1.591,9.54,3.257,,,,,,,,0.126,,,2025-10-30,quarterly,2.47,USD,pre-market,42126000,,0.12,0.381,0.079,74.91,123883000,,,,218.61,236.72,2.0661,,,,,,,714791000,,26.39,,252.0,160.02
2025-12-28,LECO,9.34,4176319000.0,26.39,,1.257,25.71,,,,,,,,,,,,,,,None,459178000,459178000,,,,,,None,17326000,,3.0,0.0122,,,,0.249,0.05,101480000,118806000,2.42,2013-09-30,22.83,,1531962000.0,232697000,97840000,33588000,,,None,558000,None,,None,,,,,66044000,64252000,None,None,0.174,,137519000,95178000,,,,,3220000,,,,,1.591,9.54,3.257,,,,,,,,0.126,,,2025-10-30,quarterly,2.47,USD,pre-market,0,,0.12,0.381,0.079,74.91,131217000,,,,218.61,236.72,2.0661,,,,,,,691875000,,26.39,,252.0,160.02
2025-12-28,LECO,9.34,4176319000.0,26.39,,1.257,25.71,,,,,,,,,,,,,,,None,487094000,487094000,,,,,,None,17158000,,3.0,0.0122,,,,0.249,0.05,105123000,122281000,2.42,2013-06-30,22.83,,1531962000.0,240338000,106534000,34007000,,,None,799000,None,,None,,,,,72606000,72527000,None,None,0.174,,133894999,104272000,,,,,3061000,,,,,1.591,9.54,3.257,,,,,,,,0.126,,,2025-10-30,quarterly,2.47,USD,pre-market,0,,0.12,0.381,0.079,74.91,135215000,,,,218.61,236.72,2.0661,,,,,,,727432000,,26.39,,252.0,160.02
2025-12-28,LECO,9.34,4176319000.0,26.39,,1.257,25.71,,,,,,,,,,,,,,,None,490422000,490422000,,,,,,None,17397000,,3.0,0.0122,,,,0.249,0.05,99341000,116738000,2.42,2013-03-31,22.83,,1531962000.0,228151000,90679000,23836000,,,None,950000,None,,None,,,,,66806000,66843000,None,None,0.174,,137548000,88630000,,,,,2999000,,,,,1.591,9.54,3.257,,,,,,,,0.126,,,2025-10-30,quarterly,2.47,USD,pre-market,0,,0.12,0.381,0.079,74.91,136891000,,,,218.61,236.72,2.0661,,,,,,,718573000,,26.39,,252.0,160.02
2025-12-28,LECO,9.34,4176319000.0,26.39,,1.257,25.71,,,,,,,,,,,,,,,None,471616000,471616000,,,,,,None,17114000,,3.0,0.0122,,,,0.249,0.05,95350000,112464000,2.42,2012-12-31,22.83,,1531962000.0,213032000,87605000,25639000,,,None,853000,None,,None,,,,,62084000,116375000,None,None,0.174,,125914000,85705000,,,,,2753000,,,,,1.591,9.54,3.257,,,,,,,,0.126,,,2025-10-30,quarterly,2.47,USD,pre-market,37305000,,0.12,0.381,0.079,74.91,122290000,,,,218.61,236.72,2.0661,,,,,,,684648000,,26.39,,252.0,160.02
2025-12-28,LECO,9.34,4176319000.0,26.39,,1.257,25.71,,,,,,,,,,,,,,,None,484190000,484190000,,,,,,None,16435000,,3.0,0.0122,,,,0.249,0.05,91760000,108195000,2.42,2012-09-30,22.83,,1531962000.0,213362000,90889000,26153000,,,None,1040000,None,,None,,,,,64765000,90889000,None,None,0.174,,122349000,88701000,,,,,3228000,,,,,1.591,9.54,3.257,,,,,,,,0.126,,,2025-10-30,quarterly,2.47,USD,pre-market,0,,0.12,0.381,0.079,74.91,121602000,,,,218.61,236.72,2.0661,,,,,,,697552000,,26.39,,252.0,160.02
2025-12-28,LECO,9.34,4176319000.0,26.39,,1.257,25.71,,,,,,,,,,,,,,,None,519048000,519048000,,,,,,None,16206000,,3.0,0.0122,,,,0.249,0.05,99283000,115489000,2.42,2012-06-30,22.83,,1531962000.0,224997000,98157000,31792000,,,None,1126000,None,,None,,,,,66319000,98157000,None,None,0.174,,127714000,96025000,,,,,3258000,,,,,1.591,9.54,3.257,,,,,,,,0.126,,,2025-10-30,quarterly,2.47,USD,pre-market,0,,0.12,0.381,0.079,74.91,127714000,,,,218.61,236.72,2.0661,,,,,,,744045000,,26.39,,252.0,160.02
2025-12-28,LECO,9.34,4176319000.0,26.39,,1.257,25.71,,,,,,,,,,,,,,,None,511857000,511857000,,,,,,None,15579000,,3.0,0.0122,,,,0.249,0.05,94091000,109670000,2.42,2012-03-31,22.83,,1531962000.0,215265000,92919000,28770000,,,None,1172000,None,,None,,,,,64243000,64149000,None,None,0.174,,123615000,91650000,,,,,2441000,,,,,1.591,9.54,3.257,,,,,,,,0.126,,,2025-10-30,quarterly,2.47,USD,pre-market,0,,0.12,0.381,0.079,74.91,123615000,,,,218.61,236.72,2.0661,,,,,,,727122000,,26.39,,252.0,160.02
2025-12-28,LECO,9.34,4176319000.0,26.39,,1.257,25.71,,,,,,,,,,,,,,,None,500170000,500170000,,,,,,None,36716000,,3.0,0.0122,,,,0.249,0.05,85094000,121810000,2.42,2011-12-31,22.83,,1531962000.0,194343000,83427000,25736000,,,None,1667000,None,,None,,,,,57733000,57691000,None,None,0.174,,111981000,82362000,,,,,2732000,,,,,1.591,9.54,3.257,,,,,,,,0.126,,,2025-10-30,quarterly,2.47,USD,pre-market,32834000,,0.12,0.381,0.079,74.91,111981000,,,,218.61,236.72,2.0661,,,,,,,694513000,,26.39,,252.0,160.02
2025-12-28,LECO,9.34,4176319000.0,26.39,,1.257,25.71,,,,,,,,,,,,,,,None,516172000,516172000,,,,,,None,15740000,,3.0,0.0122,,,,0.249,0.05,83053000,98793000,2.42,2011-09-30,22.83,,1531962000.0,185452000,75873000,20515000,,,None,1752000,None,,None,,,,,55530000,55358000,None,None,0.174,,110629000,74823000,,,,,2802000,,,,,1.591,9.54,3.257,,,,,,,,0.126,,,2025-10-30,quarterly,2.47,USD,pre-market,0,,0.12,0.381,0.079,74.91,110629000,,,,218.61,236.72,2.0661,,,,,,,701624000,,26.39,,252.0,160.02
2025-12-28,LECO,9.34,4176319000.0,26.39,,1.257,25.71,,,,,,,,,,,,,,,None,503789000,503789000,,,,,,None,16143000,,3.0,0.0122,,,,0.249,0.05,88581000,104724000,2.42,2011-06-30,22.83,,1531962000.0,195504000,81494000,24472000,,,None,1627000,None,,None,,,,,57013000,57022000,None,None,0.174,,115546000,80033000,,,,,3088000,,,,,1.591,9.54,3.257,,,,,,,,0.126,,,2025-10-30,quarterly,2.47,USD,pre-market,0,,0.12,0.381,0.079,74.91,115546000,,,,218.61,236.72,2.0661,,,,,,,699293000,,26.39,,252.0,160.02
2025-12-28,LECO,9.34,4176319000.0,26.39,,1.257,25.71,,,,,,,,,,,,,,,None,437741000,437741000,,,,,,None,15206000,,3.0,0.0122,,,,0.249,0.05,67652000,82858000,2.42,2011-03-31,22.83,,1531962000.0,161438000,60537000,13595000,,,None,1658000,None,,None,,,,,46910000,46942000,None,None,0.174,,101976000,59462000,,,,,2733000,,,,,1.591,9.54,3.257,,,,,,,,0.126,,,2025-10-30,quarterly,2.47,USD,pre-market,0,,0.12,0.381,0.079,74.91,101619000,,,,218.61,236.72,2.0661,,,,,,,599179000,,26.39,,252.0,160.02
2025-12-28,LECO,9.34,4176319000.0,26.39,,1.257,25.71,,,,,,,,,,,,,,,None,416460000,416460000,,,,,,None,14935000,,3.0,0.0122,,,,0.249,0.05,53916000,68851000,2.42,2010-12-31,22.83,,1531962000.0,147832000,51976000,10467000,,,None,1940000,None,,None,,,,,41503000,0,None,None,0.174,,95496000,52336000,,,,,None,,,,,1.591,9.54,3.257,,,,,,,,0.126,,,2025-10-30,quarterly,2.47,USD,pre-market,29489000,,0.12,0.381,0.079,74.91,93321000,,,,218.61,236.72,2.0661,,,,,,,564292000,,26.39,,252.0,160.02
2025-12-28,LECO,9.34,4176319000.0,26.39,,1.257,25.71,,,,,,,,,,,,,,,None,375267000,375267000,,,,,,None,14062000,,3.0,0.0122,,,,0.249,0.05,40116000,54178000,2.42,2010-09-30,22.83,,1531962000.0,144071000,48819000,16191000,,,None,1671000,None,,None,,,,,32473000,32628000,None,None,0.174,,95881000,48190000,,,,,2300000,,,,,1.591,9.54,3.257,,,,,,,,0.126,,,2025-10-30,quarterly,2.47,USD,pre-market,0,,0.12,0.381,0.079,74.91,95612000,,,,218.61,236.72,2.0661,,,,,,,519338000,,26.39,,252.0,160.02
2025-12-28,LECO,9.34,4176319000.0,26.39,,1.257,25.71,,,,,,,,,,,,,,,None,367001000,367001000,,,,,,None,14123000,,3.0,0.0122,,,,0.249,0.05,58201000,72324000,2.42,2010-06-30,22.83,,1531962000.0,148583000,51572000,17265000,,,None,1566000,None,,None,,,,,32540000,34307000,None,None,0.174,,97436000,51147000,,,,,1991000,,,,,1.591,9.54,3.257,,,,,,,,0.126,,,2025-10-30,quarterly,2.47,USD,pre-market,0,,0.12,0.381,0.079,74.91,101065000,,,,218.61,236.72,2.0661,,,,,,,515584000,,26.39,,252.0,160.02
2025-12-28,LECO,9.34,4176319000.0,26.39,,1.257,25.71,,,,,,,,,,,,,,,None,347625000,347625000,,,,,,None,14237000,,3.0,0.0122,,,,0.249,0.05,35784000,50021000,2.42,2010-03-31,22.83,,1531962000.0,123333000,34703000,10975000,,,None,1514000,None,,None,,,,,23728000,0,None,None,0.174,,88614000,34719000,,,,,None,,,,,1.591,9.54,3.257,,,,,,,,0.126,,,2025-10-30,quarterly,2.47,USD,pre-market,0,,0.12,0.381,0.079,74.91,87813000,,,,218.61,236.72,2.0661,,,,,,,470958000,,26.39,,252.0,160.02
2025-12-28,LECO,9.34,4176319000.0,26.39,,1.257,25.71,,,,,,,,,,,,,,,None,327951000,327951000,,,,,,None,14265000,,3.0,0.0122,,,,0.249,0.05,42369000,56634000,2.42,2009-12-31,22.83,,1531962000.0,134498000,40395000,16050000,,,None,1974000,None,,None,,,,,24345000,0,None,None,0.174,,65260000,39341000,,,,,None,,,,,1.591,9.54,3.257,,,,,,,,0.126,,,2025-10-30,quarterly,2.47,USD,pre-market,27567000,,0.12,0.381,0.079,74.91,90980000,,,,218.61,236.72,2.0661,,,,,,,462449000,,26.39,,252.0,160.02
2025-12-28,LECO,9.34,4176319000.0,26.39,,1.257,25.71,,,,,,,,,,,,,,,None,316671000,316671000,,,,,,None,14665000,,3.0,0.0122,,,,0.249,0.05,26393000,41058000,2.42,2009-09-30,22.83,,1531962000.0,125131000,24231000,11474000,,,None,2032000,None,,None,,,,,12757000,0,None,None,0.174,,91922000,33209000,,,,,None,,,,,1.591,9.54,3.257,,,,,,,,0.126,,,2025-10-30,quarterly,2.47,USD,pre-market,0,,0.12,0.381,0.079,74.91,84778000,,,,218.61,236.72,2.0661,,,,,,,441802000,,26.39,,252.0,160.02
2025-12-28,LECO,9.34,4176319000.0,26.39,,1.257,25.71,,,,,,,,,,,,,,,None,306892000,306892000,,,,,,None,14180000,,3.0,0.0122,,,,0.249,0.05,26457000,40637000,2.42,2009-06-30,22.83,,1531962000.0,106391000,23865000,8797000,,,None,1953000,None,,None,,,,,15068000,0,None,None,0.174,,86998000,19393000,,,,,None,,,,,1.591,9.54,3.257,,,,,,,,0.126,,,2025-10-30,quarterly,2.47,USD,pre-market,0,,0.12,0.381,0.079,74.91,80121000,,,,218.61,236.72,2.0661,,,,,,,413283000,,26.39,,252.0,160.02
2025-12-28,LECO,9.34,4176319000.0,26.39,,1.257,25.71,,,,,,,,,,,,,,,None,321503000,321503000,,,,,,None,13488000,,3.0,0.0122,,,,0.249,0.05,552000,14040000,2.42,2009-03-31,22.83,,1531962000.0,90248000,-2010000,1584000,,,None,2562000,None,,None,,,,,-3594000,0,None,None,0.174,,89215000,1033000,,,,,None,,,,,1.591,9.54,3.257,,,,,,,,0.126,,,2025-10-30,quarterly,2.47,USD,pre-market,0,,0.12,0.381,0.079,74.91,77516000,,,,218.61,236.72,2.0661,,,,,,,411751000,,26.39,,252.0,160.02
2025-12-28,LECO,9.34,4176319000.0,26.39,,1.257,25.71,,,,,,,,,,,,,,,None,385078000,385078000,,,,,,None,14741000,,3.0,0.0122,,,,0.249,0.05,52097000,66838000,2.42,2008-12-31,22.83,,1531962000.0,141108000,32836000,13366000,,,None,12155000,None,,None,,,,,19470000,0,None,None,0.174,,86200000,35537000,,,,,None,,,,,1.591,9.54,3.257,,,,,,,,0.126,,,2025-10-30,quarterly,2.47,USD,pre-market,26736000,,0.12,0.381,0.079,74.91,86200000,,,,218.61,236.72,2.0661,,,,,,,526186000,,26.39,,252.0,160.02
2025-12-28,LECO,9.34,4176319000.0,26.39,,1.257,25.71,,,,,,,,,,,,,,,None,436014000,436014000,,,,,,None,14315000,,3.0,0.0122,,,,0.249,0.05,75466000,89781000,2.42,2008-09-30,22.83,,1531962000.0,196878000,92882000,23671000,,,None,3156000,None,,None,,,,,69211000,0,None,None,0.174,,107097000,89781000,,,,,None,,,,,1.591,9.54,3.257,,,,,,,,0.126,,,2025-10-30,quarterly,2.47,USD,pre-market,0,,0.12,0.381,0.079,74.91,107097000,,,,218.61,236.72,2.0661,,,,,,,632892000,,26.39,,252.0,160.02
2025-12-28,LECO,9.34,4176319000.0,26.39,,1.257,25.71,,,,,,,,,,,,,,,None,495112000,495112000,,,,,,None,14195000,,3.0,0.0122,,,,0.249,0.05,98148000,112343000,2.42,2008-06-30,22.83,,1531962000.0,204714000,95100000,24972000,,,None,2802000,None,,None,,,,,70128000,0,None,None,0.174,,113118000,91596000,,,,,None,,,,,1.591,9.54,3.257,,,,,,,,0.126,,,2025-10-30,quarterly,2.47,USD,pre-market,0,,0.12,0.381,0.079,74.91,113118000,,,,218.61,236.72,2.0661,,,,,,,699826000,,26.39,,252.0,160.02
2025-12-28,LECO,9.34,4176319000.0,26.39,,1.257,25.71,,,,,,,,,,,,,,,None,442776000,442776000,,,,,,None,13674000,,3.0,0.0122,,,,0.249,0.05,82205000,95879000,2.42,2008-03-31,22.83,,1531962000.0,177451000,78991000,25514000,,,None,2981000,None,,None,,,,,53477000,0,None,None,0.174,,98961000,78490000,,,,,None,,,,,1.591,9.54,3.257,,,,,,,,0.126,,,2025-10-30,quarterly,2.47,USD,pre-market,0,,0.12,0.381,0.079,74.91,98961000,,,,218.61,236.72,2.0661,,,,,,,620227000,,26.39,,252.0,160.02
2025-12-28,LECO,9.34,4176319000.0,26.39,,1.257,25.71,,,,,,,,,,,,,,,None,419338000,419338000,,,,,,None,13273000,,3.0,0.0122,,,,0.249,0.05,65796000,79069000,2.42,2007-12-31,22.83,,1531962000.0,160941000,69564000,20055000,,,None,11430000,None,,None,,,,,49509000,0,None,None,0.174,,95145000,66380000,,,,,None,,,,,1.591,9.54,3.257,,,,,,,,0.126,,,2025-10-30,quarterly,2.47,USD,pre-market,25794000,,0.12,0.381,0.079,74.91,95145000,,,,218.61,236.72,2.0661,,,,,,,580279000,,26.39,,252.0,160.02
2025-12-28,LECO,9.34,4176319000.0,26.39,,1.257,25.71,,,,,,,,,,,,,,,None,405083000,405083000,,,,,,None,13022000,,3.0,0.0122,,,,0.249,0.05,54579000,67601000,2.42,2007-09-30,22.83,,1531962000.0,159741000,70107000,20129000,,,None,2866000,None,,None,,,,,49978000,0,None,None,0.174,,92140000,67601000,,,,,None,,,,,1.591,9.54,3.257,,,,,,,,0.126,,,2025-10-30,quarterly,2.47,USD,pre-market,0,,0.12,0.381,0.079,74.91,92140000,,,,218.61,236.72,2.0661,,,,,,,564824000,,26.39,,252.0,160.02
2025-12-28,LECO,9.34,4176319000.0,26.39,,1.257,25.71,,,,,,,,,,,,,,,None,417970000,417970000,,,,,,None,13084000,,3.0,0.0122,,,,0.249,0.05,62267000,75351000,2.42,2007-06-30,22.83,,1531962000.0,168668000,78521000,23272000,,,None,2786000,None,,None,,,,,55249000,0,None,None,0.174,,93317000,75351000,,,,,None,,,,,1.591,9.54,3.257,,,,,,,,0.126,,,2025-10-30,quarterly,2.47,USD,pre-market,0,,0.12,0.381,0.079,74.91,93317000,,,,218.61,236.72,2.0661,,,,,,,586638000,,26.39,,252.0,160.02
2025-12-28,LECO,9.34,4176319000.0,26.39,,1.257,25.71,,,,,,,,,,,,,,,None,390827000,390827000,,,,,,None,12110000,,3.0,0.0122,,,,0.249,0.05,68696000,80806000,2.42,2007-03-31,22.83,,1531962000.0,158216000,68965000,20965000,,,None,2727000,None,,None,,,,,48000000,0,None,None,0.174,,89520000,68300000,,,,,None,,,,,1.591,9.54,3.257,,,,,,,,0.126,,,2025-10-30,quarterly,2.47,USD,pre-market,0,,0.12,0.381,0.079,74.91,89520000,,,,218.61,236.72,2.0661,,,,,,,549043000,,26.39,,252.0,160.02
2025-12-28,LECO,9.34,4176319000.0,26.39,,1.257,25.71,,,,,,,,,,,,,,,None,371467000,371467000,,,,,,None,11475000,,3.0,0.0122,,,,0.249,0.05,62710000,74185000,2.42,2006-12-31,22.83,,1531962000.0,134407000,61617000,9832000,,,None,10153000,None,,None,,,,,51785000,0,None,None,0.174,,71697000,59232000,,,,,None,,,,,1.591,9.54,3.257,,,,,,,,0.126,,,2025-10-30,quarterly,2.47,USD,pre-market,24055000,,0.12,0.381,0.079,74.91,74703000,,,,218.61,236.72,2.0661,,,,,,,505874000,,26.39,,252.0,160.02
2025-12-28,LECO,9.34,4176319000.0,26.39,,1.257,25.71,,,,,,,,,,,,,,,None,353800000,353800000,,,,,,None,12298000,,3.0,0.0122,,,,0.249,0.05,47355000,59653000,2.42,2006-09-30,22.83,,1531962000.0,141337000,61642000,17787000,,,None,2504000,None,,None,,,,,43855000,0,None,None,0.174,,81684000,59653000,,,,,None,,,,,1.591,9.54,3.257,,,,,,,,0.126,,,2025-10-30,quarterly,2.47,USD,pre-market,0,,0.12,0.381,0.079,74.91,81019000,,,,218.61,236.72,2.0661,,,,,,,495137000,,26.39,,252.0,160.02
2025-12-28,LECO,9.34,4176319000.0,26.39,,1.257,25.71,,,,,,,,,,,,,,,None,356043000,356043000,,,,,,None,11010000,,3.0,0.0122,,,,0.249,0.05,50729000,61739000,2.42,2006-06-30,22.83,,1531962000.0,146467000,63037000,20418000,,,None,2438000,None,,None,,,,,42619000,0,None,None,0.174,,84728000,61739000,,,,,None,,,,,1.591,9.54,3.257,,,,,,,,0.126,,,2025-10-30,quarterly,2.47,USD,pre-market,0,,0.12,0.381,0.079,74.91,83436000,,,,218.61,236.72,2.0661,,,,,,,502510000,,26.39,,252.0,160.02
2025-12-28,LECO,9.34,4176319000.0,26.39,,1.257,25.71,,,,,,,,,,,,,,,None,338328000,338328000,,,,,,None,10925000,,3.0,0.0122,,,,0.249,0.05,41421000,52346000,2.42,2006-03-31,22.83,,1531962000.0,130066000,51876000,15127000,,,None,2401000,None,,None,,,,,36749000,0,None,None,0.174,,77720000,52346000,,,,,None,,,,,1.591,9.54,3.257,,,,,,,,0.126,,,2025-10-30,quarterly,2.47,USD,pre-market,0,,0.12,0.381,0.079,74.91,76671000,,,,218.61,236.72,2.0661,,,,,,,468394000,,26.39,,252.0,160.02
2025-12-28,LECO,9.34,4176319000.0,26.39,,1.257,25.71,,,,,,,,,,,,,,,None,306878000,306878000,,,,,,None,11342000,,3.0,0.0122,,,,0.249,0.05,37966000,49308000,2.42,2005-12-31,22.83,,1531962000.0,113495000,38069000,8304000,,,None,7947000,None,,None,,,,,29765000,0,None,None,0.174,,75529000,37966000,,,,,None,,,,,1.591,9.54,3.257,,,,,,,,0.126,,,2025-10-30,quarterly,2.47,USD,pre-market,21594000,,0.12,0.381,0.079,74.91,75018000,,,,218.61,236.72,2.0661,,,,,,,420373000,,26.39,,252.0,160.02
2025-12-28,LECO,9.34,4176319000.0,26.39,,1.257,25.71,,,,,,,,,,,,,,,None,300821000,300821000,,,,,,None,10707000,,3.0,0.0122,,,,0.249,0.05,29014000,39721000,2.42,2005-09-30,22.83,,1531962000.0,111192000,42850000,4662000,,,None,2114000,None,,None,,,,,38188000,0,None,None,0.174,,71471000,39721000,,,,,None,,,,,1.591,9.54,3.257,,,,,,,,0.126,,,2025-10-30,quarterly,2.47,USD,pre-market,0,,0.12,0.381,0.079,74.91,71471000,,,,218.61,236.72,2.0661,,,,,,,412013000,,26.39,,252.0,160.02
2025-12-28,LECO,9.34,4176319000.0,26.39,,1.257,25.71,,,,,,,,,,,,,,,None,2530732000,2530732000,,,,,,None,88238000,,3.0,0.0122,,,,0.249,0.05,712282000,800520000,2.42,2024-12-31,22.83,,1531962000.0,1477938000,594149000,128041000,,,None,42786000,None,,None,,,,,466108000,466108000,-42786000,None,0.174,,841476000,636462000,,,,,None,,,,,1.591,9.54,3.257,,,,,,,,0.126,,,2025-10-30,annual,2.47,USD,pre-market,81821000,,0.12,0.381,0.079,74.91,780590000,,,,218.61,236.72,2.0661,,,,,,,4008670000,,26.39,,252.0,160.02
2025-12-28,LECO,9.34,4176319000.0,26.39,,1.257,25.71,,,,,,,,,,,,,,,None,2713939000,2713939000,,,,,,None,86670000,,3.0,0.0122,,,,0.249,0.05,702813000,789483000,2.42,2023-12-31,22.83,,1531962000.0,1477697000,686866000,141618000,,,None,44371000,None,,None,,,,,545248000,545248000,-44371000,None,0.174,,759848000,717849000,,,,,None,,,,,1.591,9.54,3.257,,,,,,,,0.126,,,2025-10-30,annual,2.47,USD,pre-market,71235000,,0.12,0.381,0.079,74.91,758910000,,,,218.61,236.72,2.0661,,,,,,,4191636000,,26.39,,252.0,160.02
2025-12-28,LECO,9.34,4176319000.0,26.39,,1.257,25.71,,,,,,,,,,,,,,,None,2480451000,2480451000,,,,,,None,78059000,,3.0,0.0122,,,,0.249,0.05,630050000,708109000,2.42,2022-12-31,22.83,,1531962000.0,1280760000,592827000,120603000,,,None,29500000,None,,None,,,,,472224000,472224000,-29500000,None,0.174,,668424000,612336000,,,,,9991000,,,,,1.591,9.54,3.257,,,,,,,,0.126,,,2025-10-30,annual,2.47,USD,pre-market,63207000,,0.12,0.381,0.079,74.91,656636000,,,,218.61,236.72,2.0661,,,,,,,3761211000,,26.39,,252.0,160.02
2025-12-28,LECO,9.34,4176319000.0,26.39,,1.257,25.71,,,,,,,,,,,,,,,None,2165575000,2165575000,,,,,,None,81146000,,3.0,0.0122,,,,0.249,0.05,594084000,675230000,2.42,2021-12-31,22.83,,1531962000.0,1068605000,324998000,48418000,,,None,22214000,None,,None,,,,,276580000,276580000,-22214000,None,0.174,,606936000,461669000,,,,,-114457000,,,,,1.591,9.54,3.257,,,,,,,,0.126,,,2025-10-30,annual,2.47,USD,pre-market,55969000,,0.12,0.381,0.079,74.91,597109000,,,,218.61,236.72,2.0661,,,,,,,3234180000,,26.39,,252.0,160.02
2025-12-28,LECO,9.34,4176319000.0,26.39,,1.257,25.71,,,,,,,,,,,,,,,None,1784059000,1784059000,,,,,,None,80492000,,3.0,0.0122,,,,0.249,0.05,329854000,410346000,2.42,2020-12-31,22.83,,1531962000.0,871341000,264040000,57896000,,,None,21973000,None,,None,,,,,206115000,206144000,-21973000,None,0.174,,589270000,282071000,,,,,3942000,,,,,1.591,9.54,3.257,,,,,,,,0.126,,,2025-10-30,annual,2.47,USD,pre-market,51414000,,0.12,0.381,0.079,74.91,543802000,,,,218.61,236.72,2.0661,,,,,,,2655400000,,26.39,,252.0,160.02
2025-12-28,LECO,9.34,4176319000.0,26.39,,1.257,25.71,,,,,,,,,,,,,,,None,1995685000,1995685000,,,,,,None,81487000,,3.0,0.0122,,,,0.249,0.05,385398000,466885000,2.42,2019-12-31,22.83,,1531962000.0,1007587000,368493000,75410000,,,None,23415000,20252000,,None,,,,,293109000,293083000,-23415000,None,0.174,,636677000,370910000,,,,,2527000,,,,,1.591,9.54,3.257,,,,,,,,0.126,,,2025-10-30,annual,2.47,USD,pre-market,56845000,,0.12,0.381,0.079,74.91,621489000,,,,218.61,236.72,2.0661,,,,,,,3003272000,,26.39,,252.0,160.02
2025-12-28,LECO,9.34,4176319000.0,26.39,,1.257,25.71,,,,,,,,,,,,,,,None,2000153000,2000153000,,,,,,None,72346000,,3.0,0.0122,,,,0.249,0.05,400939000,473285000,2.42,2018-12-31,22.83,,1531962000.0,1028521000,368660000,81667000,,,None,17565000,12084000,,None,,,,,287066000,286993000,-17565000,None,0.174,,652982000,375539000,,,,,6938000,,,,,1.591,9.54,3.257,,,,,,,,0.126,,,2025-10-30,annual,2.47,USD,pre-market,54168000,,0.12,0.381,0.079,74.91,627697000,,,,218.61,236.72,2.0661,,,,,,,3028674000,,26.39,,252.0,160.02
2025-12-28,LECO,9.34,4176319000.0,26.39,,1.257,25.71,,,,,,,,,,,,,,,None,1744746000,1744746000,,,,,,None,68115000,,3.0,0.0122,,,,0.249,0.05,348577000,416692000,2.42,2017-12-31,22.83,,1531962000.0,879685000,366236000,118761000,,,None,24220000,4788000,,None,,,,,247503000,247475000,-19432000,None,0.174,,502743000,377711000,,,,,12745000,,,,,1.591,9.54,3.257,,,,,,,,0.126,,,2025-10-30,annual,2.47,USD,pre-market,47899000,,0.12,0.381,0.079,74.91,545675000,,,,218.61,236.72,2.0661,,,,,,,2624431000,,26.39,,252.0,160.02
2025-12-28,LECO,9.34,4176319000.0,26.39,,1.257,25.71,,,,,,,,,,,,,,,None,1488055000,1488055000,,,,,,None,65073000,,3.0,0.0122,,,,0.249,0.05,318881000,383954000,2.42,2016-12-31,22.83,,1531962000.0,786559000,277388000,79015000,,,None,19079000,2092000,,None,,,,,198399000,198373000,-16987000,None,0.174,,502945000,288274000,,,,,8193000,,,,,1.591,9.54,3.257,,,,,,,,0.126,,,2025-10-30,annual,2.47,USD,pre-market,44720000,,0.12,0.381,0.079,74.91,466676000,,,,218.61,236.72,2.0661,,,,,,,2274614000,,26.39,,252.0,160.02
2025-12-28,LECO,9.34,4176319000.0,26.39,,1.257,25.71,,,,,,,,,,,,,,,None,1671767000,1671767000,,,,,,None,64007000,,3.0,0.0122,,,,0.249,0.05,377633000,441640000,2.42,2015-12-31,22.83,,1531962000.0,864024000,169787000,42375000,,,None,21824000,16095000,,None,,,,,127478000,127412000,None,None,0.174,,682324000,181700000,,,,,9911000,,,,,1.591,9.54,3.257,,,,,,,,0.126,,,2025-10-30,annual,2.47,USD,pre-market,47182000,,0.12,0.381,0.079,74.91,639486000,,,,218.61,236.72,2.0661,,,,,,,2535791000,,26.39,,252.0,160.02
2025-12-28,LECO,9.34,4176319000.0,26.39,,1.257,25.71,,,,,,,,,,,,,,,None,1860559000,1860559000,,,,,,None,69606999,,3.0,0.0122,,,,0.249,0.05,447284000,516890999,2.42,2014-12-31,22.83,,1531962000.0,952765000,375813000,121933000,,,None,10434000,None,,None,,,,,254686000,253880000,None,None,0.174,,579018000,373747000,,,,,12500000,,,,,1.591,9.54,3.257,,,,,,,,0.126,,,2025-10-30,annual,2.47,USD,pre-market,43256000,,0.12,0.381,0.079,74.91,545497000,,,,218.61,236.72,2.0661,,,,,,,2813324000,,26.39,,252.0,160.02
2025-12-28,LECO,9.34,4176319000.0,26.39,,1.257,25.71,,,,,,,,,,,,,,,None,1905900000,1905900000,,,,,,None,68883000,,3.0,0.0122,,,,0.249,0.05,435405000,504288000,2.42,2013-12-31,22.83,,1531962000.0,946771000,416441000,124754000,,,None,2864000,None,,None,,,,,293780000,291687000,None,None,0.174,,539786000,406985000,,,,,12320000,,,,,1.591,9.54,3.257,,,,,,,,0.126,,,2025-10-30,annual,2.47,USD,pre-market,42126000,,0.12,0.381,0.079,74.91,527206000,,,,218.61,236.72,2.0661,,,,,,,2852671000,,26.39,,252.0,160.02
2025-12-28,LECO,9.34,4176319000.0,26.39,,1.257,25.71,,,,,,,,,,,,,,,None,1985672000,1985672000,,,,,,None,65334000,,3.0,0.0122,,,,0.249,0.05,377082000,442416000,2.42,2012-12-31,22.83,,1531962000.0,867695000,369570000,112354000,,,None,4191000,None,,None,,,,,257411000,369570000,None,None,0.174,,497922000,362081000,,,,,11680000,,,,,1.591,9.54,3.257,,,,,,,,0.126,,,2025-10-30,annual,2.47,USD,pre-market,37305000,,0.12,0.381,0.079,74.91,495221000,,,,218.61,236.72,2.0661,,,,,,,2853367000,,26.39,,252.0,160.02
2025-12-28,LECO,9.34,4176319000.0,26.39,,1.257,25.71,,,,,,,,,,,,,,,None,1957872000,1957872000,,,,,,None,62051000,,3.0,0.0122,,,,0.249,0.05,308035000,370086000,2.42,2011-12-31,22.83,,1531962000.0,736737000,301331000,84318000,,,None,6704000,None,,None,,,,,217186000,217013000,None,None,0.174,,440057000,296680000,,,,,11355000,,,,,1.591,9.54,3.257,,,,,,,,0.126,,,2025-10-30,annual,2.47,USD,pre-market,32834000,,0.12,0.381,0.079,74.91,439775000,,,,218.61,236.72,2.0661,,,,,,,2694609000,,26.39,,252.0,160.02
2025-12-28,LECO,9.34,4176319000.0,26.39,,1.257,25.71,,,,,,,,,,,,,,,None,1506353000,1506353000,,,,,,None,57357000,,3.0,0.0122,,,,0.249,0.05,193799000,251156000,2.42,2010-12-31,22.83,,1531962000.0,563819000,187108000,54898000,,,None,6691000,None,,None,,,,,130244000,132210000,None,None,0.174,,377773000,186430000,,,,,7369000,,,,,1.591,9.54,3.257,,,,,,,,0.126,,,2025-10-30,annual,2.47,USD,pre-market,29489000,,0.12,0.381,0.079,74.91,377773000,,,,218.61,236.72,2.0661,,,,,,,2070172000,,26.39,,252.0,160.02
2025-12-28,LECO,9.34,4176319000.0,26.39,,1.257,25.71,,,,,,,,,,,,,,,None,1273017000,1273017000,,,,,,None,56598000,,3.0,0.0122,,,,0.249,0.05,96155000,152753000,2.42,2009-12-31,22.83,,1531962000.0,456268000,86481000,37905000,,,None,8521000,None,,None,,,,,48576000,None,None,None,0.174,,333395000,92976000,,,,,None,,,,,1.591,9.54,3.257,,,,,,,,0.126,,,2025-10-30,annual,2.47,USD,pre-market,27567000,,0.12,0.381,0.079,74.91,333395000,,,,218.61,236.72,2.0661,,,,,,,1729285000,,26.39,,252.0,160.02
2025-12-28,LECO,9.34,4176319000.0,26.39,,1.257,25.71,,,,,,,,,,,,,,,None,1758980000,1758980000,,,,,,None,56925000,,3.0,0.0122,,,,0.249,0.05,311964000,368889000,2.42,2008-12-31,22.83,,1531962000.0,720151000,299809000,87523000,,,None,12155000,None,,None,,,,,212286000,None,None,None,0.174,,424747000,295404000,,,,,None,,,,,1.591,9.54,3.257,,,,,,,,0.126,,,2025-10-30,annual,2.47,USD,pre-market,26736000,,0.12,0.381,0.079,74.91,405376000,,,,218.61,236.72,2.0661,,,,,,,2479131000,,26.39,,252.0,160.02
2025-12-28,LECO,9.34,4176319000.0,26.39,,1.257,25.71,,,,,,,,,,,,,,,None,1633218000,1633218000,,,,,,None,51489000,,3.0,0.0122,,,,0.249,0.05,299708000,351197000,2.42,2007-12-31,22.83,,1531962000.0,647566000,287157000,84421000,,,None,11430000,None,,None,,,,,202736000,None,None,None,0.174,,370122000,277632000,,,,,None,,,,,1.591,9.54,3.257,,,,,,,,0.126,,,2025-10-30,annual,2.47,USD,pre-market,25794000,,0.12,0.381,0.079,74.91,370122000,,,,218.61,236.72,2.0661,,,,,,,2280784000,,26.39,,252.0,160.02
2025-12-28,LECO,9.34,4176319000.0,26.39,,1.257,25.71,,,,,,,,,,,,,,,None,1419638000,1419638000,,,,,,None,45708000,,3.0,0.0122,,,,0.249,0.05,236448000,282156000,2.42,2006-12-31,22.83,,1531962000.0,552277000,238172000,63164000,,,None,10153000,None,,None,,,,,175008000,None,None,None,0.174,,315829000,232970000,,,,,None,,,,,1.591,9.54,3.257,,,,,,,,0.126,,,2025-10-30,annual,2.47,USD,pre-market,24055000,,0.12,0.381,0.079,74.91,315829000,,,,218.61,236.72,2.0661,,,,,,,1971915000,,26.39,,252.0,160.02
2025-12-28,LECO,9.34,4176319000.0,26.39,,1.257,25.71,,,,,,,,,,,,,,,None,1164275000,1164275000,,,,,,None,41865000,,3.0,0.0122,,,,0.249,0.05,151606000,193471000,2.42,2005-12-31,22.83,,1531962000.0,436915000,153899000,31593000,,,None,7947000,None,,None,,,,,122306000,None,None,None,0.174,,287070000,149845000,,,,,None,,,,,1.591,9.54,3.257,,,,,,,,0.126,,,2025-10-30,annual,2.47,USD,pre-market,21594000,,0.12,0.381,0.079,74.91,285309000,,,,218.61,236.72,2.0661,,,,,,,1601190000,,26.39,,252.0,160.02
2025-12-28,LECO,9.34,4176319000.0,26.39,None,1.257,25.71,,None,292997000,292997000,,,,,,,,,9858000,55488000,None,1164275000,1164275000,398721000,None,88203000,610616000,None,None,41865000,,3.0,0.0122,,,,0.249,0.05,151606000,193471000,2.42,2025-09-30,22.83,887885000,1531962000.0,436915000,153899000,31593000,None,None,None,7947000,None,671515000,None,None,1150315000,None,None,122306000,None,None,None,0.174,,287070000,149845000,204844000,439455000,None,210733000,None,,,,,1.591,9.54,3.257,,,,,,,,0.126,,None,2025-10-30,quarterly,2.47,USD,pre-market,21594000,4247354999,0.12,0.381,0.079,74.91,285309000,1294699000,102032000,None,218.61,236.72,2.0661,3815105000,1779972000,1039424000,2400472000,2035133000,1361048000,1601190000,1414633000,26.39,None,252.0,160.02
2025-12-28,LECO,9.34,4176319000.0,26.39,None,1.257,25.71,,None,299481000,299481000,,,,,,,,,9858000,56242000,None,1164275000,1164275000,375833000,None,105323000,554277000,None,None,41865000,,3.0,0.0122,,,,0.249,0.05,151606000,193471000,2.42,2025-06-30,22.83,829483000,1531962000.0,436915000,153899000,31593000,None,None,None,7947000,None,621440000,None,None,1150395000,None,None,122306000,None,None,None,0.174,,287070000,149845000,250028000,434439000,None,172122000,None,,,,,1.591,9.54,3.257,,,,,,,,0.126,,None,2025-10-30,quarterly,2.47,USD,pre-market,21594000,4168467000,0.12,0.381,0.079,74.91,285309000,1309674000,118722000,None,218.61,236.72,2.0661,3727369000,1725226000,1025239000,2347756000,2002143000,1322517000,1601190000,1379613000,26.39,None,252.0,160.02
2025-12-28,LECO,9.34,4176319000.0,26.39,None,1.257,25.71,,None,394705000,394705000,,,,,,,,,9858000,56818000,None,1164275000,1164275000,365267000,None,109620000,609984000,None,None,41865000,,3.0,0.0122,,,,0.249,0.05,151606000,193471000,2.42,2025-03-31,22.83,813698000,1531962000.0,436915000,153899000,31593000,None,None,None,7947000,None,574329000,None,None,1150473000,None,None,122306000,None,None,None,0.174,,287070000,149845000,150609000,482134000,None,164577000,None,,,,,1.591,9.54,3.257,,,,,,,,0.126,,None,2025-10-30,quarterly,2.47,USD,pre-market,21594000,4067213000,0.12,0.381,0.079,74.91,285309000,1312371000,122453000,None,218.61,236.72,2.0661,3625074000,1729627000,969854000,2284904000,1895447000,1315050000,1601190000,1340170000,26.39,None,252.0,160.02
2025-12-28,LECO,9.34,4176319000.0,26.39,None,1.257,25.71,,None,377262000,377262000,,,,,,,,,9858000,56818000,None,1164275000,1164275000,296590000,None,110524000,481979000,None,None,41865000,,3.0,0.0122,,,,0.249,0.05,151606000,193471000,2.42,2024-12-31,22.83,804927000,1531962000.0,436915000,153899000,31593000,221005000,221005000,None,7947000,None,544037000,None,None,1150551000,None,None,122306000,None,None,None,0.174,,287070000,149845000,242003000,458578000,None,152892000,None,,,,,1.591,9.54,3.257,,,,,,,,0.126,,None,2025-10-30,quarterly,2.47,USD,pre-market,21594000,3993016000,0.12,0.381,0.079,74.91,285309000,1316309000,123634000,None,218.61,236.72,2.0661,3520142000,1645281000,878802000,2192709000,1874861000,1313907000,1601190000,1327433000,26.39,None,252.0,160.02
2025-12-28,LECO,9.34,4176319000.0,26.39,None,1.257,25.71,,None,404218000,404218000,,,,,,,,,9858000,57066000,None,1164275000,1164275000,323584000,None,111993000,517035000,None,None,41865000,,3.0,0.0122,,,,0.249,0.05,151606000,193471000,2.42,2024-09-30,22.83,818828000,1531962000.0,436915000,153899000,31593000,None,None,None,7947000,None,612412000,None,None,1150616000,None,None,122306000,None,None,None,0.174,,287070000,149845000,223436000,501965000,None,223403000,None,,,,,1.591,9.54,3.257,,,,,,,,0.126,,None,2025-10-30,quarterly,2.47,USD,pre-market,21594000,3893883000,0.12,0.381,0.079,74.91,285309000,1322733000,125787000,None,218.61,236.72,2.0661,3664545000,1757101000,951336000,2325355000,1907444000,1374019000,1601190000,1339190000,26.39,None,252.0,160.02
2025-12-28,LECO,9.34,4176319000.0,26.39,None,1.257,25.71,,None,272672000,272672000,,,,,,,,,9858000,57366000,None,1164275000,1164275000,351445000,None,6254000,600308000,None,None,41865000,,3.0,0.0122,,,,0.249,0.05,151606000,193471000,2.42,2024-06-30,22.83,791991000,1531962000.0,436915000,153899000,31593000,None,None,None,7947000,None,582730000,None,None,1098430000,None,None,122306000,None,None,None,0.174,,287070000,149845000,157396000,318584000,None,220346000,None,,,,,1.591,9.54,3.257,,,,,,,,0.126,,None,2025-10-30,quarterly,2.47,USD,pre-market,21594000,3833267000,0.12,0.381,0.079,74.91,285309000,1160377000,19442000,None,218.61,236.72,2.0661,3415249000,1613106000,783567000,2102343000,1802143000,1318776000,1601190000,1312906000,26.39,None,252.0,160.02
2025-12-28,LECO,9.34,4176319000.0,26.39,None,1.257,25.71,,None,374978000,374978000,,,,,,,,,9858000,57641000,None,1164275000,1164275000,327798000,None,4720000,589661000,None,None,41865000,,3.0,0.0122,,,,0.249,0.05,151606000,193471000,2.42,2024-03-31,22.83,689868000,1531962000.0,436915000,153899000,31593000,None,None,None,7947000,None,567279000,None,None,1102677000,None,None,122306000,None,None,None,0.174,,287070000,149845000,147832000,310154000,None,220339000,None,,,,,1.591,9.54,3.257,,,,,,,,0.126,,None,2025-10-30,quarterly,2.47,USD,pre-market,21594000,3766297000,0.12,0.381,0.079,74.91,285309000,1161335000,17911000,None,218.61,236.72,2.0661,3379717000,1679750000,748873000,2071889000,1699967000,1323016000,1601190000,1307828000,26.39,None,252.0,160.02
2025-12-28,LECO,9.34,4176319000.0,26.39,None,1.257,25.71,,None,393787000,393787000,,,,,,,,,9858000,57911000,None,1164275000,1164275000,325435000,None,2439000,580646000,None,None,41865000,,3.0,0.0122,,,,0.249,0.05,151606000,193471000,2.42,2023-12-31,22.83,694452000,1531962000.0,436915000,153899000,31593000,186667000,186667000,None,7947000,None,562864000,None,None,1102771000,None,None,122306000,None,None,None,0.174,,287070000,149845000,155814000,321147000,None,197918000,None,,,,,1.591,9.54,3.257,,,,,,,,0.126,,None,2025-10-30,quarterly,2.47,USD,pre-market,21594000,3688038000,0.12,0.381,0.079,74.91,285309000,1159890000,15543000,None,218.61,236.72,2.0661,3377297000,1693111000,754610000,2068445000,1684186000,1313835000,1601190000,1308852000,26.39,None,252.0,160.02
2025-12-28,LECO,9.34,4176319000.0,26.39,None,1.257,25.71,,None,342667000,342667000,,,,,,,,,9858000,58136000,None,1164275000,1164275000,328460000,None,7700000,592715000,None,None,41865000,,3.0,0.0122,,,,0.249,0.05,151606000,193471000,2.42,2023-09-30,22.83,686625000,1531962000.0,436915000,153899000,31593000,686625000,686625000,None,7947000,None,612338000,None,None,1102858000,None,None,122306000,None,None,None,0.174,,287070000,149845000,124574000,340219000,None,189313000,None,,,,,1.591,9.54,3.257,,,,,,,,0.126,,None,2025-10-30,quarterly,2.47,USD,pre-market,21594000,3578154000,0.12,0.381,0.079,74.91,285309000,1164790000,20180000,None,218.61,236.72,2.0661,3325895000,1672294000,808142000,2100313000,1653601000,1292171000,1601190000,1225582000,26.39,None,252.0,160.02
2025-12-28,LECO,9.34,4176319000.0,26.39,None,1.257,25.71,,None,220483000,220483000,,,,,,,,,9858000,58303000,None,1164275000,1164275000,358160000,None,10406000,619604000,None,None,41865000,,3.0,0.0122,,,,0.249,0.05,151606000,193471000,2.42,2023-06-30,22.83,692457000,1531962000.0,436915000,153899000,31593000,692457000,692457000,None,7947000,None,674754000,None,None,1103898000,None,None,122306000,None,None,None,0.174,,287070000,149845000,131337000,297102000,None,195104000,None,,,,,1.591,9.54,3.257,,,,,,,,0.126,,563180000,2025-10-30,quarterly,2.47,USD,pre-market,21594000,3483127000,0.12,0.381,0.079,74.91,285309000,1168446000,21944000,None,218.61,236.72,2.0661,3311188000,1646178000,810762000,2109764000,1665010000,1299002000,1601190000,1201424000,26.39,None,252.0,160.02
2025-12-28,LECO,9.34,4176319000.0,26.39,None,1.257,25.71,,None,198803000,198803000,,,,,,,,,9858000,58417000,None,1164275000,1164275000,361236000,None,49340000,573467000,None,None,41865000,,3.0,0.0122,,,,0.249,0.05,151606000,193471000,2.42,2023-03-31,22.83,679385000,1531962000.0,436915000,153899000,31593000,679385000,679385000,None,7947000,None,664599000,None,None,1110626000,None,None,122306000,None,None,None,0.174,,287070000,149845000,173622000,425363000,None,181400000,None,,,,,1.591,9.54,3.257,,,,,,,,0.126,,553409000,2025-10-30,quarterly,2.47,USD,pre-market,21594000,3387543000,0.12,0.381,0.079,74.91,285309000,1159966000,49340000,None,218.61,236.72,2.0661,3253201000,1610491000,835939000,2127965000,1642710000,1292026000,1601190000,1125289000,26.39,None,252.0,160.02
2025-12-28,LECO,9.34,4176319000.0,26.39,None,1.257,25.71,,None,197150000,197150000,,,,,,,,,9858000,58459000,None,1164275000,1164275000,352079000,None,93483000,576781000,None,None,41865000,,3.0,0.0122,,,,0.249,0.05,151606000,193471000,2.42,2022-12-31,22.83,665257000,1531962000.0,436915000,153899000,31593000,202706000,202706000,None,7947000,None,665451000,None,None,1110396000,None,None,122306000,None,None,None,0.174,,287070000,149845000,118408000,283430000,None,166190000,None,,,,,1.591,9.54,3.257,,,,,,,,0.126,,544871000,2025-10-30,quarterly,2.47,USD,pre-market,21594000,3306500000,0.12,0.381,0.079,74.91,285309000,1250202000,103861000,None,218.61,236.72,2.0661,3180546000,1557790000,852897000,2146505000,1622755999,1293608000,1601190000,1034140000,26.39,-2488776000,252.0,160.02
2025-12-28,LECO,9.34,4176319000.0,26.39,None,1.257,25.71,,None,141307000,141307000,,,,,,,,,9858000,58526000,None,1164275000,1164275000,329890000,None,68375000,500594000,None,None,41865000,,3.0,0.0122,,,,0.249,0.05,151606000,193471000,2.42,2022-09-30,22.83,424505000,1531962000.0,436915000,153899000,31593000,424505000,424505000,None,7947000,None,632376000,None,None,711250000,None,None,122306000,None,None,None,0.174,,287070000,149845000,121121000,337776000,None,196159000,None,,,,,1.591,9.54,3.257,,,,,,,,0.126,,489961000,2025-10-30,quarterly,2.47,USD,pre-market,21594000,3237200000,0.12,0.381,0.079,74.91,285309000,826224000,78338000,None,218.61,236.72,2.0661,2651965000,1395398000,820328000,1727737000,1256567000,907409000,1601190000,924319000,26.39,-2464460000,252.0,160.02
2025-12-28,LECO,9.34,4176319000.0,26.39,None,1.257,25.71,,None,152796000,152796000,,,,,,,,,9858000,58688000,None,1164275000,1164275000,364495000,None,125458000,557022000,None,None,41865000,,3.0,0.0122,,,,0.249,0.05,151606000,193471000,2.42,2022-06-30,22.83,431615000,1531962000.0,436915000,153899000,31593000,None,None,None,7947000,None,639393000,None,None,712908000,None,None,122306000,None,None,None,0.174,,287070000,149845000,115992000,308638000,None,212239000,None,,,,,1.591,9.54,3.257,,,,,,,,0.126,,503088000,2025-10-30,quarterly,2.47,USD,pre-market,21594000,3160920000,0.12,0.381,0.079,74.91,285309000,883547000,135029000,None,218.61,236.72,2.0661,2741813000,1465203000,903683000,1828830000,1276610000,925146999,1601190000,913061000,26.39,-2438144000,252.0,160.02
2025-12-28,LECO,9.34,4176319000.0,26.39,None,1.257,25.71,,None,154373000,154373000,,,,,,,,,9858000,59272000,None,1164275000,1164275000,369415000,None,150560000,560172000,None,None,41865000,,3.0,0.0122,,,,0.249,0.05,151606000,193471000,2.42,2022-03-31,22.83,437141000,1531962000.0,436915000,153899000,31593000,None,None,None,7947000,None,599781000,None,None,715032000,None,None,122306000,None,None,None,0.174,,287070000,149845000,113507000,293900000,None,230600000,None,,,,,1.591,9.54,3.257,,,,,,,,0.126,,511873000,2025-10-30,quarterly,2.47,USD,pre-market,21594000,3063721000,0.12,0.381,0.079,74.91,285309000,916407000,160957000,None,218.61,236.72,2.0661,2736344000,1427833000,927652000,1873284000,1308511000,945632000,1601190000,863118000,26.39,-2413171000,252.0,160.02
2025-12-28,LECO,9.34,4176319000.0,26.39,None,1.257,25.71,,None,192958000,192958000,,,,,,,,,9858000,59637000,None,1164275000,1164275000,330230000,None,52730000,454374000,None,None,41865000,,3.0,0.0122,,,,0.249,0.05,151606000,193471000,2.42,2021-12-31,22.83,430162000,1531962000.0,436915000,153899000,31593000,149393000,149393000,None,7947000,None,539919000,None,None,717089000,None,None,122306000,None,None,None,0.174,,287070000,149845000,102342000,250230000,None,198686000,None,,,,,1.591,9.54,3.257,,,,,,,,0.126,,511744000,2025-10-30,quarterly,2.47,USD,pre-market,21594000,2970303000,0.12,0.381,0.079,74.91,285309000,818997000,62948000,604863000,218.61,236.72,2.0661,2592307000,1289593000,755905000,1728398000,1302713999,972492999,1601190000,864102000,26.39,-2309941000,252.0,160.02
2025-12-28,LECO,9.34,4176319000.0,26.39,None,1.257,25.71,,None,160559000,160559000,,,,,,,,,9858000,60055000,None,1164275000,1164275000,309202000,None,41404000,469719000,None,None,41865000,,3.0,0.0122,,,,0.249,0.05,151606000,193471000,2.42,2021-09-30,22.83,436039000,1531962000.0,436915000,153899000,31593000,None,None,None,7947000,None,524433000,None,None,717787000,None,None,122306000,None,None,None,0.174,,287070000,149845000,81247000,297552000,None,247697000,None,,,,,1.591,9.54,3.257,,,,,,,,0.126,,569406000,2025-10-30,quarterly,2.47,USD,pre-market,21594000,2930361000,0.12,0.381,0.079,74.91,285309000,810068000,52218000,None,218.61,236.72,2.0661,2568797000,1235958000,745420000,1710904000,1332839000,965484000,1601190000,857993000,26.39,-2251193000,252.0,160.02
2025-12-28,LECO,9.34,4176319000.0,26.39,None,1.257,25.71,,None,190884000,190884000,,,,,,,,,9858000,60164000,None,1164275000,1164275000,317771000,None,10435000,480748000,None,None,41865000,,3.0,0.0122,,,,0.249,0.05,151606000,193471000,2.42,2021-06-30,22.83,412803000,1531962000.0,436915000,153899000,31593000,None,None,None,7947000,None,477677000,None,None,718137000,None,None,122306000,None,None,None,0.174,,287070000,149845000,88631000,284523000,None,238946000,None,,,,,1.591,9.54,3.257,,,,,,,,0.126,,560954000,2025-10-30,quarterly,2.47,USD,pre-market,21594000,2928819000,0.12,0.381,0.079,74.91,285309000,777482000,21086000,None,218.61,236.72,2.0661,2512726000,1237940000,696020000,1653103000,1274786000,957083000,1601190000,859665000,26.39,-2201397000,252.0,160.02
2025-12-28,LECO,9.34,4176319000.0,26.39,None,1.257,25.71,,410748000,242126000,242126000,,,,,,,,,9858000,60299000,None,1164275000,1164275000,294062000,None,3607000,457059000,None,None,41865000,,3.0,0.0122,,,,0.249,0.05,151606000,193471000,2.42,2021-03-31,22.83,334194000,1531962000.0,436915000,153899000,31593000,334194000,334194000,None,7947000,None,415901000,None,None,715328000,None,None,122306000,None,None,None,0.174,,287070000,149845000,81201000,264104000,None,228552000,None,,,,,1.591,9.54,3.257,,,,,,,,0.126,,500449000,2025-10-30,quarterly,2.47,USD,pre-market,21594000,2864223000,0.12,0.381,0.079,74.91,285309000,760762000,14259000,None,218.61,236.72,2.0661,2361749000,1196287000,614461000,1558341000,1165461999,943879999,1601190000,803515000,26.39,-2176671000,252.0,160.02
2025-12-28,LECO,9.34,4176319000.0,26.39,None,1.257,25.71,,None,257279000,257279000,,,,,,,,,9858000,60301000,None,1164275000,1164275000,256529999,None,2734000,395600000,None,None,41865000,,3.0,0.0122,,,,0.249,0.05,151606000,193471000,2.42,2020-12-31,22.83,335593000,1531962000.0,436915000,153899000,31593000,134451000,134451000,None,7947000,None,381258000,None,None,715456000,None,None,122306000,None,None,None,0.174,,287070000,149845000,78206000,242367000,None,212556000,None,,,,,1.591,9.54,3.257,,,,,,,,0.126,,522092000,2025-10-30,quarterly,2.47,USD,pre-market,21594000,2821359000,0.12,0.381,0.079,74.91,285309000,763680000,14236000,None,218.61,236.72,2.0661,2314453000,1112343000,549449000,1524203000,1202110000,974754000,1601190000,789271000,26.39,-2149714000,252.0,160.02
2025-12-28,LECO,9.34,4176319000.0,26.39,None,1.257,25.71,,49770000,152479000,152479000,,,,,,,,,9858000,60018000,None,1164275000,1164275000,226494000,None,1147000,402732000,None,None,41865000,,3.0,0.0122,,,,0.249,0.05,151606000,193471000,2.42,2020-09-30,22.83,331473000,1531962000.0,436915000,153899000,31593000,None,None,None,7947000,None,396214000,None,None,715687000,None,None,122306000,None,None,None,0.174,,287070000,149845000,74786000,262859999,None,257907000,None,,,,,1.591,9.54,3.257,,,,,,,,0.126,,504520000,2025-10-30,quarterly,2.47,USD,pre-market,21594000,2790579000,0.12,0.381,0.079,74.91,285309000,766604000,13968000,None,218.61,236.72,2.0661,2217499000,1026211000,533160999,1506755000,1191287999,973594000,1601190000,709825000,26.39,-2151417000,252.0,160.02
2025-12-28,LECO,9.34,4176319000.0,26.39,None,1.257,25.71,,49252000,143055000,143055000,,,,,,,,,9858000,59831000,None,1164275000,1164275000,226799000,None,49597000,373919000,None,None,41865000,,3.0,0.0122,,,,0.249,0.05,151606000,193471000,2.42,2020-06-30,22.83,328622000,1531962000.0,436915000,153899000,31593000,None,None,None,7947000,None,417525000,None,None,715817000,None,None,122306000,None,None,None,0.174,,287070000,149845000,73280000,252380000,None,254540000,None,,,,,1.591,9.54,3.257,,,,,,,,0.126,,502249000,2025-10-30,quarterly,2.47,USD,pre-market,21594000,2762833000,0.12,0.381,0.079,74.91,285309000,814666000,62502000,None,218.61,236.72,2.0661,2199039000,1007779000,568571000,1538928000,1191260000,970357000,1601190000,659254000,26.39,-2152509000,252.0,160.02
2025-12-28,LECO,9.34,4176319000.0,26.39,None,1.257,25.71,,None,163375000,163375000,,,,,,,,,9858000,60799000,None,1164275000,1164275000,248335000,None,132378000,417896000,None,None,41865000,,3.0,0.0122,,,,0.249,0.05,151606000,193471000,2.42,2020-03-31,22.83,326584000,1531962000.0,436915000,153899000,31593000,None,None,None,7947000,None,398248000,None,None,715950000,None,None,122306000,None,None,None,0.174,,287070000,149845000,79825000,227979000,None,267168000,None,,,,,1.591,9.54,3.257,,,,,,,,0.126,,503179000,2025-10-30,quarterly,2.47,USD,pre-market,21594000,2767939000,0.12,0.381,0.079,74.91,285309000,899168000,145217000,None,218.61,236.72,2.0661,2305900000,1059344000,654822000,1637940000,1246556000,983118000,1601190000,667103000,26.39,-2149613000,252.0,160.02
2025-12-28,LECO,9.34,4176319000.0,26.39,None,1.257,25.71,,None,199563000,199563000,,,,,,,,,9858000,61710000,None,1164275000,1164275000,273002000,None,34969000,408215000,None,None,41865000,,3.0,0.0122,,,,0.249,0.05,151606000,193471000,2.42,2019-12-31,22.83,337107000,1531962000.0,436915000,153899000,31593000,177798000,177798000,None,7947000,None,393748000,None,None,712302000,None,2964000,122306000,None,None,None,0.174,,287070000,149845000,74055000,225552000,None,212413000,None,,,,,1.591,9.54,3.257,,,,,,,,0.126,,529344000,2025-10-30,quarterly,2.47,USD,pre-market,21594000,2736481000,0.12,0.381,0.079,74.91,285309000,799919000,48541000,532144000,218.61,236.72,2.0661,2371213000,1075581000,563135000,1552136000,1295632000,989001000,1601190000,818172000,26.39,-2041763000,252.0,160.02
2025-12-28,LECO,9.34,4176319000.0,26.39,None,1.257,25.71,,None,156612000,156612000,,,,,,,,,9858000,62061000,None,1164275000,1164275000,243837000,None,13293000,395355000,None,None,41865000,,3.0,0.0122,,,,0.249,0.05,151606000,193471000,2.42,2019-09-30,22.83,331311000,1531962000.0,436915000,153899000,31593000,None,None,None,7947000,None,411120000,None,None,713884000,None,4493000,122306000,None,None,None,0.174,,287070000,149845000,119347000,301349000,None,261031000,None,,,,,1.591,9.54,3.257,,,,,,,,0.126,,523229000,2025-10-30,quarterly,2.47,USD,pre-market,21594000,2704486000,0.12,0.381,0.079,74.91,285309000,727177000,27251000,None,218.61,236.72,2.0661,2361160000,1082434000,572437000,1547352000,1278726000,974915000,1601190000,812924000,26.39,-1973136000,252.0,160.02
2025-12-28,LECO,9.34,4176319000.0,26.39,None,1.257,25.71,,None,189861000,189861000,,,,,,,,,9858000,62970000,None,1164275000,1164275000,254814000,None,30110000,428353000,None,None,41865000,,3.0,0.0122,,,,0.249,0.05,151606000,193471000,2.42,2019-06-30,22.83,323016000,1531962000.0,436915000,153899000,31593000,None,None,None,7947000,None,397752000,None,None,710458000,None,2682000,122306000,None,None,None,0.174,,287070000,149845000,730111000,571011000,None,266806000,None,,,,,1.591,9.54,3.257,,,,,,,,0.126,,512364000,2025-10-30,quarterly,2.47,USD,pre-market,21594000,2661720000,0.12,0.381,0.079,74.91,285309000,740568000,30110000,None,218.61,236.72,2.0661,2394333000,1127863000,571011000,1548275000,1266470000,977264000,1601190000,846058000,26.39,-1913219000,252.0,160.02
2025-12-28,LECO,9.34,4176319000.0,26.39,None,1.257,25.71,,None,267134000,267134000,,,,,,,,,9858000,63899000,None,1164275000,1164275000,252840000,None,110000,423187000,None,None,41865000,,3.0,0.0122,,,,0.249,0.05,151606000,193471000,2.42,2019-03-31,22.83,282512000,1531962000.0,436915000,153899000,31593000,None,None,None,7947000,None,375737000,None,None,705725000,None,1063000,122306000,None,None,None,0.174,,287070000,149845000,817433000,525527000,None,258934000,None,,,,,1.591,9.54,3.257,,,,,,,,0.126,,476876000,2025-10-30,quarterly,2.47,USD,pre-market,21594000,2605265000,0.12,0.381,0.079,74.91,285309000,705835000,110000,None,218.61,236.72,2.0661,2354851000,1193170000,525527000,1490186000,1161681000,964659000,1601190000,864665000,26.39,-1828025000,252.0,160.02
2025-12-28,LECO,9.34,4176319000.0,26.39,None,1.257,25.71,,None,358849000,358849000,,,,,,,,,9858000,64559000,None,1164275000,1164275000,268600000,None,111000,396885000,None,None,41865000,,3.0,0.0122,,,,0.249,0.05,151606000,193471000,2.42,2018-12-31,22.83,281294000,1531962000.0,436915000,153899000,31593000,147946000,147946000,None,7947000,None,361829000,None,None,709582000,None,302000,122306000,None,None,None,0.174,,287070000,149845000,875970000,252448000,None,175517000,None,,,,,1.591,9.54,3.257,,,,,,,,0.126,,478801000,2025-10-30,quarterly,2.47,USD,pre-market,21594000,2564440000,0.12,0.381,0.079,74.91,285309000,702660000,111000,449937000,218.61,236.72,2.0661,2349825000,1237799000,538182000,1462233000,1112026000,924051000,1601190000,887592000,26.39,-1753925000,252.0,160.02
2025-12-28,LECO,9.34,4176319000.0,26.39,None,1.257,25.71,,None,398200000,398200000,,,,,,,,,9858000,65652000,None,1164275000,1164275000,246783000,None,110000,409594000,None,None,41865000,,3.0,0.0122,,,,0.249,0.05,151606000,193471000,2.42,2018-09-30,22.83,233741000,1531962000.0,436915000,153899000,31593000,233741000,233741000,None,7947000,None,377431000,None,None,709339000,None,None,122306000,None,None,None,0.174,,287070000,149845000,1028141000,545551000,None,247758000,None,,,,,1.591,9.54,3.257,,,,,,,,0.126,,461828000,2025-10-30,quarterly,2.47,USD,pre-market,21594000,2505396000,0.12,0.381,0.079,74.91,285309000,699262000,794000,99282000,218.61,236.72,2.0661,2419645000,1405572000,545551000,1491777000,1014073000,946226000,1601190000,927868000,26.39,-1674232000,252.0,160.02
2025-12-28,LECO,9.34,4176319000.0,26.39,None,1.257,25.71,,None,357094000,357094000,,,,,,,,,9858000,66121000,None,1164275000,1164275000,269824000,None,111000,425806000,None,None,41865000,,3.0,0.0122,,,,0.249,0.05,151606000,193471000,2.42,2018-06-30,22.83,233982000,1531962000.0,436915000,153899000,31593000,233982000,233982000,None,7947000,None,365634000,None,None,709300000,None,None,122306000,None,None,None,0.174,,287070000,149845000,1045933000,539758000,None,250271000,None,,,,,1.591,9.54,3.257,,,,,,,,0.126,,468205000,2025-10-30,quarterly,2.47,USD,pre-market,21594000,2461130000,0.12,0.381,0.079,74.91,285309000,702083000,1889000,139059000,218.61,236.72,2.0661,2433731000,1411567000,539758000,1490223000,1022164000,950465000,1601190000,943508000,26.39,-1603409000,252.0,160.02
2025-12-28,LECO,9.34,4176319000.0,26.39,None,1.257,25.71,,None,369056000,369056000,,,,,,,,,9858000,66443000,None,1164275000,1164275000,277122000,None,111000,442740000,None,None,41865000,,3.0,0.0122,,,,0.249,0.05,151606000,193471000,2.42,2018-03-31,22.83,236569000,1531962000.0,436915000,153899000,31593000,236569000,236569000,None,7947000,None,381530000,None,None,700869000,None,None,122306000,None,None,None,0.174,,287070000,149845000,1064315000,550200000,None,256759000,None,,,,,1.591,9.54,3.257,,,,,,,,0.126,,482805000,2025-10-30,quarterly,2.47,USD,pre-market,21594000,2417773000,0.12,0.381,0.079,74.91,285309000,702850000,1981000,136704000,218.61,236.72,2.0661,2488500000,1445845000,550200000,1507828000,1042655000,957628000,1601190000,980672000,26.39,-1567725000,252.0,160.02
2025-12-28,LECO,9.34,4176319000.0,26.39,None,1.257,25.71,,None,326701000,326701000,,,,,,,,,9858000,66530000,None,1164275000,1164275000,269763000,None,111000,395279000,None,None,41865000,,3.0,0.0122,,,,0.249,0.05,151606000,193471000,2.42,2017-12-31,22.83,234582000,1531962000.0,436915000,153899000,31593000,127452000,127452000,None,7947000,None,348667000,None,None,704136000,None,None,122306000,None,None,None,0.174,,287070000,149845000,1024941000,237165000,None,200500000,None,,,,,1.591,9.54,3.257,,,,,,,,0.126,,477031000,2025-10-30,quarterly,2.47,USD,pre-market,21594000,2388219000,0.12,0.381,0.079,74.91,285309000,706267000,2131000,179125000,218.61,236.72,2.0661,2406547000,1373608000,528742000,1474094000,1032939000,945352000,1601190000,932453000,26.39,-1553563000,252.0,160.02
2025-12-28,LECO,9.34,4176319000.0,26.39,None,1.257,25.71,,None,299453000,299453000,,,,,,,,,9858000,66702000,None,1164275000,1164275000,242253000,None,109000,401231000,None,None,41865000,,3.0,0.0122,,,,0.249,0.05,151606000,193471000,2.42,2017-09-30,22.83,235899000,1531962000.0,436915000,153899000,31593000,235899000,235899000,None,7947000,None,389722000,None,None,704804000,None,None,122306000,None,None,None,0.174,,287070000,149845000,988959000,539856000,None,220515000,None,,,,,1.591,9.54,3.257,,,,,,,,0.126,,475071000,2025-10-30,quarterly,2.47,USD,pre-market,21594000,2389771000,0.12,0.381,0.079,74.91,285309000,706939000,2135000,179284000,218.61,236.72,2.0661,2411103000,1378681000,539856000,1465175000,1032422000,925319000,1601190000,945928000,26.39,-1534650000,252.0,160.02
2025-12-28,LECO,9.34,4176319000.0,26.39,None,1.257,25.71,,None,395735000,395735000,,,,,,,,,9858000,66743000,None,1164275000,1164275000,194758000,None,711180000,323185000,None,None,41865000,,3.0,0.0122,,,,0.249,0.05,151606000,193471000,2.42,2017-06-30,22.83,234109000,1531962000.0,436915000,153899000,31593000,234109000,234109000,None,7947000,None,289635000,None,None,704732000,None,None,122306000,None,None,None,0.174,,287070000,149845000,918197000,415643000,None,149522000,None,,,,,1.591,9.54,3.257,,,,,,,,0.126,,384947000,2025-10-30,quarterly,2.47,USD,pre-market,21594000,2306814000,0.12,0.381,0.079,74.91,285309000,706685000,1953000,103864000,218.61,236.72,2.0661,2121673000,1207832000,415643000,1269897000,913841000,854254000,1601190000,851776000,26.39,-1519597000,252.0,160.02
2025-12-28,LECO,9.34,4176319000.0,26.39,None,1.257,25.71,,None,401440000,401440000,,,,,,,,,9858000,66583000,None,1164275000,1164275000,186253000,None,2136000,302599000,None,None,41865000,,3.0,0.0122,,,,0.249,0.05,151606000,193471000,2.42,2017-03-31,22.83,233474000,1531962000.0,436915000,153899000,31593000,233474000,233474000,None,7947000,None,281250000,None,None,703378000,None,None,122306000,None,None,None,0.174,,287070000,149845000,866820000,422263000,None,142912000,None,,,,,1.591,9.54,3.257,,,,,,,,0.126,,376120000,2025-10-30,quarterly,2.47,USD,pre-market,21594000,2268707000,0.12,0.381,0.079,74.91,285309000,705514000,2136000,70045000,218.61,236.72,2.0661,2052677000,1148070000,422263000,1268553000,904607000,846290000,1601190000,784124000,26.39,-1514050000,252.0,160.02
2025-12-28,LECO,9.34,4176319000.0,26.39,None,1.257,25.71,,None,379179000,379179000,,,,,,,,,9858000,66303000,None,1164275000,1164275000,176757000,None,131000,273993000,None,None,41865000,,3.0,0.0122,,,,0.249,0.05,151606000,193471000,2.42,2016-12-31,22.83,231919000,1531962000.0,436915000,153899000,31593000,130088000,130088000,None,7947000,None,255406000,None,None,703704000,None,27301000,122306000,None,None,None,0.174,,287070000,149845000,788307000,188223000,None,97803000,None,,,,,1.591,9.54,3.257,,,,,,,,0.126,,372377000,2025-10-30,quarterly,2.47,USD,pre-market,21594000,2236071000,0.12,0.381,0.079,74.91,285309000,705593000,1889000,38922000,218.61,236.72,2.0661,1943437000,1043713000,388107000,1231231000,899724000,843124000,1601190000,712206000,26.39,-1514832000,252.0,160.02
2025-12-28,LECO,9.34,4176319000.0,26.39,None,1.257,25.71,,None,256928000,256928000,,,,,,,,,9858000,67182000,None,1164275000,1164275000,164783000,None,183827000,281039000,None,None,41865000,,3.0,0.0122,,,,0.249,0.05,151606000,193471000,2.42,2016-09-30,22.83,236588000,1531962000.0,436915000,153899000,31593000,236588000,236588000,None,7947000,None,285199000,None,None,359831000,None,None,122306000,None,None,None,0.174,,287070000,149845000,635279000,596059000,None,125014000,None,,,,,1.591,9.54,3.257,,,,,,,,0.126,,384817000,2025-10-30,quarterly,2.47,USD,pre-market,21594000,2205798000,0.12,0.381,0.079,74.91,285309000,543658000,183827000,0,218.61,236.72,2.0661,1833821000,920478000,596059000,1080904000,913343000,484845000,1601190000,752917000,26.39,-1465872000,252.0,160.02
2025-12-28,LECO,9.34,4176319000.0,26.39,None,1.257,25.71,,None,237019000,237019000,,,,,,,,,9858000,68890000,None,1164275000,1164275000,173037000,None,159908000,291645000,None,None,41865000,,3.0,0.0122,,,,0.249,0.05,151606000,193471000,2.42,2016-06-30,22.83,237457000,1531962000.0,436915000,153899000,31593000,237457000,237457000,None,7947000,None,292587000,None,None,360931000,None,None,122306000,None,None,None,0.174,,287070000,149845000,629031000,559790000,None,124266000,None,,,,,1.591,9.54,3.257,,,,,,,,0.126,,383867000,2025-10-30,quarterly,2.47,USD,pre-market,21594000,2167000000,0.12,0.381,0.079,74.91,285309000,520839000,159908000,0,218.61,236.72,2.0661,1837401000,921618000,559790000,1044987000,915783000,485197000,1601190000,792414000,26.39,-1381860000,252.0,160.02
2025-12-28,LECO,9.34,4176319000.0,26.39,None,1.257,25.71,,None,220996000,220996000,,,,,,,,,9858000,70246000,None,1164275000,1164275000,159590000,None,None,286120000,None,None,41865000,,3.0,0.0122,,,,0.249,0.05,151606000,193471000,2.42,2016-03-31,22.83,190596000,1531962000.0,436915000,153899000,31593000,190596000,190596000,None,7947000,None,292709000,None,None,350106000,None,None,122306000,None,None,None,0.174,,287070000,149845000,609638000,401455000,None,132865000,None,,,,,1.591,9.54,3.257,,,,,,,,0.126,,413826000,2025-10-30,quarterly,2.47,USD,pre-market,21594000,2157330000,0.12,0.381,0.079,74.91,285309000,374950000,24844000,0,218.61,236.72,2.0661,1777095000,902347000,401455000,884426000,874748000,482971000,1601190000,892669000,26.39,-1282655000,252.0,160.02
2025-12-28,LECO,9.34,4176319000.0,26.39,-693626000,1.257,25.71,,None,304183000,304183000,,,,,,,,,9858000,72121000,None,1164275000,1164275000,152620000,None,1456000,264715000,None,None,41865000,,3.0,0.0122,,,,0.249,0.05,151606000,193471000,2.42,2015-12-31,22.83,187504000,1531962000.0,436915000,153899000,31593000,120719000,120719000,None,7947000,None,275930000,None,None,350347000,None,59334000,122306000,None,None,None,0.174,,287070000,149845000,660065000,197112000,None,84592000,None,,,,,1.591,9.54,3.257,,,,,,,,0.126,,411323000,2025-10-30,quarterly,2.47,USD,pre-market,21594000,2125838000,0.12,0.381,0.079,74.91,285309000,354625000,4278000,0,218.61,236.72,2.0661,1784171000,935995000,370122000,851723000,848176000,481601000,1601190000,932448000,26.39,-1180750000,252.0,160.02
2025-12-28,LECO,9.34,4176319000.0,26.39,-694535000,1.257,25.71,,None,364345000,364345000,,,,,,,,,9858000,73754000,None,1164275000,1164275000,166858000,None,None,310824000,None,None,41865000,,3.0,0.0122,,,,0.249,0.05,151606000,193471000,2.42,2015-09-30,22.83,0,1531962000.0,436915000,153899000,31593000,0,0,None,7947000,None,308625000,None,None,350899000,None,None,122306000,None,None,None,0.174,,287070000,149845000,85064000,268118000,None,127794000,None,,,,,1.591,9.54,3.257,,,,,,,,0.126,,421940000,2025-10-30,quarterly,2.47,USD,pre-market,21594000,2100334000,0.12,0.381,0.079,74.91,285309000,353352000,2453000,0,218.61,236.72,2.0661,1928091000,1068858000,437429000,916122000,859233000,478693000,1601190000,1011082000,26.39,-1079816000,252.0,160.02
2025-12-28,LECO,9.34,4176319000.0,26.39,-671744000,1.257,25.71,,None,312737000,312737000,,,,,,,,,9858000,75773000,None,1164275000,1164275000,172114000,None,None,329223000,None,None,41865000,,3.0,0.0122,,,,0.249,0.05,151606000,193471000,2.42,2015-06-30,22.83,0,1531962000.0,436915000,153899000,31593000,0,0,None,7947000,None,321723000,None,None,151563000,None,None,122306000,None,None,None,0.174,,287070000,149845000,125553000,235847000,None,131389000,None,,,,,1.591,9.54,3.257,,,,,,,,0.126,,429329000,2025-10-30,quarterly,2.47,USD,pre-market,21594000,2181813000,0.12,0.381,0.079,74.91,285309000,214158000,62595000,0,218.61,236.72,2.0661,1950166000,1089236000,470556000,753508000,860930000,282952000,1601190000,1195680000,26.39,-940687000,252.0,160.02
2025-12-28,LECO,9.34,4176319000.0,26.39,-656763000,1.257,25.71,,None,289017000,289017000,,,,,,,,,9858000,77059000,None,1164275000,1164275000,185944000,None,None,334928000,None,None,41865000,,3.0,0.0122,,,,0.249,0.05,151606000,193471000,2.42,2015-03-31,22.83,0,1531962000.0,436915000,153899000,31593000,0,0,None,7947000,None,332892000,None,None,3882000,None,None,122306000,None,None,None,0.174,,287070000,149845000,762110000,608425000,None,129246000,None,,,,,1.591,9.54,3.257,,,,,,,,0.126,,423020000,2025-10-30,quarterly,2.47,USD,pre-market,21594000,2132608000,0.12,0.381,0.079,74.91,285309000,171867000,167985000,0,218.61,236.72,2.0661,1921508000,1095002000,608425000,741553000,826506000,133128000,1601190000,1179955000,26.39,-885477000,252.0,160.02
2025-12-28,LECO,9.34,4176319000.0,26.39,-665393000,1.257,25.71,,None,278379000,278379000,,,,,,,,,9858000,78280000,None,1164275000,1164275000,202482000,None,7011000,321862000,None,None,41865000,,3.0,0.0122,,,,0.249,0.05,151606000,193471000,2.42,2014-12-31,22.83,179517000,1531962000.0,436915000,153899000,31593000,132361000,132361000,None,7947000,None,330840000,None,None,2488000,None,58600000,122306000,None,None,None,0.174,,287070000,149845000,767837000,195303000,None,117766000,None,,,,,1.591,9.54,3.257,,,,,,,,0.126,,437209000,2025-10-30,quarterly,2.47,USD,pre-market,21594000,2086174000,0.12,0.381,0.079,74.91,285309000,70654000,68166000,0,218.61,236.72,2.0661,1939215000,1098677000,492419000,653434000,840538000,161015000,1601190000,1285781000,26.39,-783677000,252.0,160.02
2025-12-28,LECO,9.34,4176319000.0,26.39,-661841000,1.257,25.71,,None,279523000,279523000,,,,,,,,,9858000,79725000,None,1164275000,1164275000,186751000,None,None,354376000,None,None,41865000,,3.0,0.0122,,,,0.249,0.05,151606000,193471000,2.42,2014-09-30,22.83,0,1531962000.0,436915000,153899000,31593000,0,0,None,7947000,None,337197000,None,None,1041000,None,None,122306000,None,None,None,0.174,,287070000,149845000,238740000,297449000,None,163298000,None,,,,,1.591,9.54,3.257,,,,,,,,0.126,,450016000,2025-10-30,quarterly,2.47,USD,pre-market,21594000,2033290000,0.12,0.381,0.079,74.91,285309000,88542000,87501000,0,218.61,236.72,2.0661,2112519000,1209836000,571701000,736040000,902683000,164339000,1601190000,1373339000,26.39,-727168000,252.0,160.02
2025-12-28,LECO,9.34,4176319000.0,26.39,-674252000,1.257,25.71,,None,204285000,204285000,,,,,,,,,9858000,80773000,None,1164275000,1164275000,196929000,None,None,407223000,None,None,41865000,,3.0,0.0122,,,,0.249,0.05,151606000,193471000,2.42,2014-06-30,22.83,0,1531962000.0,436915000,153899000,31593000,0,0,None,7947000,None,368027000,None,None,1159000,None,None,122306000,None,None,None,0.174,,287070000,149845000,737712000,464489000,None,157718000,None,,,,,1.591,9.54,3.257,,,,,,,,0.126,,481861000,2025-10-30,quarterly,2.47,USD,pre-market,21594000,2005468000,0.12,0.381,0.079,74.91,285309000,8067000,6908000,0,218.61,236.72,2.0661,2144839000,1105739000,464489000,623366000,1039100000,158877000,1601190000,1521473000,26.39,-597898000,252.0,160.02
2025-12-28,LECO,9.34,4176319000.0,26.39,-668365000,1.257,25.71,,None,205387000,205387000,,,,,,,,,9858000,81616000,None,1164275000,1164275000,199739000,None,None,405675000,None,None,41865000,,3.0,0.0122,,,,0.249,0.05,151606000,193471000,2.42,2014-03-31,22.83,0,1531962000.0,436915000,153899000,31593000,0,0,None,7947000,None,363554000,None,None,2678000,None,None,122306000,None,None,None,0.174,,287070000,149845000,721391000,431912000,None,167273000,None,,,,,1.591,9.54,3.257,,,,,,,,0.126,,479287000,2025-10-30,quarterly,2.47,USD,pre-market,21594000,1946414000,0.12,0.381,0.079,74.91,285309000,9981000,7303000,0,218.61,236.72,2.0661,2113976000,1084945000,431912000,601863000,1029031000,169951000,1601190000,1512113000,26.39,-530082000,252.0,160.02
2025-12-28,LECO,9.34,4176319000.0,26.39,-661452000,1.257,25.71,,None,299825000,299825000,,,,,,,,,9858000,82184000,None,1164275000,1164275000,212799000,None,None,367134000,None,None,41865000,,3.0,0.0122,,,,0.249,0.05,151606000,193471000,2.42,2013-12-31,22.83,174715000,1531962000.0,436915000,153899000,31593000,147012000,147012000,None,7947000,None,349963000,None,None,3791000,None,59381000,122306000,None,None,None,0.174,,287070000,149845000,780812000,204365000,None,112368000,None,,,,,1.591,9.54,3.257,,,,,,,,0.126,,484005000,2025-10-30,quarterly,2.47,USD,pre-market,21594000,1908462000,0.12,0.381,0.079,74.91,285309000,19087000,15296000,0,218.61,236.72,2.0661,2151867000,1130775000,456779000,621179000,1021092000,164400000,1601190000,1530688000,26.39,-480296000,252.0,160.02
2025-12-28,LECO,9.34,4176319000.0,26.39,-654869000,1.257,25.71,,None,330309000,330309000,,,,,,,,,9858000,82707000,None,1164275000,1164275000,177006000,None,None,375224000,None,None,41865000,,3.0,0.0122,,,,0.249,0.05,151606000,193471000,2.42,2013-09-30,22.83,0,1531962000.0,436915000,153899000,31593000,0,0,None,7947000,None,369863000,None,None,1251000,None,None,122306000,None,None,None,0.174,,287070000,149845000,812786000,481195000,None,208376000,None,,,,,1.591,9.54,3.257,,,,,,,,0.126,,478673000,2025-10-30,quarterly,2.47,USD,pre-market,21594000,1838770000,0.12,0.381,0.079,74.91,285309000,16143000,14892000,0,218.61,236.72,2.0661,2119641000,1182649000,481195000,690822000,936992000,209627000,1601190000,1428819000,26.39,-427644000,252.0,160.02
2025-12-28,LECO,9.34,4176319000.0,26.39,-642333000,1.257,25.71,,None,256389000,256389000,,,,,,,,,9858000,83411000,None,1164275000,1164275000,195459000,None,None,396383000,None,None,41865000,,3.0,0.0122,,,,0.249,0.05,151606000,193471000,2.42,2013-06-30,22.83,0,1531962000.0,436915000,153899000,31593000,0,0,None,7947000,None,367631000,None,None,1388000,None,None,122306000,None,None,None,0.174,,287070000,149845000,766593000,452685000,None,211589000,None,,,,,1.591,9.54,3.257,,,,,,,,0.126,,476152000,2025-10-30,quarterly,2.47,USD,pre-market,21594000,1789049000,0.12,0.381,0.079,74.91,285309000,16164000,14776000,0,218.61,236.72,2.0661,2060117000,1134224000,452685000,665662000,925893000,212977000,1601190000,1394455000,26.39,-384849000,252.0,160.02
2025-12-28,LECO,9.34,4176319000.0,26.39,-641169000,1.257,25.71,,None,248455000,248455000,,,,,,,,,9858000,83786000,None,1164275000,1164275000,216256000,None,None,423767000,None,None,41865000,,3.0,0.0122,,,,0.249,0.05,151606000,193471000,2.42,2013-03-31,22.83,0,1531962000.0,436915000,153899000,31593000,0,0,None,7947000,None,377260000,None,None,1448000,None,None,122306000,None,None,None,0.174,,287070000,149845000,787400000,458981000,None,239553000,None,,,,,1.591,9.54,3.257,,,,,,,,0.126,,481074000,2025-10-30,quarterly,2.47,USD,pre-market,21594000,1732884000,0.12,0.381,0.079,74.91,285309000,18483000,17035000,0,218.61,236.72,2.0661,2103527000,1164660000,458981000,699982000,938867000,241001000,1601190000,1403545000,26.39,-329365000,252.0,160.02
2025-12-28,LECO,9.34,4176319000.0,26.39,-634602000,1.257,25.71,,None,286464000,286464000,,,,,,,,,9858000,83677000,None,1164275000,1164275000,209647000,None,None,360662000,None,None,41865000,,3.0,0.0122,,,,0.249,0.05,151606000,193471000,2.42,2012-12-31,22.83,132903000,1531962000.0,436915000,153899000,31593000,132902000,132902000,None,7947000,None,364890000,None,None,1599000,None,55793000,122306000,None,None,None,0.174,,287070000,149845000,767926000,185609000,None,281327000,None,,,,,1.591,9.54,3.257,,,,,,,,0.126,,486236000,2025-10-30,quarterly,2.47,USD,pre-market,21594000,1682668000,0.12,0.381,0.079,74.91,285309000,20275000,18676000,0,218.61,236.72,2.0661,2089863000,1132816000,440267000,731542000,957047000,291275000,1601190000,1358321000,26.39,-319877000,252.0,160.02
2025-12-28,LECO,9.34,4176319000.0,26.39,-634180000,1.257,25.71,,None,340675000,340675000,,,,,,,,,9858000,83916000,None,1164275000,1164275000,186545000,None,None,391360000,None,None,41865000,,3.0,0.0122,,,,0.249,0.05,151606000,193471000,2.42,2012-09-30,22.83,0,1531962000.0,436915000,153899000,31593000,0,0,None,7947000,None,390948000,None,None,1680000,None,None,122306000,None,None,None,0.174,,287070000,149845000,116648000,286663000,None,260949000,None,,,,,1.591,9.54,3.257,,,,,,,,0.126,,479024000,2025-10-30,quarterly,2.47,USD,pre-market,21594000,1637169000,0.12,0.381,0.079,74.91,285309000,21174000,19494000,0,218.61,236.72,2.0661,2091522000,1239631000,492702000,755331000,851891000,262629000,1601190000,1336191000,26.39,-302311000,252.0,160.02
2025-12-28,LECO,9.34,4176319000.0,26.39,-630869000,1.257,25.71,,None,307963000,307963000,,,,,,,,,9858000,84448000,None,1164275000,1164275000,202413000,None,None,422532000,None,None,41865000,,3.0,0.0122,,,,0.249,0.05,151606000,193471000,2.42,2012-06-30,22.83,0,1531962000.0,436915000,153899000,31593000,0,0,None,7947000,None,400562000,None,None,2396000,None,None,122306000,None,None,None,0.174,,287070000,149845000,105283000,236274000,None,279164000,None,,,,,1.591,9.54,3.257,,,,,,,,0.126,,476478000,2025-10-30,quarterly,2.47,USD,pre-market,21594000,1586527000,0.12,0.381,0.079,74.91,285309000,23129000,20733000,0,218.61,236.72,2.0661,2021988000,1236340000,459420000,740980000,785648000,281560000,1601190000,1281008000,26.39,-282524000,252.0,160.02
2025-12-28,LECO,9.34,4176319000.0,26.39,-635908000,1.257,25.71,,None,300838000,300838000,,,,,,,,,9858000,84608000,None,1164275000,1164275000,208004000,None,None,430448000,None,None,41865000,,3.0,0.0122,,,,0.249,0.05,151606000,193471000,2.42,2012-03-31,22.83,0,1531962000.0,436915000,153899000,31593000,0,0,None,7947000,None,401374000,None,None,2494000,None,None,122306000,None,None,None,0.174,,287070000,149845000,103342000,223371000,None,300266000,None,,,,,1.591,9.54,3.257,,,,,,,,0.126,,486872000,2025-10-30,quarterly,2.47,USD,pre-market,21594000,1534406000,0.12,0.381,0.079,74.91,285309000,25041000,22547000,0,218.61,236.72,2.0661,2022311000,1236002000,453922000,756682000,786309000,302760000,1601190000,1265629000,26.39,-265006000,252.0,160.02
2025-12-28,LECO,9.34,4176319000.0,26.39,-619867000,1.257,25.71,,None,361101000,361101000,,,,,,,,,9858000,83452000,None,1164275000,1164275000,176312000,None,None,386197000,None,None,41865000,,3.0,0.0122,,,,0.249,0.05,151606000,193471000,2.42,2011-12-31,22.83,65101000,1531962000.0,436915000,153899000,31593000,94471000,94471000,None,7947000,None,373238000,None,None,1960000,None,54794000,122306000,None,None,None,0.174,,287070000,149845000,98734000,155875000,None,292926000,None,,,,,1.591,9.54,3.257,,,,,,,,0.126,,470451000,2025-10-30,quarterly,2.47,USD,pre-market,21594000,1484393000,0.12,0.381,0.079,74.91,285309000,103378000,101418000,0,218.61,236.72,2.0661,1976776000,1219270000,471042000,783534000,757506000,312492000,1601190000,1176946000,26.39,-248528000,252.0,160.02
2025-12-28,LECO,9.34,4176319000.0,26.39,-613720000,1.257,25.71,,None,321460000,321460000,,,,,,,,,9858000,84549000,None,1164275000,1164275000,203299000,None,None,392568000,None,None,41865000,,3.0,0.0122,,,,0.249,0.05,151606000,193471000,2.42,2011-09-30,22.83,0,1531962000.0,436915000,153899000,31593000,0,0,None,7947000,None,421253000,None,None,1562000,None,None,122306000,None,None,None,0.174,,287070000,149845000,109310000,252866000,None,167097000,None,,,,,1.591,9.54,3.257,,,,,,,,0.126,,476256000,2025-10-30,quarterly,2.47,USD,pre-market,21594000,1440895000,0.12,0.381,0.079,74.91,285309000,94545000,92983000,0,218.61,236.72,2.0661,1962877000,1244591000,549148000,717807000,718286000,168659000,1601190000,1245070000,26.39,-241149000,252.0,160.02
2025-12-28,LECO,9.34,4176319000.0,26.39,-625467000,1.257,25.71,,None,337915000,337915000,,,,,,,,,9858000,84105000,None,1164275000,1164275000,228474000,None,None,414236000,None,None,41865000,,3.0,0.0122,,,,0.249,0.05,151606000,193471000,2.42,2011-06-30,22.83,0,1531962000.0,436915000,153899000,31593000,0,0,None,7947000,None,424480000,None,None,1710000,None,None,122306000,None,None,None,0.174,,287070000,149845000,101837000,215377000,None,191957000,None,,,,,1.591,9.54,3.257,,,,,,,,0.126,,492811000,2025-10-30,quarterly,2.47,USD,pre-market,21594000,1398348000,0.12,0.381,0.079,74.91,285309000,97199000,95489000,0,218.61,236.72,2.0661,2001066000,1278468000,539340000,733007000,722598000,193667000,1601190000,1268059000,26.39,-227276000,252.0,160.02
2025-12-28,LECO,9.34,4176319000.0,26.39,-610362000,1.257,25.71,,None,341415000,341415000,,,,,,,,,4929000,84878000,None,1164275000,1164275000,215495000,None,None,376857000,None,None,41865000,,3.0,0.0122,,,,0.249,0.05,151606000,193471000,2.42,2011-03-31,22.83,0,1531962000.0,436915000,153899000,31593000,0,0,None,7947000,None,368954000,None,None,1818000,None,None,122306000,None,None,None,0.174,,287070000,149845000,107979000,184001000,None,204892000,None,,,,,1.591,9.54,3.257,,,,,,,,0.126,,489820000,2025-10-30,quarterly,2.47,USD,pre-market,21594000,1354387000,0.12,0.381,0.079,74.91,285309000,97191000,95373000,0,218.61,236.72,2.0661,1913570000,1195205000,494869000,701579000,718365000,206710000,1601190000,1211991000,26.39,-216846000,252.0,160.02
2025-12-28,LECO,9.34,4176319000.0,26.39,-591358000,1.257,25.71,,None,366193000,366193000,,,,,,,,,4929000,83790000,None,1164275000,1164275000,147111000,None,None,321948000,None,None,41865000,,3.0,0.0122,,,,0.249,0.05,151606000,193471000,2.42,2010-12-31,22.83,45952000,1531962000.0,436915000,153899000,31593000,81258000,81258000,None,7947000,None,291730000,None,None,84627000,None,52712000,122306000,None,None,None,0.174,,287070000,149845000,102641000,153643000,None,194325000,None,,,,,1.591,9.54,3.257,,,,,,,,0.126,,478566000,2025-10-30,quarterly,2.47,USD,pre-market,21594000,1320552000,0.12,0.381,0.079,74.91,285309000,97705000,13078000,0,218.61,236.72,2.0661,1783788000,1082512000,335592000,634310000,701276000,298718000,1601190000,1133497000,26.39,-217412000,252.0,160.02
2025-12-28,LECO,9.34,4176319000.0,26.39,-582208000,1.257,25.71,,None,382537000,382537000,,,,,,,,,4929000,85071000,None,1164275000,1164275000,153524000,None,None,319530000,None,None,41865000,,3.0,0.0122,,,,0.249,0.05,151606000,193471000,2.42,2010-09-30,22.83,0,1531962000.0,436915000,153899000,31593000,0,0,None,7947000,None,315455000,None,None,85458000,None,None,122306000,None,None,None,0.174,,287070000,149845000,102589000,203944000,None,194320000,None,,,,,1.591,9.54,3.257,,,,,,,,0.126,,459793000,2025-10-30,quarterly,2.47,USD,pre-market,21594000,1292106000,0.12,0.381,0.079,74.91,285309000,100273000,14815000,0,218.61,236.72,2.0661,1798692000,1120111000,372283000,652061000,678581000,279778000,1601190000,1146631000,26.39,-203483000,252.0,160.02
2025-12-28,LECO,9.34,4176319000.0,26.39,-558821000,1.257,25.71,,None,373901000,373901000,,,,,,,,,4929000,85416000,None,1164275000,1164275000,141638000,None,None,306703000,None,None,41865000,,3.0,0.0122,,,,0.249,0.05,151606000,193471000,2.42,2010-06-30,22.83,0,1531962000.0,436915000,153899000,31593000,0,0,None,7947000,None,288386000,None,None,86033000,None,None,122306000,None,None,None,0.174,,287070000,149845000,107286000,183543000,None,204358000,None,,,,,1.591,9.54,3.257,,,,,,,,0.126,,436443000,2025-10-30,quarterly,2.47,USD,pre-market,21594000,1271467000,0.12,0.381,0.079,74.91,285309000,110330000,24297000,0,218.61,236.72,2.0661,1731408000,1076276000,349478000,639869000,655132000,290391000,1601190000,1091539000,26.39,-193753000,252.0,160.02
2025-12-28,LECO,9.34,4176319000.0,26.39,None,1.257,25.71,,None,376608000,376608000,,,,,,,,,4929000,85528000,None,1164275000,1164275000,136185000,None,None,307841000,None,None,41865000,,3.0,0.0122,,,,0.249,0.05,151606000,193471000,2.42,2010-03-31,22.83,None,1531962000.0,436915000,153899000,31593000,None,None,None,7947000,None,276483000,None,None,87001000,None,None,122306000,None,None,None,0.174,,287070000,149845000,107620000,181379000,None,None,None,,,,,1.591,9.54,3.257,,,,,,,,0.126,,454703000,2025-10-30,quarterly,2.47,USD,pre-market,21594000,1250808000,0.12,0.381,0.079,74.91,285309000,116160000,29159000,None,218.61,236.72,2.0661,1757263000,1068552000,346723000,663519000,688711000,316796000,1601190000,1093744000,26.39,-184296000,252.0,160.02
2025-12-28,LECO,9.34,4176319000.0,26.39,None,1.257,25.71,,None,388136000,388136000,,,,,,,,,4929000,84808000,None,1164275000,1164275000,100052000,None,None,273700000,None,None,41865000,,3.0,0.0122,,,,0.249,0.05,151606000,193471000,2.42,2009-12-31,22.83,39554000,1531962000.0,436915000,153899000,31593000,81774000,81774000,None,7947000,None,255743000,None,None,87850000,None,None,122306000,None,None,None,0.174,,287070000,149845000,105967000,139622000,None,None,None,,,,,1.591,9.54,3.257,,,,,,,,0.126,,460061000,2025-10-30,quarterly,2.47,USD,pre-market,21594000,1239004000,0.12,0.381,0.079,74.91,285309000,123717000,35867000,None,218.61,236.72,2.0661,1705292000,1023546000,297971000,619617000,681746000,321646000,1601190000,1072346000,26.39,-181623000,252.0,160.02
2025-12-28,LECO,9.34,4176319000.0,26.39,None,1.257,25.71,,None,405967000,405967000,,,,,,,,,4929000,85284000,None,1164275000,1164275000,114128000,None,None,276571000,None,None,41865000,,3.0,0.0122,,,,0.249,0.05,151606000,193471000,2.42,2009-09-30,22.83,None,1531962000.0,436915000,153899000,31593000,None,None,None,7947000,None,276676000,None,None,88868000,None,None,122306000,None,None,None,0.174,,287070000,149845000,100016000,199279000,None,None,None,,,,,1.591,9.54,3.257,,,,,,,,0.126,,461406000,2025-10-30,quarterly,2.47,USD,pre-market,21594000,1226598000,0.12,0.381,0.079,74.91,285309000,130721000,41853000,None,218.61,236.72,2.0661,1751978000,1059230000,355260000,692191000,692748000,336931000,1601190000,1059787000,26.39,-183830000,252.0,160.02
2025-12-28,LECO,9.34,4176319000.0,26.39,None,1.257,25.71,,None,346899000,346899000,,,,,,,,,4929000,85184000,None,1164275000,1164275000,101226000,None,None,263613000,None,None,41865000,,3.0,0.0122,,,,0.249,0.05,151606000,193471000,2.42,2009-06-30,22.83,None,1531962000.0,436915000,153899000,31593000,None,None,None,7947000,None,267550000,None,None,89533000,None,None,122306000,None,None,None,0.174,,287070000,149845000,81632000,167958000,None,None,None,,,,,1.591,9.54,3.257,,,,,,,,0.126,,429819000,2025-10-30,quarterly,2.47,USD,pre-market,21594000,1225323000,0.12,0.381,0.079,74.91,285309000,108153000,18620000,None,218.61,236.72,2.0661,1652382000,959694000,287804000,617615000,692688000,329811000,1601190000,1018598000,26.39,-183934000,252.0,160.02
2025-12-28,LECO,9.34,4176319000.0,26.39,None,1.257,25.71,,None,300452000,300452000,,,,,,,,,4929000,84744000,None,1164275000,1164275000,117857000,None,None,260531000,None,None,41865000,,3.0,0.0122,,,,0.249,0.05,151606000,193471000,2.42,2009-03-31,22.83,35219000,1531962000.0,436915000,153899000,31593000,64716000,64716000,None,7947000,None,300645000,None,None,89964000,None,None,122306000,None,None,None,0.174,,287070000,149845000,90080000,151078000,None,None,None,,,,,1.591,9.54,3.257,,,,,,,,0.126,,418066000,2025-10-30,quarterly,2.47,USD,pre-market,21594000,1221737000,0.12,0.381,0.079,74.91,285309000,109055000,19091000,None,218.61,236.72,2.0661,1628649000,951708000,310409000,652260000,676941000,341851000,1601190000,961735000,26.39,-184136000,252.0,160.02
2025-12-28,LECO,9.34,4176319000.0,26.39,None,1.257,25.71,,None,284332000,284332000,,,,,,,,,4929000,84744000,None,1164275000,1164275000,124388000,None,None,299171000,None,None,41865000,,3.0,0.0122,,,,0.249,0.05,151606000,193471000,2.42,2008-12-31,22.83,36187000,1531962000.0,436915000,153899000,31593000,65262000,65262000,None,7947000,None,346932000,None,None,91537000,None,None,122306000,None,None,None,0.174,,287070000,149845000,94291000,168256000,None,None,None,,,,,1.591,9.54,3.257,,,,,,,,0.126,,427902000,2025-10-30,quarterly,2.47,USD,pre-market,21594000,1236810000,0.12,0.381,0.079,74.91,285309000,142230000,50693000,None,218.61,236.72,2.0661,1718805000,1024726000,356642000,723493000,694079000,366851000,1601190000,995312000,26.39,-183807000,252.0,160.02
2025-12-28,LECO,9.34,4176319000.0,26.39,None,1.257,25.71,,None,312590000,312590000,,,,,,,,,4929000,86418000,None,1164275000,1164275000,187764000,None,None,378672000,None,None,41865000,,3.0,0.0122,,,,0.249,0.05,151606000,193471000,2.42,2008-09-30,22.83,42003000,1531962000.0,436915000,153899000,31593000,62071000,62071000,None,7947000,None,419646000,None,None,87525000,None,None,122306000,None,None,None,0.174,,287070000,149845000,90776000,222983000,None,None,None,,,,,1.591,9.54,3.257,,,,,,,,0.126,,446390000,2025-10-30,quarterly,2.47,USD,pre-market,21594000,1228821000,0.12,0.381,0.079,74.91,285309000,140456000,52931000,None,218.61,236.72,2.0661,1927127000,1201684000,480604000,711458000,725443000,230854000,1601190000,1215669000,26.39,-166013000,252.0,160.02
2025-12-28,LECO,9.34,4176319000.0,26.39,None,1.257,25.71,,None,268357000,268357000,,,,,,,,,4929000,86346000,None,1164275000,1164275000,208167000,None,None,432455000,None,None,41865000,,3.0,0.0122,,,,0.249,0.05,151606000,193471000,2.42,2008-06-30,22.83,44828000,1531962000.0,436915000,153899000,31593000,63206000,63206000,None,7947000,None,403833000,None,None,87701000,None,None,122306000,None,None,None,0.174,,287070000,149845000,90216000,225266000,None,None,None,,,,,1.591,9.54,3.257,,,,,,,,0.126,,462835000,2025-10-30,quarterly,2.47,USD,pre-market,21594000,1170306000,0.12,0.381,0.079,74.91,285309000,119578000,31877000,None,218.61,236.72,2.0661,1937641000,1194861000,479695000,714479000,742780000,234784000,1601190000,1223162000,26.39,-161895000,252.0,160.02
2025-12-28,LECO,9.34,4176319000.0,26.39,None,1.257,25.71,,None,237853000,237853000,,,,,,,,,4929000,86180000,None,1164275000,1164275000,193078000,None,None,390656000,None,None,41865000,,3.0,0.0122,,,,0.249,0.05,151606000,193471000,2.42,2008-03-31,22.83,44369000,1531962000.0,436915000,153899000,31593000,61912000,61912000,None,7947000,None,381800000,None,None,89646000,None,None,122306000,None,None,None,0.174,,287070000,149845000,72333000,163038000,None,None,None,,,,,1.591,9.54,3.257,,,,,,,,0.126,,443036000,2025-10-30,quarterly,2.47,USD,pre-market,21594000,1110896000,0.12,0.381,0.079,74.91,285309000,121620000,31974000,None,218.61,236.72,2.0661,1795651000,1082642000,418339000,653125000,713009000,234786000,1601190000,1142526000,26.39,-164398000,252.0,160.02
2025-12-28,LECO,9.34,4176319000.0,26.39,None,1.257,25.71,,None,217382000,217382000,,,,,,,,,4929000,85563200,None,1164275000,1164275000,152301000,None,None,344058000,None,None,41865000,,3.0,0.0122,,,,0.249,0.05,151606000,193471000,2.42,2007-12-31,22.83,42727000,1531962000.0,436915000,153899000,31593000,51194000,51194000,None,7947000,None,343849000,None,None,117329000,None,None,122306000,None,None,None,0.174,,287070000,149845000,64359000,134004000,None,None,None,,,,,1.591,9.54,3.257,,,,,,,,0.126,,429944000,2025-10-30,quarterly,2.47,USD,pre-market,21594000,1068100000,0.12,0.381,0.079,74.91,285309000,118234000,12486000,None,218.61,236.72,2.0661,1645296000,969648000,311921000,558076000,675648000,246155000,1601190000,1087220000,26.39,-147475000,252.0,160.02
2025-12-28,LECO,9.34,4176319000.0,26.39,None,1.257,25.71,,None,223220000,223220000,,,,,,,,,4929000,86918261,None,1164275000,1164275000,140203000,None,None,353316000,None,None,41865000,,3.0,0.0122,,,,0.249,0.05,151606000,193471000,2.42,2007-09-30,22.83,37796000,1531962000.0,436915000,153899000,31593000,44479000,44479000,None,7947000,None,355977000,None,None,114586000,None,None,122306000,None,None,None,0.174,,287070000,149845000,65354000,180938000,None,None,None,,,,,1.591,9.54,3.257,,,,,,,,0.126,,420563000,2025-10-30,quarterly,2.47,USD,pre-market,21594000,1029331000,0.12,0.381,0.079,74.91,285309000,126639000,12053000,None,218.61,236.72,2.0661,1626432000,997867000,356610000,592913000,628565000,236303000,1601190000,1033519000,26.39,-134545000,252.0,160.02
2025-12-28,LECO,9.34,4176319000.0,26.39,None,1.257,25.71,,None,147981000,147981000,,,,,,,,,4929000,87006299,None,1164275000,1164275000,160722000,None,None,360945000,None,None,41865000,,3.0,0.0122,,,,0.249,0.05,151606000,193471000,2.42,2007-06-30,22.83,37072000,1531962000.0,436915000,153899000,31593000,44269000,44269000,None,7947000,None,375127000,None,None,112422000,None,None,122306000,None,None,None,0.174,,287070000,149845000,61207000,156125000,None,None,None,,,,,1.591,9.54,3.257,,,,,,,,0.126,,404062000,2025-10-30,quarterly,2.47,USD,pre-market,21594000,988839000,0.12,0.381,0.079,74.91,285309000,124803000,12381000,None,218.61,236.72,2.0661,1550424000,945260000,352412000,586179000,605164000,233767000,1601190000,964245000,26.39,-136945000,252.0,160.02
2025-12-28,LECO,9.34,4176319000.0,26.39,None,1.257,25.71,,None,94536000,94536000,,,,,,,,,4929000,86486486,None,1164275000,1164275000,159090000,None,None,337560000,None,None,41865000,,3.0,0.0122,,,,0.249,0.05,151606000,193471000,2.42,2007-03-31,22.83,36637000,1531962000.0,436915000,153899000,31593000,43907000,43907000,None,7947000,None,373075000,None,None,114368000,None,None,122306000,None,None,None,0.174,,287070000,149845000,59212000,125194000,None,None,None,,,,,1.591,9.54,3.257,,,,,,,,0.126,,395745000,2025-10-30,quarterly,2.47,USD,pre-market,21594000,943050000,0.12,0.381,0.079,74.91,285309000,120378000,6010000,None,218.61,236.72,2.0661,1451958000,864383000,320840000,552912000,587575000,232072000,1601190000,899046000,26.39,-139233000,252.0,160.02
2025-12-28,LECO,9.34,4176319000.0,26.39,None,1.257,25.71,,None,120212000,120212000,,,,,,,,,4929000,85714286,None,1164275000,1164275000,142264000,None,None,298993000,None,None,41865000,,3.0,0.0122,,,,0.249,0.05,151606000,193471000,2.42,2006-12-31,22.83,35208000,1531962000.0,436915000,153899000,31593000,41504000,41504000,None,7947000,None,351144000,None,None,113965000,None,None,122306000,None,None,None,0.174,,287070000,149845000,59061000,113390000,None,None,None,,,,,1.591,9.54,3.257,,,,,,,,0.126,,389518000,2025-10-30,quarterly,2.47,USD,pre-market,21594000,906074000,0.12,0.381,0.079,74.91,285309000,161099000,47134000,None,218.61,236.72,2.0661,1394579000,829410000,338288000,541603000,565169000,203315000,1601190000,852976000,26.39,-140689000,252.0,160.02
2025-12-28,LECO,9.34,4176319000.0,26.39,None,1.257,25.71,,None,145911000,145911000,,,,,,,,,4929000,85990196,None,1164275000,1164275000,131846000,None,None,297125000,None,None,41865000,,3.0,0.0122,,,,0.249,0.05,151606000,193471000,2.42,2006-09-30,22.83,25981000,1531962000.0,436915000,153899000,31593000,41637000,41637000,None,7947000,None,336905000,None,None,115730000,None,None,122306000,None,None,None,0.174,,287070000,149845000,59990000,172820000,None,None,None,,,,,1.591,9.54,3.257,,,,,,,,0.126,,363993000,2025-10-30,quarterly,2.47,USD,pre-market,21594000,863708000,0.12,0.381,0.079,74.91,285309000,160694000,44964000,None,218.61,236.72,2.0661,1355618000,839931000,392337000,571883000,515687000,179546000,1601190000,783735000,26.39,-143273000,252.0,160.02
2025-12-28,LECO,9.34,4176319000.0,26.39,None,1.257,25.71,,None,125427000,125427000,,,,,,,,,4928000,86098990,None,1164275000,1164275000,152754000,None,None,304161000,None,None,41865000,,3.0,0.0122,,,,0.249,0.05,151606000,193471000,2.42,2006-06-30,22.83,25910000,1531962000.0,436915000,153899000,31593000,41122000,41122000,None,7947000,None,331043000,None,None,111940000,None,None,122306000,None,None,None,0.174,,287070000,149845000,60487000,159046000,None,None,None,,,,,1.591,9.54,3.257,,,,,,,,0.126,,354385000,2025-10-30,quarterly,2.47,USD,pre-market,21594000,827954000,0.12,0.381,0.079,74.91,285309000,157055000,45115000,None,218.61,236.72,2.0661,1323808000,821118000,404709000,579986000,502690000,175277000,1601190000,743822000,26.39,-144309000,252.0,160.02
2025-12-28,LECO,9.34,4176319000.0,26.39,None,1.257,25.71,,None,116056000,116056000,,,,,,,,,4928000,85462791,None,1164275000,1164275000,153499000,None,None,279559000,None,None,41865000,,3.0,0.0122,,,,0.249,0.05,151606000,193471000,2.42,2006-03-31,22.83,25713000,1531962000.0,436915000,153899000,31593000,65910000,65910000,None,7947000,None,301742000,None,None,155195000,None,None,122306000,None,None,None,0.174,,287070000,149845000,55324000,134115000,None,None,None,,,,,1.591,9.54,3.257,,,,,,,,0.126,,347859000,2025-10-30,quarterly,2.47,USD,pre-market,21594000,793427000,0.12,0.381,0.079,74.91,285309000,159032000,3837000,None,218.61,236.72,2.0661,1246694000,752681000,336595000,554266000,494013000,217671000,1601190000,692428000,26.39,-146731000,252.0,160.02
2025-12-28,LECO,9.34,4176319000.0,26.39,None,1.257,25.71,,None,108007000,108007000,,,,,,,,,4928000,84480460,None,1164275000,1164275000,121917000,None,None,242093000,None,None,41865000,,3.0,0.0122,,,,0.249,0.05,151606000,193471000,2.42,2005-12-31,22.83,25596000,1531962000.0,436915000,153899000,31593000,64828000,64828000,None,7947000,None,275745000,None,None,157853000,None,None,122306000,None,None,None,0.174,,287070000,149845000,50789000,125220000,None,None,None,,,,,1.591,9.54,3.257,,,,,,,,0.126,,340533000,2025-10-30,quarterly,2.47,USD,pre-market,21594000,764748000,0.12,0.381,0.079,74.91,285309000,166016000,8163000,None,218.61,236.72,2.0661,1161161000,676634000,293642000,508867000,484527000,215225000,1601190000,652294000,26.39,-152031000,252.0,160.02
2025-12-28,LECO,9.34,4176319000.0,26.39,None,1.257,25.71,,None,106181000,106181000,,,,,,,,,4928000,84862222,None,1164275000,1164275000,113091000,None,None,255869000,None,None,41865000,,3.0,0.0122,,,,0.249,0.05,151606000,193471000,2.42,2005-09-30,22.83,24883000,1531962000.0,436915000,153899000,31593000,58046000,58046000,None,7947000,None,269054000,None,None,159731000,None,None,122306000,None,None,None,0.174,,287070000,149845000,42997000,128258000,None,None,None,,,,,1.591,9.54,3.257,,,,,,,,0.126,,339172000,2025-10-30,quarterly,2.47,USD,pre-market,21594000,743817000,0.12,0.381,0.079,74.91,285309000,164986000,5255000,None,218.61,236.72,2.0661,1152519000,674101000,283704000,509512000,478418000,225808000,1601190000,643007000,26.39,-154947000,252.0,160.02
2025-12-28,LECO,9.34,4176319000.0,26.39,None,1.257,25.71,,None,377262000,377262000,,,,,,,,,9858000,57194000,None,1164275000,1164275000,296590000,None,110524000,481979000,None,None,41865000,,3.0,0.0122,,,,0.249,0.05,151606000,193471000,2.42,2024-12-31,22.83,804927000,1531962000.0,436915000,153899000,31593000,221005000,221005000,None,7947000,None,544037000,None,None,1150551000,None,None,122306000,None,None,None,0.174,,287070000,149845000,242003000,458578000,None,152892000,None,,,,,1.591,9.54,3.257,,,,,,,,0.126,,None,2025-10-30,annual,2.47,USD,pre-market,21594000,3993016000,0.12,0.381,0.079,74.91,285309000,1316309000,123634000,None,218.61,236.72,2.0661,3520142000,1645281000,878802000,2192709000,1874861000,1313907000,1601190000,1327433000,26.39,None,252.0,160.02
2025-12-28,LECO,9.34,4176319000.0,26.39,None,1.257,25.71,,None,393787000,393787000,,,,,,,,,9858000,58221000,None,1164275000,1164275000,325435000,None,2439000,580646000,None,None,41865000,,3.0,0.0122,,,,0.249,0.05,151606000,193471000,2.42,2023-12-31,22.83,694452000,1531962000.0,436915000,153899000,31593000,186667000,186667000,None,7947000,None,562864000,None,None,1102771000,None,None,122306000,None,None,None,0.174,,287070000,149845000,155814000,413632000,None,197918000,None,,,,,1.591,9.54,3.257,,,,,,,,0.126,,None,2025-10-30,annual,2.47,USD,pre-market,21594000,3688038000,0.12,0.381,0.079,74.91,285309000,1159890000,15543000,None,218.61,236.72,2.0661,3377297000,1693111000,754610000,2068445000,1684186000,1313835000,1601190000,1308852000,26.39,None,252.0,160.02
2025-12-28,LECO,9.34,4176319000.0,26.39,None,1.257,25.71,,None,197150000,197150000,,,,,,,,,9858000,58749000,None,1164275000,1164275000,352079000,None,93483000,576781000,None,None,41865000,,3.0,0.0122,,,,0.249,0.05,151606000,193471000,2.42,2022-12-31,22.83,665257000,1531962000.0,436915000,153899000,31593000,202706000,202706000,None,7947000,None,665451000,None,None,1110396000,None,None,122306000,None,None,None,0.174,,287070000,149845000,118408000,283430000,None,166190000,None,,,,,1.591,9.54,3.257,,,,,,,,0.126,,544871000,2025-10-30,annual,2.47,USD,pre-market,21594000,3306500000,0.12,0.381,0.079,74.91,285309000,1250202000,103861000,None,218.61,236.72,2.0661,3180546000,1557790000,852897000,2146505000,1622755999,1293608000,1601190000,1034140000,26.39,-2488776000,252.0,160.02
2025-12-28,LECO,9.34,4176319000.0,26.39,None,1.257,25.71,,None,192958000,192958000,,,,,,,,,9858000,60062000,None,1164275000,1164275000,330230000,None,52730000,454374000,None,None,41865000,,3.0,0.0122,,,,0.249,0.05,151606000,193471000,2.42,2021-12-31,22.83,430162000,1531962000.0,436915000,153899000,31593000,149393000,149393000,None,7947000,None,539919000,None,None,717089000,None,None,122306000,None,None,None,0.174,,287070000,149845000,102342000,250230000,None,198686000,None,,,,,1.591,9.54,3.257,,,,,,,,0.126,,511744000,2025-10-30,annual,2.47,USD,pre-market,21594000,2970303000,0.12,0.381,0.079,74.91,285309000,818997000,62948000,None,218.61,236.72,2.0661,2592307000,1289593000,755905000,1728398000,1302713999,972492999,1601190000,864102000,26.39,-2309941000,252.0,160.02
2025-12-28,LECO,9.34,4176319000.0,26.39,None,1.257,25.71,,None,257279000,257279000,,,,,,,,,9858000,60248000,None,1164275000,1164275000,256529999,None,2734000,395600000,None,None,41865000,,3.0,0.0122,,,,0.249,0.05,151606000,193471000,2.42,2020-12-31,22.83,335593000,1531962000.0,436915000,153899000,31593000,134451000,134451000,None,7947000,None,381258000,None,None,715456000,None,None,122306000,None,None,None,0.174,,287070000,149845000,78206000,242367000,None,212556000,None,,,,,1.591,9.54,3.257,,,,,,,,0.126,,522092000,2025-10-30,annual,2.47,USD,pre-market,21594000,2821359000,0.12,0.381,0.079,74.91,285309000,763680000,14236000,None,218.61,236.72,2.0661,2314453000,1112343000,549449000,1524203000,1202110000,974754000,1601190000,789271000,26.39,-2149714000,252.0,160.02
2025-12-28,LECO,9.34,4176319000.0,26.39,None,1.257,25.71,,None,199563000,199563000,,,,,,,,,9858000,62658000,None,1164275000,1164275000,273002000,None,34969000,374649000,None,None,41865000,,3.0,0.0122,,,,0.249,0.05,151606000,193471000,2.42,2019-12-31,22.83,337107000,1531962000.0,436915000,153899000,31593000,177798000,177798000,None,7947000,None,393748000,None,None,712302000,None,2964000,122306000,None,None,None,0.174,,287070000,149845000,107621000,549563000,None,212413000,None,,,,,1.591,9.54,3.257,,,,,,,,0.126,,529344000,2025-10-30,annual,2.47,USD,pre-market,21594000,2736481000,0.12,0.381,0.079,74.91,285309000,799919000,48541000,None,218.61,236.72,2.0661,2371213000,1075581000,563135000,1552136000,1295632000,989001000,1601190000,819077000,26.39,-2041763000,252.0,160.02
2025-12-28,LECO,9.34,4176319000.0,26.39,None,1.257,25.71,,None,358849000,358849000,,,,,,,,,9858000,65682000,None,1164275000,1164275000,268600000,None,111000,396885000,None,None,41865000,,3.0,0.0122,,,,0.249,0.05,151606000,193471000,2.42,2018-12-31,22.83,281294000,1531962000.0,436915000,153899000,31593000,147946000,147946000,None,7947000,None,361829000,None,None,702549000,None,302000,122306000,None,None,None,0.174,,287070000,149845000,875970000,252448000,None,175517000,None,,,,,1.591,9.54,3.257,,,,,,,,0.126,,478801000,2025-10-30,annual,2.47,USD,pre-market,21594000,2564440000,0.12,0.381,0.079,74.91,285309000,702660000,111000,0,218.61,236.72,2.0661,2349825000,1237799000,538182000,1462233000,1112026000,924051000,1601190000,887592000,26.39,-1753925000,252.0,160.02
2025-12-28,LECO,9.34,4176319000.0,26.39,None,1.257,25.71,,None,326701000,326701000,,,,,,,,,9858000,66643000,None,1164275000,1164275000,269763000,None,2131000,395279000,None,None,41865000,,3.0,0.0122,,,,0.249,0.05,151606000,193471000,2.42,2017-12-31,22.83,234582000,1531962000.0,436915000,153899000,31593000,127452000,127452000,None,7947000,None,348667000,None,None,704136000,None,None,122306000,None,None,None,0.174,,287070000,149845000,1024941000,237165000,None,200500000,None,,,,,1.591,9.54,3.257,,,,,,,,0.126,,477031000,2025-10-30,annual,2.47,USD,pre-market,21594000,2388219000,0.12,0.381,0.079,74.91,285309000,706267000,2131000,179125000,218.61,236.72,2.0661,2406547000,1373608000,528742000,1474094000,1032939000,945352000,1601190000,932453000,26.39,-1553563000,252.0,160.02
2025-12-28,LECO,9.34,4176319000.0,26.39,None,1.257,25.71,,None,379179000,379179000,,,,,,,,,9858000,68156000,None,1164275000,1164275000,176757000,None,1889000,273993000,None,None,41865000,,3.0,0.0122,,,,0.249,0.05,151606000,193471000,2.42,2016-12-31,22.83,231919000,1531962000.0,436915000,153899000,31593000,130088000,130088000,None,7947000,None,255406000,None,None,703704000,None,27301000,122306000,None,None,None,0.174,,287070000,149845000,788307000,188223000,None,97803000,None,,,,,1.591,9.54,3.257,,,,,,,,0.126,,372377000,2025-10-30,annual,2.47,USD,pre-market,21594000,2236071000,0.12,0.381,0.079,74.91,285309000,705593000,1889000,38922000,218.61,236.72,2.0661,1943437000,1043713000,388107000,1231231000,899724000,843124000,1601190000,712206000,26.39,-1514832000,252.0,160.02
2025-12-28,LECO,9.34,4176319000.0,26.39,-693626000,1.257,25.71,,None,304183000,304183000,,,,,,,,,9858000,74854000,None,1164275000,1164275000,152620000,None,1456000,264715000,None,None,41865000,,3.0,0.0122,,,,0.249,0.05,151606000,193471000,2.42,2015-12-31,22.83,187504000,1531962000.0,436915000,153899000,31593000,120719000,120719000,None,7947000,None,275930000,None,None,350347000,None,59334000,122306000,None,None,None,0.174,,287070000,149845000,660065000,197112000,None,84592000,None,,,,,1.591,9.54,3.257,,,,,,,,0.126,,411323000,2025-10-30,annual,2.47,USD,pre-market,21594000,2125838000,0.12,0.381,0.079,74.91,285309000,354625000,4278000,0,218.61,236.72,2.0661,1784171000,935995000,370122000,851723000,848176000,481601000,1601190000,932448000,26.39,-1180750000,252.0,160.02
2025-12-28,LECO,9.34,4176319000.0,26.39,-665393000,1.257,25.71,,None,278379000,278379000,,,,,,,,,9858000,80096000,None,1164275000,1164275000,202482000,None,7011000,321862000,None,None,41865000,,3.0,0.0122,,,,0.249,0.05,151606000,193471000,2.42,2014-12-31,22.83,179517000,1531962000.0,436915000,153899000,31593000,132361000,132361000,None,7947000,None,330840000,None,None,2488000,None,58600000,122306000,None,None,None,0.174,,287070000,149845000,767837000,195303000,None,117766000,None,,,,,1.591,9.54,3.257,,,,,,,,0.126,,437209000,2025-10-30,annual,2.47,USD,pre-market,21594000,2086174000,0.12,0.381,0.079,74.91,285309000,70654000,68166000,0,218.61,236.72,2.0661,1939215000,1098677000,492419000,653434000,840538000,161015000,1601190000,1285781000,26.39,-783677000,252.0,160.02
2025-12-28,LECO,9.34,4176319000.0,26.39,-661452000,1.257,25.71,,None,299825000,299825000,,,,,,,,,9858000,83042000,None,1164275000,1164275000,212799000,None,None,367134000,None,None,41865000,,3.0,0.0122,,,,0.249,0.05,151606000,193471000,2.42,2013-12-31,22.83,174715000,1531962000.0,436915000,153899000,31593000,147012000,147012000,None,7947000,None,349963000,None,None,3791000,None,59381000,122306000,None,None,None,0.174,,287070000,149845000,780812000,204365000,None,112368000,None,,,,,1.591,9.54,3.257,,,,,,,,0.126,,484005000,2025-10-30,annual,2.47,USD,pre-market,21594000,1908462000,0.12,0.381,0.079,74.91,285309000,19087000,15296000,0,218.61,236.72,2.0661,2151867000,1130775000,456779000,621179000,1021092000,164400000,1601190000,1530688000,26.39,-480296000,252.0,160.02
2025-12-28,LECO,9.34,4176319000.0,26.39,-634602000,1.257,25.71,,None,286464000,286464000,,,,,,,,,9858000,84175000,None,1164275000,1164275000,209647000,None,None,360662000,None,None,41865000,,3.0,0.0122,,,,0.249,0.05,151606000,193471000,2.42,2012-12-31,22.83,132903000,1531962000.0,436915000,153899000,31593000,132902000,132902000,None,7947000,None,364890000,None,None,1599000,None,55793000,122306000,None,None,None,0.174,,287070000,149845000,767926000,185609000,None,281327000,None,,,,,1.591,9.54,3.257,,,,,,,,0.126,,486236000,2025-10-30,annual,2.47,USD,pre-market,21594000,1682668000,0.12,0.381,0.079,74.91,285309000,20275000,18676000,0,218.61,236.72,2.0661,2089863000,1132816000,440267000,731542000,957047000,291275000,1601190000,1358321000,26.39,-319877000,252.0,160.02
2025-12-28,LECO,9.34,4176319000.0,26.39,-619867000,1.257,25.71,,None,361101000,361101000,,,,,,,,,9858000,84708000,None,1164275000,1164275000,176312000,None,None,386197000,None,None,41865000,,3.0,0.0122,,,,0.249,0.05,151606000,193471000,2.42,2011-12-31,22.83,65101000,1531962000.0,436915000,153899000,31593000,94471000,94471000,None,7947000,None,373238000,None,None,1960000,None,54794000,122306000,None,None,None,0.174,,287070000,149845000,98734000,171348000,None,292926000,None,,,,,1.591,9.54,3.257,,,,,,,,0.126,,470451000,2025-10-30,annual,2.47,USD,pre-market,21594000,1484393000,0.12,0.381,0.079,74.91,285309000,103378000,101418000,0,218.61,236.72,2.0661,1976776000,1219270000,471042000,783534000,757506000,312492000,1601190000,1193242000,26.39,-248528000,252.0,160.02
2025-12-28,LECO,9.34,4176319000.0,26.39,-591358000,1.257,25.71,,None,366193000,366193000,,,,,,,,,4929000,85223000,None,1164275000,1164275000,147111000,None,None,321948000,None,None,41865000,,3.0,0.0122,,,,0.249,0.05,151606000,193471000,2.42,2010-12-31,22.83,45952000,1531962000.0,436915000,153899000,31593000,81258000,81258000,None,7947000,None,291730000,None,None,84627000,None,52712000,122306000,None,None,None,0.174,,287070000,149845000,102641000,153643000,None,194325000,None,,,,,1.591,9.54,3.257,,,,,,,,0.126,,478566000,2025-10-30,annual,2.47,USD,pre-market,21594000,1320552000,0.12,0.381,0.079,74.91,285309000,97705000,13078000,0,218.61,236.72,2.0661,1783788000,1082512000,335592000,634310000,701276000,298718000,1601190000,1149478000,26.39,-217412000,252.0,160.02
2025-12-28,LECO,9.34,4176319000.0,26.39,None,1.257,25.71,,None,388136000,388136000,,,,,,,,,4929000,85268000,None,1164275000,1164275000,100052000,None,None,273700000,None,None,41865000,,3.0,0.0122,,,,0.249,0.05,151606000,193471000,2.42,2009-12-31,22.83,39554000,1531962000.0,436915000,153899000,31593000,81774000,81774000,None,7947000,None,255743000,None,None,87850000,None,None,122306000,None,None,None,0.174,,287070000,149845000,105967000,139622000,None,None,None,,,,,1.591,9.54,3.257,,,,,,,,0.126,,460061000,2025-10-30,annual,2.47,USD,pre-market,21594000,1239004000,0.12,0.381,0.079,74.91,285309000,123717000,35867000,None,218.61,236.72,2.0661,1705292000,1023546000,297971000,619617000,681746000,321646000,1601190000,1072346000,26.39,-181623000,252.0,160.02
2025-12-28,LECO,9.34,4176319000.0,26.39,None,1.257,25.71,,None,284332000,284332000,,,,,,,,,4929000,86108000,None,1164275000,1164275000,124388000,None,None,299171000,None,None,41865000,,3.0,0.0122,,,,0.249,0.05,151606000,193471000,2.42,2008-12-31,22.83,36187000,1531962000.0,436915000,153899000,31593000,65262000,65262000,None,7947000,None,346932000,None,None,91537000,None,None,122306000,None,None,None,0.174,,287070000,149845000,94291000,168256000,None,None,None,,,,,1.591,9.54,3.257,,,,,,,,0.126,,427902000,2025-10-30,annual,2.47,USD,pre-market,21594000,1236810000,0.12,0.381,0.079,74.91,285309000,142230000,50693000,None,218.61,236.72,2.0661,1718805000,1024726000,356642000,723493000,694079000,366851000,1601190000,995312000,26.39,-183807000,252.0,160.02
2025-12-28,LECO,9.34,4176319000.0,26.39,None,1.257,25.71,,None,217382000,217382000,,,,,,,,,4929000,86784000,None,1164275000,1164275000,152301000,None,None,344058000,None,None,41865000,,3.0,0.0122,,,,0.249,0.05,151606000,193471000,2.42,2007-12-31,22.83,42727000,1531962000.0,436915000,153899000,31593000,51194000,51194000,None,7947000,None,343849000,None,None,117329000,None,None,122306000,None,None,None,0.174,,287070000,149845000,64359000,145585000,None,None,None,,,,,1.591,9.54,3.257,,,,,,,,0.126,,429944000,2025-10-30,annual,2.47,USD,pre-market,21594000,1068100000,0.12,0.381,0.079,74.91,285309000,118234000,905000,None,218.61,236.72,2.0661,1645296000,969648000,311921000,558076000,675648000,246155000,1601190000,1087220000,26.39,-147475000,252.0,160.02
2025-12-28,LECO,9.34,4176319000.0,26.39,None,1.257,25.71,,None,120212000,120212000,,,,,,,,,4929000,85999017,None,1164275000,1164275000,142264000,None,None,298993000,None,None,41865000,,3.0,0.0122,,,,0.249,0.05,151606000,193471000,2.42,2006-12-31,22.83,35208000,1531962000.0,436915000,153899000,31593000,41504000,41504000,None,7947000,None,351144000,None,None,113965000,None,None,122306000,None,None,None,0.174,,287070000,149845000,59061000,113390000,None,None,None,,,,,1.591,9.54,3.257,,,,,,,,0.126,,389518000,2025-10-30,annual,2.47,USD,pre-market,21594000,906074000,0.12,0.381,0.079,74.91,285309000,161099000,47134000,None,218.61,236.72,2.0661,1394579000,829410000,338288000,541603000,565169000,203315000,1601190000,852976000,26.39,-140689000,252.0,160.02
2025-12-28,LECO,9.34,4176319000.0,26.39,None,1.257,25.71,,None,108007000,108007000,,,,,,,,,4928000,84348966,None,1164275000,1164275000,121917000,None,None,242093000,None,None,41865000,,3.0,0.0122,,,,0.249,0.05,151606000,193471000,2.42,2005-12-31,22.83,25596000,1531962000.0,436915000,153899000,31593000,64828000,64828000,None,7947000,None,275745000,None,None,157853000,None,None,122306000,None,None,None,0.174,,287070000,149845000,50789000,125220000,None,None,None,,,,,1.591,9.54,3.257,,,,,,,,0.126,,340533000,2025-10-30,annual,2.47,USD,pre-market,21594000,764748000,0.12,0.381,0.079,74.91,285309000,166016000,8163000,None,218.61,236.72,2.0661,1161161000,676634000,293642000,508867000,484527000,215225000,1601190000,652294000,26.39,-152031000,252.0,160.02
2025-12-28,LECO,9.34,4176319000.0,26.39,None,1.257,25.71,31636000,None,108007000,108007000,-107685000,-134805000,None,None,-39574000,None,None,None,4928000,84348966,None,1164275000,1164275000,121917000,None,None,242093000,None,None,41865000,24744000,3.0,0.0122,41572000,41572000,None,0.249,0.05,151606000,193471000,2.42,2025-09-30,22.83,25596000,1531962000.0,436915000,153899000,31593000,64828000,64828000,None,7947000,None,275745000,None,None,157853000,None,None,122628000,None,None,None,0.174,236687000,287070000,149845000,50789000,125220000,None,None,None,None,None,None,None,1.591,9.54,3.257,None,None,None,None,None,-52664000,None,0.126,None,340533000,2025-10-30,quarterly,2.47,USD,pre-market,21594000,764748000,0.12,0.381,0.079,74.91,285309000,166016000,8163000,None,218.61,236.72,2.0661,1161161000,676634000,293642000,508867000,484527000,215225000,1601190000,652294000,26.39,-152031000,252.0,160.02
2025-12-28,LECO,9.34,4176319000.0,26.39,None,1.257,25.71,25443000,None,108007000,108007000,-173221000,-57167000,None,None,-27481000,None,None,None,4928000,84348966,None,1164275000,1164275000,121917000,None,None,242093000,None,None,41865000,24462000,3.0,0.0122,41929000,41929000,None,0.249,0.05,151606000,193471000,2.42,2025-06-30,22.83,25596000,1531962000.0,436915000,153899000,31593000,64828000,64828000,None,7947000,None,275745000,None,None,157853000,None,None,143396000,None,None,None,0.174,143828000,287070000,149845000,50789000,125220000,None,None,None,None,None,None,None,1.591,9.54,3.257,None,None,None,None,None,-127130000,None,0.126,None,340533000,2025-10-30,quarterly,2.47,USD,pre-market,21594000,764748000,0.12,0.381,0.079,74.91,285309000,166016000,8163000,None,218.61,236.72,2.0661,1161161000,676634000,293642000,508867000,484527000,215225000,1601190000,652294000,26.39,-152031000,252.0,160.02
2025-12-28,LECO,9.34,4176319000.0,26.39,None,1.257,25.71,26949000,None,108007000,108007000,-144488000,-22303000,None,None,-20167000,None,None,None,4928000,84348966,None,1164275000,1164275000,121917000,None,None,242093000,None,None,41865000,23784000,3.0,0.0122,42975000,42975000,None,0.249,0.05,151606000,193471000,2.42,2025-03-31,22.83,25596000,1531962000.0,436915000,153899000,31593000,64828000,64828000,None,7947000,None,275745000,None,None,157853000,None,None,118487000,None,None,None,0.174,185693000,287070000,149845000,50789000,125220000,None,None,None,None,None,None,None,1.591,9.54,3.257,None,None,None,None,None,-106694000,None,0.126,None,340533000,2025-10-30,quarterly,2.47,USD,pre-market,21594000,764748000,0.12,0.381,0.079,74.91,285309000,166016000,8163000,None,218.61,236.72,2.0661,1161161000,676634000,293642000,508867000,484527000,215225000,1601190000,652294000,26.39,-152031000,252.0,160.02
2025-12-28,LECO,9.34,4176319000.0,26.39,None,1.257,25.71,31486000,None,108007000,108007000,-92342000,-25874000,None,None,47051000,None,None,None,4928000,84348966,None,1164275000,1164275000,121917000,None,None,242093000,None,None,41865000,23143000,3.0,0.0122,40164000,40164000,None,0.249,0.05,151606000,193471000,2.42,2024-12-31,22.83,25596000,1531962000.0,436915000,153899000,31593000,64828000,64828000,None,7947000,None,275745000,None,None,157853000,None,None,140229000,None,None,None,0.174,95795000,287070000,149845000,50789000,125220000,None,None,None,None,None,None,None,1.591,9.54,3.257,None,None,None,None,None,-52539000,None,0.126,None,340533000,2025-10-30,quarterly,2.47,USD,pre-market,21594000,764748000,0.12,0.381,0.079,74.91,285309000,166016000,8163000,None,218.61,236.72,2.0661,1161161000,676634000,293642000,508867000,484527000,215225000,1601190000,652294000,26.39,-152031000,252.0,160.02
2025-12-28,LECO,9.34,4176319000.0,26.39,None,1.257,25.71,35722000,None,108007000,108007000,66154000,-134611000,None,None,5930000,None,None,None,4928000,84348966,None,1164275000,1164275000,121917000,None,None,242093000,None,None,41865000,22644000,3.0,0.0122,40283000,40283000,None,0.249,0.05,151606000,193471000,2.42,2024-09-30,22.83,25596000,1531962000.0,436915000,153899000,31593000,64828000,64828000,None,7947000,None,275745000,None,None,157853000,None,None,100756000,None,None,None,0.174,199201000,287070000,149845000,50789000,125220000,None,None,None,None,None,None,None,1.591,9.54,3.257,None,None,None,None,None,-50392000,None,0.126,None,340533000,2025-10-30,quarterly,2.47,USD,pre-market,21594000,764748000,0.12,0.381,0.079,74.91,285309000,166016000,8163000,None,218.61,236.72,2.0661,1161161000,676634000,293642000,508867000,484527000,215225000,1601190000,652294000,26.39,-152031000,252.0,160.02
2025-12-28,LECO,9.34,4176319000.0,26.39,None,1.257,25.71,23139000,None,108007000,108007000,-93052000,-174806000,None,None,-18210000,None,None,None,4928000,84348966,None,1164275000,1164275000,121917000,None,None,242093000,None,None,41865000,20865000,3.0,0.0122,40416000,40416000,None,0.249,0.05,151606000,193471000,2.42,2024-06-30,22.83,25596000,1531962000.0,436915000,153899000,31593000,64828000,64828000,None,7947000,None,275745000,None,None,157853000,None,None,101708000,None,None,None,0.174,170687000,287070000,149845000,50789000,125220000,None,None,None,None,None,None,None,1.591,9.54,3.257,None,None,None,None,None,-50415000,None,0.126,None,340533000,2025-10-30,quarterly,2.47,USD,pre-market,21594000,764748000,0.12,0.381,0.079,74.91,285309000,166016000,8163000,None,218.61,236.72,2.0661,1161161000,676634000,293642000,508867000,484527000,215225000,1601190000,652294000,26.39,-152031000,252.0,160.02
2025-12-28,LECO,9.34,4176319000.0,26.39,None,1.257,25.71,26256000,None,108007000,108007000,-125400000,-25940000,None,None,-9416000,None,None,None,4928000,84348966,None,1164275000,1164275000,121917000,None,None,242093000,None,None,41865000,21586000,3.0,0.0122,41280000,41280000,None,0.249,0.05,151606000,193471000,2.42,2024-03-31,22.83,25596000,1531962000.0,436915000,153899000,31593000,64828000,64828000,None,7947000,None,275745000,None,None,157853000,None,None,123415000,None,None,None,0.174,133294000,287070000,149845000,50789000,125220000,None,None,None,None,None,None,None,1.591,9.54,3.257,None,None,None,None,None,-110405000,None,0.126,None,340533000,2025-10-30,quarterly,2.47,USD,pre-market,21594000,764748000,0.12,0.381,0.079,74.91,285309000,166016000,8163000,None,218.61,236.72,2.0661,1161161000,676634000,293642000,508867000,484527000,215225000,1601190000,652294000,26.39,-152031000,252.0,160.02
2025-12-28,LECO,9.34,4176319000.0,26.39,None,1.257,25.71,24528000,None,108007000,108007000,-101010000,26380000,None,None,64313000,None,None,None,4928000,84348966,None,1164275000,1164275000,121917000,None,None,242093000,None,None,41865000,21969000,3.0,0.0122,36733000,36733000,None,0.249,0.05,151606000,193471000,2.42,2023-12-31,22.83,25596000,1531962000.0,436915000,153899000,31593000,64828000,64828000,None,7947000,None,275745000,None,None,157853000,None,None,156644000,None,None,None,0.174,121662000,287070000,149845000,50789000,125220000,None,None,None,None,None,None,None,1.591,9.54,3.257,None,None,None,None,None,-68176000,None,0.126,None,340533000,2025-10-30,quarterly,2.47,USD,pre-market,21594000,764748000,0.12,0.381,0.079,74.91,285309000,166016000,8163000,None,218.61,236.72,2.0661,1161161000,676634000,293642000,508867000,484527000,215225000,1601190000,652294000,26.39,-152031000,252.0,160.02
2025-12-28,LECO,9.34,4176319000.0,26.39,None,1.257,25.71,25907000,None,108007000,108007000,-84484000,-24763000,None,None,51514000,None,None,None,4928000,84348966,None,1164275000,1164275000,121917000,None,None,242093000,None,None,41865000,21489000,3.0,0.0122,36805000,36805000,None,0.249,0.05,151606000,193471000,2.42,2023-09-30,22.83,25596000,1531962000.0,436915000,153899000,31593000,64828000,64828000,None,7947000,None,275745000,None,None,157853000,None,None,129343000,None,None,None,0.174,223104000,287070000,149845000,50789000,125220000,None,None,None,None,None,None,None,1.591,9.54,3.257,None,None,None,None,None,-45355000,None,0.126,None,340533000,2025-10-30,quarterly,2.47,USD,pre-market,21594000,764748000,0.12,0.381,0.079,74.91,285309000,166016000,8163000,None,218.61,236.72,2.0661,1161161000,676634000,293642000,508867000,484527000,215225000,1601190000,652294000,26.39,-152031000,252.0,160.02
2025-12-28,LECO,9.34,4176319000.0,26.39,None,1.257,25.71,21765000,None,108007000,108007000,-115582000,-60297000,22966000,None,76000,None,None,8774000,4928000,84348966,None,1164275000,1164275000,121917000,None,None,242093000,None,None,41865000,21917000,3.0,0.0122,36889000,36889000,None,0.249,0.05,151606000,193471000,2.42,2023-06-30,22.83,25596000,1531962000.0,436915000,153899000,31593000,64828000,64828000,None,7947000,None,275745000,None,None,157853000,None,None,137331000,None,None,None,0.174,198845000,287070000,149845000,50789000,125220000,None,None,None,None,None,None,None,1.591,9.54,3.257,None,None,None,None,None,-53075000,None,0.126,None,340533000,2025-10-30,quarterly,2.47,USD,pre-market,21594000,764748000,0.12,0.381,0.079,74.91,285309000,166016000,8163000,None,218.61,236.72,2.0661,1161161000,676634000,293642000,508867000,484527000,215225000,1601190000,652294000,26.39,-152031000,252.0,160.02
2025-12-28,LECO,9.34,4176319000.0,26.39,None,1.257,25.71,18787000,None,108007000,108007000,-111316000,-16049000,-3434000,None,5881000,None,None,-27664000,4928000,84348966,None,1164275000,1164275000,121917000,None,None,242093000,None,None,41865000,21295000,3.0,0.0122,37583000,37583000,None,0.249,0.05,151606000,193471000,2.42,2023-03-31,22.83,25596000,1531962000.0,436915000,153899000,31593000,64828000,64828000,None,7947000,None,275745000,None,None,157853000,None,None,121931000,None,None,None,0.174,123931000,287070000,149845000,50789000,125220000,None,None,None,None,None,None,None,1.591,9.54,3.257,None,None,None,None,None,-32158000,None,0.126,None,340533000,2025-10-30,quarterly,2.47,USD,pre-market,21594000,764748000,0.12,0.381,0.079,74.91,285309000,166016000,8163000,None,218.61,236.72,2.0661,1161161000,676634000,293642000,508867000,484527000,215225000,1601190000,652294000,26.39,-152031000,252.0,160.02
2025-12-28,LECO,9.34,4176319000.0,26.39,None,1.257,25.71,19582000,None,108007000,108007000,371150000,-432434000,50519000,None,54390000,None,None,-441000,4928000,84348966,None,1164275000,1164275000,121917000,None,None,242093000,None,None,41865000,19050000,3.0,0.0122,32347000,32347000,None,0.249,0.05,151606000,193471000,2.42,2022-12-31,22.83,25596000,1531962000.0,436915000,153899000,31593000,64828000,64828000,None,7947000,None,275745000,None,None,157853000,None,None,109146000,None,None,None,0.174,111803000,287070000,149845000,50789000,125220000,None,None,None,None,None,None,None,1.591,9.54,3.257,None,None,None,None,None,-25077000,None,0.126,None,340533000,2025-10-30,quarterly,2.47,USD,pre-market,21594000,764748000,0.12,0.381,0.079,74.91,285309000,166016000,8163000,None,218.61,236.72,2.0661,1161161000,676634000,293642000,508867000,484527000,215225000,1601190000,652294000,26.39,-152031000,252.0,160.02
2025-12-28,LECO,9.34,4176319000.0,26.39,None,1.257,25.71,17699000,None,108007000,108007000,-115060000,-17252000,-2029000,None,-22984000,None,None,39390000,4928000,84348966,None,1164275000,1164275000,121917000,None,None,242093000,None,None,41865000,19250000,3.0,0.0122,32463000,32463000,None,0.249,0.05,151606000,193471000,2.42,2022-09-30,22.83,25596000,1531962000.0,436915000,153899000,31593000,64828000,64828000,None,7947000,None,275745000,None,None,157853000,None,None,109225000,None,None,None,0.174,130283000,287070000,149845000,50789000,125220000,None,None,None,None,None,None,None,1.591,9.54,3.257,None,None,None,None,None,-26518000,None,0.126,None,340533000,2025-10-30,quarterly,2.47,USD,pre-market,21594000,764748000,0.12,0.381,0.079,74.91,285309000,166016000,8163000,None,218.61,236.72,2.0661,1161161000,676634000,293642000,508867000,484527000,215225000,1601190000,652294000,26.39,-152031000,252.0,160.02
2025-12-28,LECO,9.34,4176319000.0,26.39,None,1.257,25.71,15930000,None,108007000,108007000,-81769000,-14889000,1553000,None,-57187000,None,None,-17839000,4928000,84348966,None,1164275000,1164275000,121917000,None,None,242093000,None,None,41865000,19868000,3.0,0.0122,32553000,32553000,None,0.249,0.05,151606000,193471000,2.42,2022-06-30,22.83,25596000,1531962000.0,436915000,153899000,31593000,64828000,64828000,None,7947000,None,275745000,None,None,157853000,None,None,127823000,None,None,None,0.174,98211000,287070000,149845000,50789000,125220000,None,None,None,None,None,None,None,1.591,9.54,3.257,None,None,None,None,None,-25119000,None,0.126,None,340533000,2025-10-30,quarterly,2.47,USD,pre-market,21594000,764748000,0.12,0.381,0.079,74.91,285309000,166016000,8163000,None,218.61,236.72,2.0661,1161161000,676634000,293642000,508867000,484527000,215225000,1601190000,652294000,26.39,-152031000,252.0,160.02
2025-12-28,LECO,9.34,4176319000.0,26.39,None,1.257,25.71,18672000,None,108007000,108007000,-40597000,-40116000,-37623000,None,-55407000,None,None,-86120000,4928000,84348966,None,1164275000,1164275000,121917000,None,None,242093000,None,None,41865000,19891000,3.0,0.0122,33361000,33361000,None,0.249,0.05,151606000,193471000,2.42,2022-03-31,22.83,25596000,1531962000.0,436915000,153899000,31593000,64828000,64828000,None,7947000,None,275745000,None,None,157853000,None,None,126030000,None,None,None,0.174,43090000,287070000,149845000,50789000,125220000,None,None,None,None,None,None,None,1.591,9.54,3.257,None,None,None,None,None,-104579000,None,0.126,None,340533000,2025-10-30,quarterly,2.47,USD,pre-market,21594000,764748000,0.12,0.381,0.079,74.91,285309000,166016000,8163000,None,218.61,236.72,2.0661,1161161000,676634000,293642000,508867000,484527000,215225000,1601190000,652294000,26.39,-152031000,252.0,160.02
2025-12-28,LECO,9.34,4176319000.0,26.39,None,1.257,25.71,16091000,None,108007000,108007000,-65828000,-10658000,33452000,None,-25491000,None,None,5368000,4928000,84348966,None,1164275000,1164275000,121917000,None,None,242093000,None,None,41865000,20588000,3.0,0.0122,30134000,30134000,None,0.249,0.05,151606000,193471000,2.42,2021-12-31,22.83,25596000,1531962000.0,436915000,153899000,31593000,64828000,64828000,None,7947000,None,275745000,None,None,157853000,None,None,74427000,None,None,None,0.174,109938000,287070000,149845000,50789000,125220000,None,None,None,None,None,None,None,1.591,9.54,3.257,None,None,None,None,None,-60678000,None,0.126,None,340533000,2025-10-30,quarterly,2.47,USD,pre-market,21594000,764748000,0.12,0.381,0.079,74.91,285309000,166016000,8163000,None,218.61,236.72,2.0661,1161161000,676634000,293642000,508867000,484527000,215225000,1601190000,652294000,26.39,-152031000,252.0,160.02
2025-12-28,LECO,9.34,4176319000.0,26.39,None,1.257,25.71,18672000,None,108007000,108007000,-47117000,-92264000,-29490000,None,-45670000,None,None,16359000,4928000,84348966,None,1164275000,1164275000,121917000,None,None,242093000,None,None,41865000,22050000,3.0,0.0122,30338000,30338000,None,0.249,0.05,151606000,193471000,2.42,2021-09-30,22.83,25596000,1531962000.0,436915000,153899000,31593000,64828000,64828000,None,7947000,None,275745000,None,None,157853000,None,None,31757000,None,None,None,0.174,109891000,287070000,149845000,50789000,125220000,None,None,None,None,None,None,None,1.591,9.54,3.257,None,None,None,None,None,-50160000,None,0.126,None,340533000,2025-10-30,quarterly,2.47,USD,pre-market,21594000,764748000,0.12,0.381,0.079,74.91,285309000,166016000,8163000,None,218.61,236.72,2.0661,1161161000,676634000,293642000,508867000,484527000,215225000,1601190000,652294000,26.39,-152031000,252.0,160.02
2025-12-28,LECO,9.34,4176319000.0,26.39,None,1.257,25.71,17832000,None,108007000,108007000,-53624000,-99582000,-53234000,None,-40618000,None,None,-21776000,4928000,84348966,None,1164275000,1164275000,121917000,None,None,242093000,None,None,41865000,19390000,3.0,0.0122,30380000,30380000,None,0.249,0.05,151606000,193471000,2.42,2021-06-30,22.83,25596000,1531962000.0,436915000,153899000,31593000,64828000,64828000,None,7947000,None,275745000,None,None,157853000,None,None,96105000,None,None,None,0.174,99972000,287070000,149845000,50789000,125220000,None,None,None,None,None,None,None,1.591,9.54,3.257,None,None,None,None,None,-25229000,None,0.126,None,340533000,2025-10-30,quarterly,2.47,USD,pre-market,21594000,764748000,0.12,0.381,0.079,74.91,285309000,166016000,8163000,None,218.61,236.72,2.0661,1161161000,676634000,293642000,508867000,484527000,215225000,1601190000,652294000,26.39,-152031000,252.0,160.02
2025-12-28,LECO,9.34,4176319000.0,26.39,None,1.257,25.71,9936000,None,108007000,108007000,-55371000,-2852000,-12961000,None,-42568000,None,None,-65795000,4928000,84348966,None,1164275000,1164275000,121917000,None,None,242093000,None,None,41865000,19118000,3.0,0.0122,30999000,30999000,None,0.249,0.05,151606000,193471000,2.42,2021-03-31,22.83,25596000,1531962000.0,436915000,153899000,31593000,64828000,64828000,None,7947000,None,275745000,None,None,157853000,None,None,74177000,None,None,None,0.174,45262000,287070000,149845000,50789000,125220000,None,None,None,None,None,None,None,1.591,9.54,3.257,None,None,None,None,None,-28459000,None,0.126,None,340533000,2025-10-30,quarterly,2.47,USD,pre-market,21594000,764748000,0.12,0.381,0.079,74.91,285309000,166016000,8163000,None,218.61,236.72,2.0661,1161161000,676634000,293642000,508867000,484527000,215225000,1601190000,652294000,26.39,-152031000,252.0,160.02
2025-12-28,LECO,9.34,4176319000.0,26.39,None,1.257,25.71,22085000,None,108007000,108007000,-18824000,-19054000,97923000,None,26181000,None,None,10433000,4928000,84348966,None,1164275000,1164275000,121917000,None,None,242093000,None,None,41865000,19926000,3.0,0.0122,29173000,29173000,None,0.249,0.05,151606000,193471000,2.42,2020-12-31,22.83,25596000,1531962000.0,436915000,153899000,31593000,64828000,64828000,None,7947000,None,275745000,None,None,157853000,None,None,65078000,None,None,None,0.174,135801000,287070000,149845000,50789000,125220000,None,None,None,None,None,None,None,1.591,9.54,3.257,None,None,None,None,None,-257000,None,0.126,None,340533000,2025-10-30,quarterly,2.47,USD,pre-market,21594000,764748000,0.12,0.381,0.079,74.91,285309000,166016000,8163000,None,218.61,236.72,2.0661,1161161000,676634000,293642000,508867000,484527000,215225000,1601190000,652294000,26.39,-152031000,252.0,160.02
2025-12-28,LECO,9.34,4176319000.0,26.39,None,1.257,25.71,12105000,None,108007000,108007000,-71625000,-11366000,6557000,None,26948000,None,None,-30517000,4928000,84348966,None,1164275000,1164275000,121917000,None,None,242093000,None,None,41865000,19488000,3.0,0.0122,29131000,29131000,None,0.249,0.05,151606000,193471000,2.42,2020-09-30,22.83,25596000,1531962000.0,436915000,153899000,31593000,64828000,64828000,None,7947000,None,275745000,None,None,157853000,None,None,58479000,None,None,None,0.174,89548000,287070000,149845000,50789000,125220000,None,None,None,None,None,None,None,1.591,9.54,3.257,None,None,None,None,None,-223000,None,0.126,None,340533000,2025-10-30,quarterly,2.47,USD,pre-market,21594000,764748000,0.12,0.381,0.079,74.91,285309000,166016000,8163000,None,218.61,236.72,2.0661,1161161000,676634000,293642000,508867000,484527000,215225000,1601190000,652294000,26.39,-152031000,252.0,160.02
2025-12-28,LECO,9.34,4176319000.0,26.39,None,1.257,25.71,13183000,None,108007000,108007000,-114079000,-13065000,-23103000,None,-12977000,None,None,49364000,4928000,84348966,None,1164275000,1164275000,121917000,None,None,242093000,None,None,41865000,20050000,3.0,0.0122,29139000,29139000,None,0.249,0.05,151606000,193471000,2.42,2020-06-30,22.83,25596000,1531962000.0,436915000,153899000,31593000,64828000,64828000,None,7947000,None,275745000,None,None,157853000,None,None,26996000,None,None,None,0.174,104041000,287070000,149845000,50789000,125220000,None,None,None,None,None,None,None,1.591,9.54,3.257,None,None,None,None,None,-3213000,None,0.126,None,340533000,2025-10-30,quarterly,2.47,USD,pre-market,21594000,764748000,0.12,0.381,0.079,74.91,285309000,166016000,8163000,None,218.61,236.72,2.0661,1161161000,676634000,293642000,508867000,484527000,215225000,1601190000,652294000,26.39,-152031000,252.0,160.02
2025-12-28,LECO,9.34,4176319000.0,26.39,None,1.257,25.71,11828000,None,108007000,108007000,-41613000,-5728000,-25369000,None,-17401000,None,None,-25698000,4928000,84348966,None,1164275000,1164275000,121917000,None,None,242093000,None,None,41865000,21028000,3.0,0.0122,30675000,30675000,None,0.249,0.05,151606000,193471000,2.42,2020-03-31,22.83,25596000,1531962000.0,436915000,153899000,31593000,64828000,64828000,None,7947000,None,275745000,None,None,157853000,None,None,55562000,None,None,None,0.174,21972000,287070000,149845000,50789000,125220000,None,None,None,None,None,None,None,1.591,9.54,3.257,None,None,None,None,None,-109762000,None,0.126,None,340533000,2025-10-30,quarterly,2.47,USD,pre-market,21594000,764748000,0.12,0.381,0.079,74.91,285309000,166016000,8163000,None,218.61,236.72,2.0661,1161161000,676634000,293642000,508867000,484527000,215225000,1601190000,652294000,26.39,-152031000,252.0,160.02
2025-12-28,LECO,9.34,4176319000.0,26.39,None,1.257,25.71,16064000,None,108007000,108007000,-69483000,-14028000,39008000,None,24453000,None,None,26291000,4928000,84348966,None,1164275000,1164275000,121917000,None,None,242093000,None,None,41865000,21087000,3.0,0.0122,28758000,28758000,None,0.249,0.05,151606000,193471000,2.42,2019-12-31,22.83,25596000,1531962000.0,436915000,153899000,31593000,64828000,64828000,None,7947000,None,275745000,None,None,157853000,None,None,63716000,None,None,None,0.174,122519000,287070000,149845000,50789000,125220000,None,None,None,None,None,None,None,1.591,9.54,3.257,None,None,None,None,None,-70751000,None,0.126,None,340533000,2025-10-30,quarterly,2.47,USD,pre-market,21594000,764748000,0.12,0.381,0.079,74.91,285309000,166016000,8163000,None,218.61,236.72,2.0661,1161161000,676634000,293642000,508867000,484527000,215225000,1601190000,652294000,26.39,-152031000,252.0,160.02
2025-12-28,LECO,9.34,4176319000.0,26.39,None,1.257,25.71,17038000,None,108007000,108007000,-112383000,-45151000,-28853000,None,-8709000,None,None,45374000,4928000,84348966,None,1164275000,1164275000,121917000,None,None,242093000,None,None,41865000,21148000,3.0,0.0122,29061000,29061000,None,0.249,0.05,151606000,193471000,2.42,2019-09-30,22.83,25596000,1531962000.0,436915000,153899000,31593000,64828000,64828000,None,7947000,None,275745000,None,None,157853000,None,None,72461000,None,None,None,0.174,128681000,287070000,149845000,50789000,125220000,None,None,None,None,None,None,None,1.591,9.54,3.257,None,None,None,None,None,-61028000,None,0.126,None,340533000,2025-10-30,quarterly,2.47,USD,pre-market,21594000,764748000,0.12,0.381,0.079,74.91,285309000,166016000,8163000,None,218.61,236.72,2.0661,1161161000,676634000,293642000,508867000,484527000,215225000,1601190000,652294000,26.39,-152031000,252.0,160.02
2025-12-28,LECO,9.34,4176319000.0,26.39,None,1.257,25.71,20262000,None,108007000,108007000,-84568000,-119695000,-78156000,None,-13129000,None,None,5629000,4928000,84348966,None,1164275000,1164275000,121917000,None,None,242093000,None,None,41865000,20351000,3.0,0.0122,29541000,29541000,None,0.249,0.05,151606000,193471000,2.42,2019-06-30,22.83,25596000,1531962000.0,436915000,153899000,31593000,64828000,64828000,None,7947000,None,275745000,None,None,157853000,None,None,85452000,None,None,None,0.174,126107000,287070000,149845000,50789000,125220000,None,None,None,None,None,None,None,1.591,9.54,3.257,None,None,None,None,None,-85330000,None,0.126,None,340533000,2025-10-30,quarterly,2.47,USD,pre-market,21594000,764748000,0.12,0.381,0.079,74.91,285309000,166016000,8163000,None,218.61,236.72,2.0661,1161161000,676634000,293642000,508867000,484527000,215225000,1601190000,652294000,26.39,-152031000,252.0,160.02
2025-12-28,LECO,9.34,4176319000.0,26.39,None,1.257,25.71,16251000,None,108007000,108007000,-105510000,-13949000,-93581000,None,-14638000,None,None,-26900000,4928000,84348966,None,1164275000,1164275000,121917000,None,None,242093000,None,None,41865000,18901000,3.0,0.0122,30560000,30560000,None,0.249,0.05,151606000,193471000,2.42,2019-03-31,22.83,25596000,1531962000.0,436915000,153899000,31593000,64828000,64828000,None,7947000,None,275745000,None,None,157853000,None,None,71480000,None,None,None,0.174,25878000,287070000,149845000,50789000,125220000,None,None,None,None,None,None,None,1.591,9.54,3.257,None,None,None,None,None,-75584000,None,0.126,None,340533000,2025-10-30,quarterly,2.47,USD,pre-market,21594000,764748000,0.12,0.381,0.079,74.91,285309000,166016000,8163000,None,218.61,236.72,2.0661,1161161000,676634000,293642000,508867000,484527000,215225000,1601190000,652294000,26.39,-152031000,252.0,160.02
2025-12-28,LECO,9.34,4176319000.0,26.39,None,1.257,25.71,22500000,None,108007000,108007000,-105611000,-27432000,-23636000,None,17629000,None,None,21431000,4928000,84348966,None,1164275000,1164275000,121917000,None,None,242093000,None,None,41865000,18400000,3.0,0.0122,25384000,25384000,None,0.249,0.05,151606000,193471000,2.42,2018-12-31,22.83,25596000,1531962000.0,436915000,153899000,31593000,64828000,64828000,None,7947000,None,275745000,None,None,157853000,None,None,86839000,None,None,None,0.174,99375000,287070000,149845000,50789000,125220000,None,None,None,None,None,None,None,1.591,9.54,3.257,None,None,None,None,None,-80173000,None,0.126,None,340533000,2025-10-30,quarterly,2.47,USD,pre-market,21594000,764748000,0.12,0.381,0.079,74.91,285309000,166016000,8163000,None,218.61,236.72,2.0661,1161161000,676634000,293642000,508867000,484527000,215225000,1601190000,652294000,26.39,-152031000,252.0,160.02
2025-12-28,LECO,9.34,4176319000.0,26.39,None,1.257,25.71,48746000,None,108007000,108007000,-97846000,48273000,41106000,-39000,-41533000,None,None,14415000,4928000,84348966,None,1164275000,1164275000,121917000,None,None,242093000,None,None,41865000,53946000,3.0,0.0122,25424000,25424000,None,0.249,0.05,151606000,193471000,2.42,2018-09-30,22.83,25596000,1531962000.0,436915000,153899000,31593000,64828000,64828000,None,7947000,None,275745000,None,None,157853000,None,None,200227000,None,None,None,0.174,229777000,287070000,149845000,50789000,125220000,None,None,None,None,None,None,None,1.591,9.54,3.257,None,None,None,None,None,-71245000,None,0.126,None,340533000,2025-10-30,quarterly,2.47,USD,pre-market,21594000,764748000,0.12,0.381,0.079,74.91,285309000,166016000,8163000,None,218.61,236.72,2.0661,1161161000,676634000,293642000,508867000,484527000,215225000,1601190000,652294000,26.39,-152031000,252.0,160.02
2025-12-28,LECO,9.34,4176319000.0,26.39,None,1.257,25.71,16726000,None,108007000,108007000,-60187000,-18616000,-11962000,-12940000,153000,None,None,561000,4928000,84348966,None,1164275000,1164275000,121917000,None,None,242093000,None,None,41865000,18189000,3.0,0.0122,25589000,25589000,None,0.249,0.05,151606000,193471000,2.42,2018-06-30,22.83,25596000,1531962000.0,436915000,153899000,31593000,64828000,64828000,None,7947000,None,275745000,None,None,157853000,None,None,68864000,None,None,None,0.174,79781000,287070000,149845000,50789000,125220000,None,None,None,None,None,None,None,1.591,9.54,3.257,None,None,None,None,None,-35508000,None,0.126,None,340533000,2025-10-30,quarterly,2.47,USD,pre-market,21594000,764748000,0.12,0.381,0.079,74.91,285309000,166016000,8163000,None,218.61,236.72,2.0661,1161161000,676634000,293642000,508867000,484527000,215225000,1601190000,652294000,26.39,-152031000,252.0,160.02
2025-12-28,LECO,9.34,4176319000.0,26.39,None,1.257,25.71,14657000,None,108007000,108007000,-38486000,34117000,42355000,2947000,-28052000,None,None,-40468000,4928000,84348966,None,1164275000,1164275000,121917000,None,None,242093000,None,None,41865000,18134000,3.0,0.0122,25661000,25661000,None,0.249,0.05,151606000,193471000,2.42,2018-03-31,22.83,25596000,1531962000.0,436915000,153899000,31593000,64828000,64828000,None,7947000,None,275745000,None,None,157853000,None,None,60824000,None,None,None,0.174,43777000,287070000,149845000,50789000,125220000,None,None,None,None,None,None,None,1.591,9.54,3.257,None,None,None,None,None,-14724000,None,0.126,None,340533000,2025-10-30,quarterly,2.47,USD,pre-market,21594000,764748000,0.12,0.381,0.079,74.91,285309000,166016000,8163000,None,218.61,236.72,2.0661,1161161000,676634000,293642000,508867000,484527000,215225000,1601190000,652294000,26.39,-152031000,252.0,160.02
2025-12-28,LECO,9.34,4176319000.0,26.39,None,1.257,25.71,22697000,None,108007000,108007000,-41109000,-22231000,27248000,1097000,41974000,None,None,7489000,4928000,84348966,None,1164275000,1164275000,121917000,None,None,242093000,None,None,41865000,17658000,3.0,0.0122,23369000,23369000,None,0.249,0.05,151606000,193471000,2.42,2017-12-31,22.83,25596000,1531962000.0,436915000,153899000,31593000,64828000,64828000,None,7947000,None,275745000,None,None,157853000,None,None,24181000,None,None,None,0.174,89491000,287070000,149845000,50789000,125220000,None,None,None,None,None,None,None,1.591,9.54,3.257,None,None,None,None,None,-20152000,None,0.126,None,340533000,2025-10-30,quarterly,2.47,USD,pre-market,21594000,764748000,0.12,0.381,0.079,74.91,285309000,166016000,8163000,None,218.61,236.72,2.0661,1161161000,676634000,293642000,508867000,484527000,215225000,1601190000,652294000,26.39,-152031000,252.0,160.02
2025-12-28,LECO,9.34,4176319000.0,26.39,None,1.257,25.71,10828000,None,108007000,108007000,-38161000,-157823000,-96282000,6035000,2231000,None,None,15706000,4928000,84348966,None,1164275000,1164275000,121917000,None,None,242093000,None,None,41865000,18451000,3.0,0.0122,23067000,23067000,None,0.249,0.05,151606000,193471000,2.42,2017-09-30,22.83,25596000,1531962000.0,436915000,153899000,31593000,64828000,64828000,None,7947000,None,275745000,None,None,157853000,None,None,106126000,None,None,None,0.174,93667000,287070000,149845000,50789000,125220000,None,None,None,None,None,None,None,1.591,9.54,3.257,None,None,None,None,None,-15264000,None,0.126,None,340533000,2025-10-30,quarterly,2.47,USD,pre-market,21594000,764748000,0.12,0.381,0.079,74.91,285309000,166016000,8163000,None,218.61,236.72,2.0661,1161161000,676634000,293642000,508867000,484527000,215225000,1601190000,652294000,26.39,-152031000,252.0,160.02
2025-12-28,LECO,9.34,4176319000.0,26.39,None,1.257,25.71,16094000,None,108007000,108007000,-38124000,-49014000,-5705000,5986000,-3811000,None,None,-15811000,4928000,84348966,None,1164275000,1164275000,121917000,None,None,242093000,None,None,41865000,15840000,3.0,0.0122,23030000,23030000,None,0.249,0.05,151606000,193471000,2.42,2017-06-30,22.83,25596000,1531962000.0,436915000,153899000,31593000,64828000,64828000,None,7947000,None,275745000,None,None,157853000,None,None,61352000,None,None,None,0.174,75447000,287070000,149845000,50789000,125220000,None,None,None,None,None,None,None,1.591,9.54,3.257,None,None,None,None,None,-7345000,None,0.126,None,340533000,2025-10-30,quarterly,2.47,USD,pre-market,21594000,764748000,0.12,0.381,0.079,74.91,285309000,166016000,8163000,None,218.61,236.72,2.0661,1161161000,676634000,293642000,508867000,484527000,215225000,1601190000,652294000,26.39,-152031000,252.0,160.02
2025-12-28,LECO,9.34,4176319000.0,26.39,None,1.257,25.71,12037000,None,108007000,108007000,-17643000,-42959000,22261000,6623000,-20946000,None,None,-24195000,4928000,84348966,None,1164275000,1164275000,121917000,None,None,242093000,None,None,41865000,16166000,3.0,0.0122,22986000,22986000,None,0.249,0.05,151606000,193471000,2.42,2017-03-31,22.83,25596000,1531962000.0,436915000,153899000,31593000,64828000,64828000,None,7947000,None,275745000,None,None,157853000,None,None,55844000,None,None,None,0.174,76240000,287070000,149845000,50789000,125220000,None,None,None,None,None,None,None,1.591,9.54,3.257,None,None,None,None,None,-403000,None,0.126,None,340533000,2025-10-30,quarterly,2.47,USD,pre-market,21594000,764748000,0.12,0.381,0.079,74.91,285309000,166016000,8163000,None,218.61,236.72,2.0661,1161161000,676634000,293642000,508867000,484527000,215225000,1601190000,652294000,26.39,-152031000,252.0,160.02
2025-12-28,LECO,9.34,4176319000.0,26.39,None,1.257,25.71,10500000,None,108007000,108007000,113073000,-49655000,122251000,-7804000,22274000,None,None,-358000,4928000,84348966,None,1164275000,1164275000,121917000,None,None,242093000,None,None,41865000,16578000,3.0,0.0122,21150000,21150000,None,0.249,0.05,151606000,193471000,2.42,2016-12-31,22.83,25596000,1531962000.0,436915000,153899000,31593000,64828000,64828000,None,7947000,None,275745000,None,None,157853000,None,None,53395000,None,None,None,0.174,66637000,287070000,149845000,50789000,125220000,None,None,None,None,None,None,None,1.591,9.54,3.257,None,None,None,None,None,-53409000,None,0.126,None,340533000,2025-10-30,quarterly,2.47,USD,pre-market,21594000,764748000,0.12,0.381,0.079,74.91,285309000,166016000,8163000,None,218.61,236.72,2.0661,1161161000,676634000,293642000,508867000,484527000,215225000,1601190000,652294000,26.39,-152031000,252.0,160.02
2025-12-28,LECO,9.34,4176319000.0,26.39,None,1.257,25.71,14598000,None,108007000,108007000,-76610000,-14341000,19909000,-549000,7819000,None,None,10437000,4928000,84348966,None,1164275000,1164275000,121917000,None,None,242093000,None,None,41865000,16263000,3.0,0.0122,21533000,21533000,None,0.249,0.05,151606000,193471000,2.42,2016-09-30,22.83,25596000,1531962000.0,436915000,153899000,31593000,64828000,64828000,None,7947000,None,275745000,None,None,157853000,None,None,60049000,None,None,None,0.174,111409000,287070000,149845000,50789000,125220000,None,None,None,None,None,None,None,1.591,9.54,3.257,None,None,None,None,None,-85661000,None,0.126,None,340533000,2025-10-30,quarterly,2.47,USD,pre-market,21594000,764748000,0.12,0.381,0.079,74.91,285309000,166016000,8163000,None,218.61,236.72,2.0661,1161161000,676634000,293642000,508867000,484527000,215225000,1601190000,652294000,26.39,-152031000,252.0,160.02
2025-12-28,LECO,9.34,4176319000.0,26.39,None,1.257,25.71,15894000,None,108007000,108007000,5474000,-87523000,16023000,-2924000,-4712000,None,None,-5801000,4928000,84348966,None,1164275000,1164275000,121917000,None,None,242093000,None,None,41865000,16607000,3.0,0.0122,22022000,22022000,None,0.249,0.05,151606000,193471000,2.42,2016-06-30,22.83,25596000,1531962000.0,436915000,153899000,31593000,64828000,64828000,None,7947000,None,275745000,None,None,157853000,None,None,31317000,None,None,None,0.174,100996000,287070000,149845000,50789000,125220000,None,None,None,None,None,None,None,1.591,9.54,3.257,None,None,None,None,None,-100445000,None,0.126,None,340533000,2025-10-30,quarterly,2.47,USD,pre-market,21594000,764748000,0.12,0.381,0.079,74.91,285309000,166016000,8163000,None,218.61,236.72,2.0661,1161161000,676634000,293642000,508867000,484527000,215225000,1601190000,652294000,26.39,-152031000,252.0,160.02
2025-12-28,LECO,9.34,4176319000.0,26.39,None,1.257,25.71,8885000,None,108007000,108007000,-104791000,-8427000,-83187000,5670000,-10780000,None,None,-16592000,4928000,84348966,None,1164275000,1164275000,121917000,None,None,242093000,None,None,41865000,15625000,3.0,0.0122,22625000,22625000,None,0.249,0.05,151606000,193471000,2.42,2016-03-31,22.83,25596000,1531962000.0,436915000,153899000,31593000,64828000,64828000,None,7947000,None,275745000,None,None,157853000,None,None,53638000,None,None,None,0.174,24361000,287070000,149845000,50789000,125220000,None,None,None,None,None,None,None,1.591,9.54,3.257,None,None,None,None,None,-102488000,None,0.126,None,340533000,2025-10-30,quarterly,2.47,USD,pre-market,21594000,764748000,0.12,0.381,0.079,74.91,285309000,166016000,8163000,None,218.61,236.72,2.0661,1161161000,676634000,293642000,508867000,484527000,215225000,1601190000,652294000,26.39,-152031000,252.0,160.02
2025-12-28,LECO,9.34,4176319000.0,26.39,None,1.257,25.71,10320000,None,108007000,108007000,-118629000,-13377000,-60162000,-3578000,28243000,None,None,42080000,4928000,84348966,None,1164275000,1164275000,121917000,None,None,242093000,None,None,41865000,16110000,3.0,0.0122,21026000,21026000,None,0.249,0.05,151606000,193471000,2.42,2015-12-31,22.83,25596000,1531962000.0,436915000,153899000,31593000,64828000,64828000,None,7947000,None,275745000,None,None,157853000,None,None,48692000,None,None,None,0.174,75422000,287070000,149845000,50789000,125220000,None,None,None,None,None,None,None,1.591,9.54,3.257,None,None,None,None,None,-101690000,None,0.126,None,340533000,2025-10-30,quarterly,2.47,USD,pre-market,21594000,764748000,0.12,0.381,0.079,74.91,285309000,166016000,8163000,None,218.61,236.72,2.0661,1161161000,676634000,293642000,508867000,484527000,215225000,1601190000,652294000,26.39,-152031000,252.0,160.02
2025-12-28,LECO,9.34,4176319000.0,26.39,None,1.257,25.71,10970000,None,108007000,108007000,10054000,-46203000,51608000,-17609000,26284000,None,None,28343000,4928000,84348966,None,1164275000,1164275000,121917000,None,None,242093000,None,None,41865000,16179000,3.0,0.0122,21694000,21694000,None,0.249,0.05,151606000,193471000,2.42,2015-09-30,22.83,25596000,1531962000.0,436915000,153899000,31593000,64828000,64828000,None,7947000,None,275745000,None,None,157853000,None,None,-60466000,None,None,None,0.174,105366000,287070000,149845000,50789000,125220000,None,None,None,None,None,None,None,1.591,9.54,3.257,None,None,None,None,None,-139336000,None,0.126,None,340533000,2025-10-30,quarterly,2.47,USD,pre-market,21594000,764748000,0.12,0.381,0.079,74.91,285309000,166016000,8163000,None,218.61,236.72,2.0661,1161161000,676634000,293642000,508867000,484527000,215225000,1601190000,652294000,26.39,-152031000,252.0,160.02
2025-12-28,LECO,9.34,4176319000.0,26.39,None,1.257,25.71,16761000,None,108007000,108007000,-39911000,-16527000,23720000,2872000,17773000,None,None,11695000,4928000,84348966,None,1164275000,1164275000,121917000,None,None,242093000,None,None,41865000,15686000,3.0,0.0122,21919000,21919000,None,0.249,0.05,151606000,193471000,2.42,2015-06-30,22.83,25596000,1531962000.0,436915000,153899000,31593000,64828000,64828000,None,7947000,None,275745000,None,None,157853000,None,None,70898000,None,None,None,0.174,77286000,287070000,149845000,50789000,125220000,None,None,None,None,None,None,None,1.591,9.54,3.257,None,None,None,None,None,-55615000,None,0.126,None,340533000,2025-10-30,quarterly,2.47,USD,pre-market,21594000,764748000,0.12,0.381,0.079,74.91,285309000,166016000,8163000,None,218.61,236.72,2.0661,1161161000,676634000,293642000,508867000,484527000,215225000,1601190000,652294000,26.39,-152031000,252.0,160.02
2025-12-28,LECO,9.34,4176319000.0,26.39,None,1.257,25.71,12456000,None,108007000,108007000,-21422000,-9245000,10638000,-11479000,-16233000,None,None,-25377000,4928000,84348966,None,1164275000,1164275000,121917000,None,None,242093000,None,None,41865000,16032000,3.0,0.0122,22329000,22329000,None,0.249,0.05,151606000,193471000,2.42,2015-03-31,22.83,25596000,1531962000.0,436915000,153899000,31593000,64828000,64828000,None,7947000,None,275745000,None,None,157853000,None,None,68354000,None,None,None,0.174,52784000,287070000,149845000,50789000,125220000,None,None,None,None,None,None,None,1.591,9.54,3.257,None,None,None,None,None,-102853000,None,0.126,None,340533000,2025-10-30,quarterly,2.47,USD,pre-market,21594000,764748000,0.12,0.381,0.079,74.91,285309000,166016000,8163000,None,218.61,236.72,2.0661,1161161000,676634000,293642000,508867000,484527000,215225000,1601190000,652294000,26.39,-152031000,252.0,160.02
2025-12-28,LECO,9.34,4176319000.0,26.39,None,1.257,25.71,17560000,None,108007000,108007000,-87647000,-40487000,-1144000,-6659000,5435000,None,None,28264000,4928000,84348966,None,1164275000,1164275000,121917000,None,None,242093000,None,None,41865000,16590000,3.0,0.0122,17866000,17866000,None,0.249,0.05,151606000,193471000,2.42,2014-12-31,22.83,25596000,1531962000.0,436915000,153899000,31593000,64828000,64828000,None,7947000,None,275745000,None,None,157853000,None,None,75212000,None,None,None,0.174,133649000,287070000,149845000,50789000,125220000,None,None,None,None,None,None,None,1.591,9.54,3.257,None,None,None,None,None,-57775000,None,0.126,None,340533000,2025-10-30,quarterly,2.47,USD,pre-market,21594000,764748000,0.12,0.381,0.079,74.91,285309000,166016000,8163000,None,218.61,236.72,2.0661,1161161000,676634000,293642000,508867000,484527000,215225000,1601190000,652294000,26.39,-152031000,252.0,160.02
2025-12-28,LECO,9.34,4176319000.0,26.39,None,1.257,25.71,15483000,None,108007000,108007000,-64271000,-3946000,75238000,-5993000,6302000,None,None,20953000,4928000,84348966,None,1164275000,1164275000,121917000,None,None,242093000,None,None,41865000,17117000,3.0,0.0122,18276000,18276000,None,0.249,0.05,151606000,193471000,2.42,2014-09-30,22.83,25596000,1531962000.0,436915000,153899000,31593000,64828000,64828000,None,7947000,None,275745000,None,None,157853000,None,None,45689000,None,None,None,0.174,149448000,287070000,149845000,50789000,125220000,None,None,None,None,None,None,None,1.591,9.54,3.257,None,None,None,None,None,-130070000,None,0.126,None,340533000,2025-10-30,quarterly,2.47,USD,pre-market,21594000,764748000,0.12,0.381,0.079,74.91,285309000,166016000,8163000,None,218.61,236.72,2.0661,1161161000,676634000,293642000,508867000,484527000,215225000,1601190000,652294000,26.39,-152031000,252.0,160.02
2025-12-28,LECO,9.34,4176319000.0,26.39,None,1.257,25.71,25441000,None,108007000,108007000,-87015000,-20793000,-1102000,1732000,-2298000,None,None,544000,4928000,84348966,None,1164275000,1164275000,121917000,None,None,242093000,None,None,41865000,17969000,3.0,0.0122,18496000,18496000,None,0.249,0.05,151606000,193471000,2.42,2014-06-30,22.83,25596000,1531962000.0,436915000,153899000,31593000,64828000,64828000,None,7947000,None,275745000,None,None,157853000,None,None,77332000,None,None,None,0.174,104974000,287070000,149845000,50789000,125220000,None,None,None,None,None,None,None,1.591,9.54,3.257,None,None,None,None,None,-68312000,None,0.126,None,340533000,2025-10-30,quarterly,2.47,USD,pre-market,21594000,764748000,0.12,0.381,0.079,74.91,285309000,166016000,8163000,None,218.61,236.72,2.0661,1161161000,676634000,293642000,508867000,484527000,215225000,1601190000,652294000,26.39,-152031000,252.0,160.02
2025-12-28,LECO,9.34,4176319000.0,26.39,None,1.257,25.71,14506000,None,108007000,108007000,-75422000,-13759000,-94438000,-18888000,-15157000,None,None,-43885000,4928000,84348966,None,1164275000,1164275000,121917000,None,None,242093000,None,None,41865000,17931000,3.0,0.0122,18623000,18623000,None,0.249,0.05,151606000,193471000,2.42,2014-03-31,22.83,25596000,1531962000.0,436915000,153899000,31593000,64828000,64828000,None,7947000,None,275745000,None,None,157853000,None,None,56453000,None,None,None,0.174,13631000,287070000,149845000,50789000,125220000,None,None,None,None,None,None,None,1.591,9.54,3.257,None,None,None,None,None,-51021000,None,0.126,None,340533000,2025-10-30,quarterly,2.47,USD,pre-market,21594000,764748000,0.12,0.381,0.079,74.91,285309000,166016000,8163000,None,218.61,236.72,2.0661,1161161000,676634000,293642000,508867000,484527000,215225000,1601190000,652294000,26.39,-152031000,252.0,160.02
2025-12-28,LECO,9.34,4176319000.0,26.39,None,1.257,25.71,16324000,None,108007000,108007000,-65446000,-61452000,-30484000,-389000,23199000,None,None,12545000,4928000,84348966,None,1164275000,1164275000,121917000,None,None,242093000,None,None,41865000,17002000,3.0,0.0122,16290000,16290000,None,0.249,0.05,151606000,193471000,2.42,2013-12-31,22.83,25596000,1531962000.0,436915000,153899000,31593000,64828000,64828000,None,7947000,None,275745000,None,None,157853000,None,None,88324000,None,None,None,0.174,96803000,287070000,149845000,50789000,125220000,None,None,None,None,None,None,None,1.591,9.54,3.257,None,None,None,None,None,-54238000,None,0.126,None,340533000,2025-10-30,quarterly,2.47,USD,pre-market,21594000,764748000,0.12,0.381,0.079,74.91,285309000,166016000,8163000,None,218.61,236.72,2.0661,1161161000,676634000,293642000,508867000,484527000,215225000,1601190000,652294000,26.39,-152031000,252.0,160.02
2025-12-28,LECO,9.34,4176319000.0,26.39,None,1.257,25.71,28643000,None,108007000,108007000,-55586000,-28699000,73920000,3165000,2419000,None,None,25385000,4928000,84348966,None,1164275000,1164275000,121917000,None,None,242093000,None,None,41865000,17326000,3.0,0.0122,16407000,16407000,None,0.249,0.05,151606000,193471000,2.42,2013-09-30,22.83,25596000,1531962000.0,436915000,153899000,31593000,64828000,64828000,None,7947000,None,275745000,None,None,157853000,None,None,66044000,None,None,None,0.174,155040000,287070000,149845000,50789000,125220000,None,None,None,None,None,None,None,1.591,9.54,3.257,None,None,None,None,None,-43964000,None,0.126,None,340533000,2025-10-30,quarterly,2.47,USD,pre-market,21594000,764748000,0.12,0.381,0.079,74.91,285309000,166016000,8163000,None,218.61,236.72,2.0661,1161161000,676634000,293642000,508867000,484527000,215225000,1601190000,652294000,26.39,-152031000,252.0,160.02
2025-12-28,LECO,9.34,4176319000.0,26.39,None,1.257,25.71,15910000,None,108007000,108007000,-72527000,-23767000,7934000,-2971000,4026000,None,None,23218000,4928000,84348966,None,1164275000,1164275000,121917000,None,None,242093000,None,None,41865000,17158000,3.0,0.0122,16580000,16580000,None,0.249,0.05,151606000,193471000,2.42,2013-06-30,22.83,25596000,1531962000.0,436915000,153899000,31593000,64828000,64828000,None,7947000,None,275745000,None,None,157853000,None,None,72606000,None,None,None,0.174,107199000,287070000,149845000,50789000,125220000,None,None,None,None,None,None,None,1.591,9.54,3.257,None,None,None,None,None,-56897000,None,0.126,None,340533000,2025-10-30,quarterly,2.47,USD,pre-market,21594000,764748000,0.12,0.381,0.079,74.91,285309000,166016000,8163000,None,218.61,236.72,2.0661,1161161000,676634000,293642000,508867000,484527000,215225000,1601190000,652294000,26.39,-152031000,252.0,160.02
2025-12-28,LECO,9.34,4176319000.0,26.39,None,1.257,25.71,15138000,None,108007000,108007000,-625000,-15582000,-38009000,-1654000,-16334000,None,None,-66585000,4928000,84348966,None,1164275000,1164275000,121917000,None,None,242093000,None,None,41865000,17397000,3.0,0.0122,0,0,None,0.249,0.05,151606000,193471000,2.42,2013-03-31,22.83,25596000,1531962000.0,436915000,153899000,31593000,64828000,64828000,None,7947000,None,275745000,None,None,157853000,None,None,66806000,None,None,None,0.174,-20148000,287070000,149845000,50789000,125220000,None,None,None,None,None,None,None,1.591,9.54,3.257,None,None,None,None,None,-12780000,None,0.126,None,340533000,2025-10-30,quarterly,2.47,USD,pre-market,21594000,764748000,0.12,0.381,0.079,74.91,285309000,166016000,8163000,None,218.61,236.72,2.0661,1161161000,676634000,293642000,508867000,484527000,215225000,1601190000,652294000,26.39,-152031000,252.0,160.02
2025-12-28,LECO,9.34,4176319000.0,26.39,None,1.257,25.71,13408000,None,108007000,108007000,-44461000,-94310000,-54211000,417000,35118000,None,None,44009000,4928000,84348966,None,1164275000,1164275000,121917000,None,None,242093000,None,None,41865000,17114000,3.0,0.0122,30602000,30602000,None,0.249,0.05,151606000,193471000,2.42,2012-12-31,22.83,25596000,1531962000.0,436915000,153899000,31593000,64828000,64828000,None,7947000,None,275745000,None,None,157853000,None,None,62084000,None,None,None,0.174,84143000,287070000,149845000,50789000,125220000,None,None,None,None,None,None,None,1.591,9.54,3.257,None,None,None,None,None,-20863000,None,0.126,None,340533000,2025-10-30,quarterly,2.47,USD,pre-market,21594000,764748000,0.12,0.381,0.079,74.91,285309000,166016000,8163000,None,218.61,236.72,2.0661,1161161000,676634000,293642000,508867000,484527000,215225000,1601190000,652294000,26.39,-152031000,252.0,160.02
2025-12-28,LECO,9.34,4176319000.0,26.39,None,1.257,25.71,13060000,None,108007000,108007000,-36173000,-16376000,32712000,2806000,13870000,None,None,35299000,4928000,84348966,None,1164275000,1164275000,121917000,None,None,242093000,None,None,41865000,16435000,3.0,0.0122,14147000,14147000,None,0.249,0.05,151606000,193471000,2.42,2012-09-30,22.83,25596000,1531962000.0,436915000,153899000,31593000,64828000,64828000,None,7947000,None,275745000,None,None,157853000,None,None,64736000,None,None,None,0.174,82455000,287070000,149845000,50789000,125220000,None,None,None,None,None,None,None,1.591,9.54,3.257,None,None,None,None,None,-20017000,None,0.126,None,340533000,2025-10-30,quarterly,2.47,USD,pre-market,21594000,764748000,0.12,0.381,0.079,74.91,285309000,166016000,8163000,None,218.61,236.72,2.0661,1161161000,676634000,293642000,508867000,484527000,215225000,1601190000,652294000,26.39,-152031000,252.0,160.02
2025-12-28,LECO,9.34,4176319000.0,26.39,None,1.257,25.71,13680000,None,108007000,108007000,-28345000,-42532000,7125000,-3720000,-6240000,None,None,8203000,4928000,84348966,None,1164275000,1164275000,121917000,None,None,242093000,None,None,41865000,16206000,3.0,0.0122,14177000,14177000,None,0.249,0.05,151606000,193471000,2.42,2012-06-30,22.83,25596000,1531962000.0,436915000,153899000,31593000,64828000,64828000,None,7947000,None,275745000,None,None,157853000,None,None,66365000,None,None,None,0.174,81722000,287070000,149845000,50789000,125220000,None,None,None,None,None,None,None,1.591,9.54,3.257,None,None,None,None,None,-20040000,None,0.126,None,340533000,2025-10-30,quarterly,2.47,USD,pre-market,21594000,764748000,0.12,0.381,0.079,74.91,285309000,166016000,8163000,None,218.61,236.72,2.0661,1161161000,676634000,293642000,508867000,484527000,215225000,1601190000,652294000,26.39,-152031000,252.0,160.02
2025-12-28,LECO,9.34,4176319000.0,26.39,None,1.257,25.71,12567000,None,108007000,108007000,-107859000,-34253000,-60263000,2685000,-14462000,None,None,-29752000,4928000,84348966,None,1164275000,1164275000,121917000,None,None,242093000,None,None,41865000,15579000,3.0,0.0122,14186000,14186000,None,0.249,0.05,151606000,193471000,2.42,2012-03-31,22.83,25596000,1531962000.0,436915000,153899000,31593000,64828000,64828000,None,7947000,None,275745000,None,None,157853000,None,None,64149000,None,None,None,0.174,79164000,287070000,149845000,50789000,125220000,None,None,None,None,None,None,None,1.591,9.54,3.257,None,None,None,None,None,-20098000,None,0.126,None,340533000,2025-10-30,quarterly,2.47,USD,pre-market,21594000,764748000,0.12,0.381,0.079,74.91,285309000,166016000,8163000,None,218.61,236.72,2.0661,1161161000,676634000,293642000,508867000,484527000,215225000,1601190000,652294000,26.39,-152031000,252.0,160.02
2025-12-28,LECO,9.34,4176319000.0,26.39,None,1.257,25.71,15063000,None,108007000,108007000,-3399000,-18709000,39641000,-1391000,47048000,None,None,4769000,4928000,84348966,None,1164275000,1164275000,121917000,None,None,242093000,None,None,41865000,36716000,3.0,0.0122,12934000,12934000,None,0.249,0.05,151606000,193471000,2.42,2011-12-31,22.83,25596000,1531962000.0,436915000,153899000,31593000,64828000,64828000,None,7947000,None,275745000,None,None,157853000,None,None,57560000,None,None,None,0.174,63140000,287070000,149845000,50789000,125220000,None,None,None,None,None,None,None,1.591,9.54,3.257,None,None,None,None,None,-9367000,None,0.126,None,340533000,2025-10-30,quarterly,2.47,USD,pre-market,21594000,764748000,0.12,0.381,0.079,74.91,285309000,166016000,8163000,None,218.61,236.72,2.0661,1161161000,676634000,293642000,508867000,484527000,215225000,1601190000,652294000,26.39,-152031000,252.0,160.02
2025-12-28,LECO,9.34,4176319000.0,26.39,None,1.257,25.71,21380000,None,108007000,108007000,-27397000,-65685000,-16455000,-8175000,13000000,None,None,3436000,4928000,84348966,None,1164275000,1164275000,121917000,None,None,242093000,None,None,41865000,15740000,3.0,0.0122,12996000,12996000,None,0.249,0.05,151606000,193471000,2.42,2011-09-30,22.83,25596000,1531962000.0,436915000,153899000,31593000,64828000,64828000,None,7947000,None,275745000,None,None,157853000,None,None,55530000,None,None,None,0.174,84802000,287070000,149845000,50789000,125220000,None,None,None,None,None,None,None,1.591,9.54,3.257,None,None,None,None,None,-14321000,None,0.126,None,340533000,2025-10-30,quarterly,2.47,USD,pre-market,21594000,764748000,0.12,0.381,0.079,74.91,285309000,166016000,8163000,None,218.61,236.72,2.0661,1161161000,676634000,293642000,508867000,484527000,215225000,1601190000,652294000,26.39,-152031000,252.0,160.02
2025-12-28,LECO,9.34,4176319000.0,26.39,None,1.257,25.71,13867000,None,108007000,108007000,-20942000,-13160000,-3500000,1764000,-49663000,None,None,-32399000,4928000,84348966,None,1164275000,1164275000,121917000,None,None,242093000,None,None,41865000,16143000,3.0,0.0122,13018000,13018000,None,0.249,0.05,151606000,193471000,2.42,2011-06-30,22.83,25596000,1531962000.0,436915000,153899000,31593000,64828000,64828000,None,7947000,None,275745000,None,None,157853000,None,None,57054000,None,None,None,0.174,28838000,287070000,149845000,50789000,125220000,None,None,None,None,None,None,None,1.591,9.54,3.257,None,None,None,None,None,-12404000,None,0.126,None,340533000,2025-10-30,quarterly,2.47,USD,pre-market,21594000,764748000,0.12,0.381,0.079,74.91,285309000,166016000,8163000,None,218.61,236.72,2.0661,1161161000,676634000,293642000,508867000,484527000,215225000,1601190000,652294000,26.39,-152031000,252.0,160.02
2025-12-28,LECO,9.34,4176319000.0,26.39,None,1.257,25.71,15503000,None,108007000,108007000,-11632000,-33242000,-24778000,3358000,-62064000,None,None,-43324000,4928000,84348966,None,1164275000,1164275000,121917000,None,None,242093000,None,None,41865000,15206000,3.0,0.0122,12987000,12987000,None,0.249,0.05,151606000,193471000,2.42,2011-03-31,22.83,25596000,1531962000.0,436915000,153899000,31593000,64828000,64828000,None,7947000,None,275745000,None,None,157853000,None,None,46910000,None,None,None,0.174,16738000,287070000,149845000,50789000,125220000,None,None,None,None,None,None,None,1.591,9.54,3.257,None,None,None,None,None,-905000,None,0.126,None,340533000,2025-10-30,quarterly,2.47,USD,pre-market,21594000,764748000,0.12,0.381,0.079,74.91,285309000,166016000,8163000,None,218.61,236.72,2.0661,1161161000,676634000,293642000,508867000,484527000,215225000,1601190000,652294000,26.39,-152031000,252.0,160.02
2025-12-28,LECO,9.34,4176319000.0,26.39,None,1.257,25.71,17357000,None,108007000,108007000,-35146000,-34756000,None,None,28299000,None,None,None,4928000,84348966,None,1164275000,1164275000,121917000,None,None,242093000,None,None,41865000,14935000,3.0,0.0122,11780000,11780000,None,0.249,0.05,151606000,193471000,2.42,2010-12-31,22.83,25596000,1531962000.0,436915000,153899000,31593000,64828000,64828000,None,7947000,None,275745000,None,None,157853000,None,None,41503000,None,None,None,0.174,53264000,287070000,149845000,50789000,125220000,None,None,None,None,None,None,None,1.591,9.54,3.257,None,None,None,None,None,-16722000,None,0.126,None,340533000,2025-10-30,quarterly,2.47,USD,pre-market,21594000,764748000,0.12,0.381,0.079,74.91,285309000,166016000,8163000,None,218.61,236.72,2.0661,1161161000,676634000,293642000,508867000,484527000,215225000,1601190000,652294000,26.39,-152031000,252.0,160.02
2025-12-28,LECO,9.34,4176319000.0,26.39,None,1.257,25.71,19718000,None,108007000,108007000,-34218000,-18921000,None,None,-11139000,None,None,None,4928000,84348966,None,1164275000,1164275000,121917000,None,None,242093000,None,None,41865000,14062000,3.0,0.0122,11829000,11829000,None,0.249,0.05,151606000,193471000,2.42,2010-09-30,22.83,25596000,1531962000.0,436915000,153899000,31593000,64828000,64828000,None,7947000,None,275745000,None,None,157853000,None,None,32473000,None,None,None,0.174,55971000,287070000,149845000,50789000,125220000,None,None,None,None,None,None,None,1.591,9.54,3.257,None,None,None,None,None,-10036000,None,0.126,None,340533000,2025-10-30,quarterly,2.47,USD,pre-market,21594000,764748000,0.12,0.381,0.079,74.91,285309000,166016000,8163000,None,218.61,236.72,2.0661,1161161000,676634000,293642000,508867000,484527000,215225000,1601190000,652294000,26.39,-152031000,252.0,160.02
2025-12-28,LECO,9.34,4176319000.0,26.39,None,1.257,25.71,13719000,None,108007000,108007000,-23663000,-5994000,None,None,-23055000,None,None,None,4928000,84348966,None,1164275000,1164275000,121917000,None,None,242093000,None,None,41865000,14123000,3.0,0.0122,11870000,11870000,None,0.249,0.05,151606000,193471000,2.42,2010-06-30,22.83,25596000,1531962000.0,436915000,153899000,31593000,64828000,64828000,None,7947000,None,275745000,None,None,157853000,None,None,32540000,None,None,None,0.174,32147000,287070000,149845000,50789000,125220000,None,None,None,None,None,None,None,1.591,9.54,3.257,None,None,None,None,None,-10055000,None,0.126,None,340533000,2025-10-30,quarterly,2.47,USD,pre-market,21594000,764748000,0.12,0.381,0.079,74.91,285309000,166016000,8163000,None,218.61,236.72,2.0661,1161161000,676634000,293642000,508867000,484527000,215225000,1601190000,652294000,26.39,-152031000,252.0,160.02
2025-12-28,LECO,9.34,4176319000.0,26.39,None,1.257,25.71,9771000,None,108007000,108007000,-16480000,-9729000,None,None,-23017000,None,None,None,4928000,84348966,None,1164275000,1164275000,121917000,None,None,242093000,None,None,41865000,14237000,3.0,0.0122,11885000,11885000,None,0.249,0.05,151606000,193471000,2.42,2010-03-31,22.83,25596000,1531962000.0,436915000,153899000,31593000,64828000,64828000,None,7947000,None,275745000,None,None,157853000,None,None,23728000,None,None,None,0.174,15596000,287070000,149845000,50789000,125220000,None,None,None,None,None,None,None,1.591,9.54,3.257,None,None,None,None,None,-2869000,None,0.126,None,340533000,2025-10-30,quarterly,2.47,USD,pre-market,21594000,764748000,0.12,0.381,0.079,74.91,285309000,166016000,8163000,None,218.61,236.72,2.0661,1161161000,676634000,293642000,508867000,484527000,215225000,1601190000,652294000,26.39,-152031000,252.0,160.02
2025-12-28,LECO,9.34,4176319000.0,26.39,None,1.257,25.71,11916000,None,108007000,108007000,-17440000,-19888000,None,None,21863000,None,None,None,4928000,84348966,None,1164275000,1164275000,121917000,None,None,242093000,None,None,41865000,14265000,3.0,0.0122,11454000,11454000,None,0.249,0.05,151606000,193471000,2.42,2009-12-31,22.83,25596000,1531962000.0,436915000,153899000,31593000,64828000,64828000,None,7947000,None,275745000,None,None,157853000,None,None,24345000,None,None,None,0.174,19037000,287070000,149845000,50789000,125220000,None,None,None,None,None,None,None,1.591,9.54,3.257,None,None,None,None,None,343000,None,0.126,None,340533000,2025-10-30,quarterly,2.47,USD,pre-market,21594000,764748000,0.12,0.381,0.079,74.91,285309000,166016000,8163000,None,218.61,236.72,2.0661,1161161000,676634000,293642000,508867000,484527000,215225000,1601190000,652294000,26.39,-152031000,252.0,160.02
2025-12-28,LECO,9.34,4176319000.0,26.39,None,1.257,25.71,5466000,None,108007000,108007000,-18251000,-22646000,None,None,17628000,None,None,None,4928000,84348966,None,1164275000,1164275000,121917000,None,None,242093000,None,None,41865000,14665000,3.0,0.0122,11453000,11453000,None,0.249,0.05,151606000,193471000,2.42,2009-09-30,22.83,25596000,1531962000.0,436915000,153899000,31593000,64828000,64828000,None,7947000,None,275745000,None,None,157853000,None,None,12757000,None,None,None,0.174,97088000,287070000,149845000,50789000,125220000,None,None,None,None,None,None,None,1.591,9.54,3.257,None,None,None,None,None,None,None,0.126,None,340533000,2025-10-30,quarterly,2.47,USD,pre-market,21594000,764748000,0.12,0.381,0.079,74.91,285309000,166016000,8163000,None,218.61,236.72,2.0661,1161161000,676634000,293642000,508867000,484527000,215225000,1601190000,652294000,26.39,-152031000,252.0,160.02
2025-12-28,LECO,9.34,4176319000.0,26.39,None,1.257,25.71,7254000,None,108007000,108007000,-12753000,-7674000,None,None,51085000,None,None,None,4928000,84348966,None,1164275000,1164275000,121917000,None,None,242093000,None,None,41865000,14180000,3.0,0.0122,11450000,11450000,None,0.249,0.05,151606000,193471000,2.42,2009-06-30,22.83,25596000,1531962000.0,436915000,153899000,31593000,64828000,64828000,None,7947000,None,275745000,None,None,157853000,None,None,15068000,None,None,None,0.174,62562000,287070000,149845000,50789000,125220000,None,None,None,None,None,None,None,1.591,9.54,3.257,None,None,None,None,None,None,None,0.126,None,340533000,2025-10-30,quarterly,2.47,USD,pre-market,21594000,764748000,0.12,0.381,0.079,74.91,285309000,166016000,8163000,None,218.61,236.72,2.0661,1161161000,676634000,293642000,508867000,484527000,215225000,1601190000,652294000,26.39,-152031000,252.0,160.02
2025-12-28,LECO,9.34,4176319000.0,26.39,None,1.257,25.71,13565000,None,108007000,108007000,-40628000,-13373000,None,None,37163000,None,None,None,4928000,84348966,None,1164275000,1164275000,121917000,None,None,242093000,None,None,41865000,13488000,3.0,0.0122,11444000,11444000,None,0.249,0.05,151606000,193471000,2.42,2009-03-31,22.83,25596000,1531962000.0,436915000,153899000,31593000,64828000,64828000,None,7947000,None,275745000,None,None,157853000,None,None,-3594000,None,None,None,0.174,71663000,287070000,149845000,50789000,125220000,None,None,None,None,None,None,None,1.591,9.54,3.257,None,None,None,None,None,-343000,None,0.126,None,340533000,2025-10-30,quarterly,2.47,USD,pre-market,21594000,764748000,0.12,0.381,0.079,74.91,285309000,166016000,8163000,None,218.61,236.72,2.0661,1161161000,676634000,293642000,508867000,484527000,215225000,1601190000,652294000,26.39,-152031000,252.0,160.02
2025-12-28,LECO,9.34,4176319000.0,26.39,None,1.257,25.71,18947000,None,108007000,108007000,-29729000,-34889000,None,None,52048000,None,None,None,4928000,84348966,None,1164275000,1164275000,121917000,None,None,242093000,None,None,41865000,14741000,3.0,0.0122,10685000,10685000,None,0.249,0.05,151606000,193471000,2.42,2008-12-31,22.83,25596000,1531962000.0,436915000,153899000,31593000,64828000,64828000,None,7947000,None,275745000,None,None,157853000,None,None,19470000,None,None,None,0.174,40706000,287070000,149845000,50789000,125220000,None,None,None,None,None,None,None,1.591,9.54,3.257,None,None,None,None,None,-19216000,None,0.126,None,340533000,2025-10-30,quarterly,2.47,USD,pre-market,21594000,764748000,0.12,0.381,0.079,74.91,285309000,166016000,8163000,None,218.61,236.72,2.0661,1161161000,676634000,293642000,508867000,484527000,215225000,1601190000,652294000,26.39,-152031000,252.0,160.02
2025-12-28,LECO,9.34,4176319000.0,26.39,None,1.257,25.71,22381000,None,108007000,108007000,-20820000,-25863000,None,None,-42969000,None,None,None,4928000,84348966,None,1164275000,1164275000,121917000,None,None,242093000,None,None,41865000,14315000,3.0,0.0122,10691000,10691000,None,0.249,0.05,151606000,193471000,2.42,2008-09-30,22.83,25596000,1531962000.0,436915000,153899000,31593000,64828000,64828000,None,7947000,None,275745000,None,None,157853000,None,None,69211000,None,None,None,0.174,96058000,287070000,149845000,50789000,125220000,None,None,None,None,None,None,None,1.591,9.54,3.257,None,None,None,None,None,-5088000,None,0.126,None,340533000,2025-10-30,quarterly,2.47,USD,pre-market,21594000,764748000,0.12,0.381,0.079,74.91,285309000,166016000,8163000,None,218.61,236.72,2.0661,1161161000,676634000,293642000,508867000,484527000,215225000,1601190000,652294000,26.39,-152031000,252.0,160.02
2025-12-28,LECO,9.34,4176319000.0,26.39,None,1.257,25.71,18286000,None,108007000,108007000,10246000,-33833000,None,None,-9954000,None,None,None,4928000,84348966,None,1164275000,1164275000,121917000,None,None,242093000,None,None,41865000,14195000,3.0,0.0122,10660000,10660000,None,0.249,0.05,151606000,193471000,2.42,2008-06-30,22.83,25596000,1531962000.0,436915000,153899000,31593000,64828000,64828000,None,7947000,None,275745000,None,None,157853000,None,None,70128000,None,None,None,0.174,53162000,287070000,149845000,50789000,125220000,None,None,None,None,None,None,None,1.591,9.54,3.257,None,None,None,None,None,None,None,0.126,None,340533000,2025-10-30,quarterly,2.47,USD,pre-market,21594000,764748000,0.12,0.381,0.079,74.91,285309000,166016000,8163000,None,218.61,236.72,2.0661,1161161000,676634000,293642000,508867000,484527000,215225000,1601190000,652294000,26.39,-152031000,252.0,160.02
2025-12-28,LECO,9.34,4176319000.0,26.39,None,1.257,25.71,12812000,None,108007000,108007000,-27438000,-21215000,None,None,-26970000,None,None,None,4928000,84348966,None,1164275000,1164275000,121917000,None,None,242093000,None,None,41865000,13674000,3.0,0.0122,10720000,10720000,None,0.249,0.05,151606000,193471000,2.42,2008-03-31,22.83,25596000,1531962000.0,436915000,153899000,31593000,64828000,64828000,None,7947000,None,275745000,None,None,157853000,None,None,53477000,None,None,None,0.174,67523000,287070000,149845000,50789000,125220000,None,None,None,None,None,None,None,1.591,9.54,3.257,None,None,None,None,None,-18033000,None,0.126,None,340533000,2025-10-30,quarterly,2.47,USD,pre-market,21594000,764748000,0.12,0.381,0.079,74.91,285309000,166016000,8163000,None,218.61,236.72,2.0661,1161161000,676634000,293642000,508867000,484527000,215225000,1601190000,652294000,26.39,-152031000,252.0,160.02
2025-12-28,LECO,9.34,4176319000.0,26.39,None,1.257,25.71,15856000,None,108007000,108007000,-24466000,-28433000,None,None,18170000,None,None,None,4928000,84348966,None,1164275000,1164275000,121917000,None,None,242093000,None,None,41865000,13273000,3.0,0.0122,9473000,9473000,None,0.249,0.05,151606000,193471000,2.42,2007-12-31,22.83,25596000,1531962000.0,436915000,153899000,31593000,64828000,64828000,None,7947000,None,275745000,None,None,157853000,None,None,49509000,None,None,None,0.174,45725000,287070000,149845000,50789000,125220000,None,None,None,None,None,None,None,1.591,9.54,3.257,None,None,None,None,None,None,None,0.126,None,340533000,2025-10-30,quarterly,2.47,USD,pre-market,21594000,764748000,0.12,0.381,0.079,74.91,285309000,166016000,8163000,None,218.61,236.72,2.0661,1161161000,676634000,293642000,508867000,484527000,215225000,1601190000,652294000,26.39,-152031000,252.0,160.02
2025-12-28,LECO,9.34,4176319000.0,26.39,None,1.257,25.71,16137000,None,108007000,108007000,-6121000,-17419000,None,None,30077000,None,None,None,4928000,84348966,None,1164275000,1164275000,121917000,None,None,242093000,None,None,41865000,13022000,3.0,0.0122,9446000,9446000,None,0.249,0.05,151606000,193471000,2.42,2007-09-30,22.83,25596000,1531962000.0,436915000,153899000,31593000,64828000,64828000,None,7947000,None,275745000,None,None,157853000,None,None,49978000,None,None,None,0.174,96655000,287070000,149845000,50789000,125220000,None,None,None,None,None,None,None,1.591,9.54,3.257,None,None,None,None,None,None,None,0.126,None,340533000,2025-10-30,quarterly,2.47,USD,pre-market,21594000,764748000,0.12,0.381,0.079,74.91,285309000,166016000,8163000,None,218.61,236.72,2.0661,1161161000,676634000,293642000,508867000,484527000,215225000,1601190000,652294000,26.39,-152031000,252.0,160.02
2025-12-28,LECO,9.34,4176319000.0,26.39,None,1.257,25.71,13916000,None,108007000,108007000,1202000,-13840000,None,None,5880000,None,None,None,4928000,84348966,None,1164275000,1164275000,121917000,None,None,242093000,None,None,41865000,13084000,3.0,0.0122,9422000,9422000,None,0.249,0.05,151606000,193471000,2.42,2007-06-30,22.83,25596000,1531962000.0,436915000,153899000,31593000,64828000,64828000,None,7947000,None,275745000,None,None,157853000,None,None,55249000,None,None,None,0.174,65109000,287070000,149845000,50789000,125220000,None,None,None,None,None,None,None,1.591,9.54,3.257,None,None,None,None,None,None,None,0.126,None,340533000,2025-10-30,quarterly,2.47,USD,pre-market,21594000,764748000,0.12,0.381,0.079,74.91,285309000,166016000,8163000,None,218.61,236.72,2.0661,1161161000,676634000,293642000,508867000,484527000,215225000,1601190000,652294000,26.39,-152031000,252.0,160.02
2025-12-28,LECO,9.34,4176319000.0,26.39,None,1.257,25.71,15724000,None,108007000,108007000,-48201000,-20013000,None,None,-18116000,None,None,None,4928000,84348966,None,1164275000,1164275000,121917000,None,None,242093000,None,None,41865000,12110000,3.0,0.0122,9403000,9403000,None,0.249,0.05,151606000,193471000,2.42,2007-03-31,22.83,25596000,1531962000.0,436915000,153899000,31593000,64828000,64828000,None,7947000,None,275745000,None,None,157853000,None,None,48000000,None,None,None,0.174,42343000,287070000,149845000,50789000,125220000,None,None,None,None,None,None,None,1.591,9.54,3.257,None,None,None,None,None,None,None,0.126,None,340533000,2025-10-30,quarterly,2.47,USD,pre-market,21594000,764748000,0.12,0.381,0.079,74.91,285309000,166016000,8163000,None,218.61,236.72,2.0661,1161161000,676634000,293642000,508867000,484527000,215225000,1601190000,652294000,26.39,-152031000,252.0,160.02
2025-12-28,LECO,9.34,4176319000.0,26.39,None,1.257,25.71,22684000,None,108007000,108007000,-2471000,-36754000,None,None,-2317000,None,None,None,4928000,84348966,None,1164275000,1164275000,121917000,None,None,242093000,None,None,41865000,11475000,3.0,0.0122,8097000,8097000,None,0.249,0.05,151606000,193471000,2.42,2006-12-31,22.83,25596000,1531962000.0,436915000,153899000,31593000,64828000,64828000,None,7947000,None,275745000,None,None,157853000,None,None,51785000,None,None,None,0.174,13589000,287070000,149845000,50789000,125220000,None,None,None,None,None,None,None,1.591,9.54,3.257,None,None,None,None,None,None,None,0.126,None,340533000,2025-10-30,quarterly,2.47,USD,pre-market,21594000,764748000,0.12,0.381,0.079,74.91,285309000,166016000,8163000,None,218.61,236.72,2.0661,1161161000,676634000,293642000,508867000,484527000,215225000,1601190000,652294000,26.39,-152031000,252.0,160.02
2025-12-28,LECO,9.34,4176319000.0,26.39,None,1.257,25.71,21057000,None,108007000,108007000,-3707000,-21246000,None,None,-5554000,None,None,None,4928000,84348966,None,1164275000,1164275000,121917000,None,None,242093000,None,None,41865000,12298000,3.0,0.0122,8101000,8101000,None,0.249,0.05,151606000,193471000,2.42,2006-09-30,22.83,25596000,1531962000.0,436915000,153899000,31593000,64828000,64828000,None,7947000,None,275745000,None,None,157853000,None,None,43855000,None,None,None,0.174,47761000,287070000,149845000,50789000,125220000,None,None,None,None,None,None,None,1.591,9.54,3.257,None,None,None,None,None,None,None,0.126,None,340533000,2025-10-30,quarterly,2.47,USD,pre-market,21594000,764748000,0.12,0.381,0.079,74.91,285309000,166016000,8163000,None,218.61,236.72,2.0661,1161161000,676634000,293642000,508867000,484527000,215225000,1601190000,652294000,26.39,-152031000,252.0,160.02
2025-12-28,LECO,9.34,4176319000.0,26.39,None,1.257,25.71,14735000,None,108007000,108007000,-6141000,-14313000,None,None,-24331000,None,None,None,4928000,84348966,None,1164275000,1164275000,121917000,None,None,242093000,None,None,41865000,11010000,3.0,0.0122,8063000,8063000,None,0.249,0.05,151606000,193471000,2.42,2006-06-30,22.83,25596000,1531962000.0,436915000,153899000,31593000,64828000,64828000,None,7947000,None,275745000,None,None,157853000,None,None,42619000,None,None,None,0.174,27704000,287070000,149845000,50789000,125220000,None,None,None,None,None,None,None,1.591,9.54,3.257,None,None,None,None,None,None,None,0.126,None,340533000,2025-10-30,quarterly,2.47,USD,pre-market,21594000,764748000,0.12,0.381,0.079,74.91,285309000,166016000,8163000,None,218.61,236.72,2.0661,1161161000,676634000,293642000,508867000,484527000,215225000,1601190000,652294000,26.39,-152031000,252.0,160.02
2025-12-28,LECO,9.34,4176319000.0,26.39,None,1.257,25.71,17526000,None,108007000,108007000,-5410000,-17402000,None,None,-25097000,None,None,None,4928000,84348966,None,1164275000,1164275000,121917000,None,None,242093000,None,None,41865000,10925000,3.0,0.0122,8014000,8014000,None,0.249,0.05,151606000,193471000,2.42,2006-03-31,22.83,25596000,1531962000.0,436915000,153899000,31593000,64828000,64828000,None,7947000,None,275745000,None,None,157853000,None,None,36749000,None,None,None,0.174,29626000,287070000,149845000,50789000,125220000,None,None,None,None,None,None,None,1.591,9.54,3.257,None,None,None,None,None,None,None,0.126,None,340533000,2025-10-30,quarterly,2.47,USD,pre-market,21594000,764748000,0.12,0.381,0.079,74.91,285309000,166016000,8163000,None,218.61,236.72,2.0661,1161161000,676634000,293642000,508867000,484527000,215225000,1601190000,652294000,26.39,-152031000,252.0,160.02
2025-12-28,LECO,9.34,4176319000.0,26.39,None,1.257,25.71,14244000,None,108007000,108007000,-1229000,-14055000,None,None,-10524000,None,None,None,4928000,84348966,None,1164275000,1164275000,121917000,None,None,242093000,None,None,41865000,11342000,3.0,0.0122,7567000,7567000,None,0.249,0.05,151606000,193471000,2.42,2005-12-31,22.83,25596000,1531962000.0,436915000,153899000,31593000,64828000,64828000,None,7947000,None,275745000,None,None,157853000,None,None,29765000,None,None,None,0.174,17553000,287070000,149845000,50789000,125220000,None,None,None,None,None,None,None,1.591,9.54,3.257,None,None,None,None,None,1000,None,0.126,None,340533000,2025-10-30,quarterly,2.47,USD,pre-market,21594000,764748000,0.12,0.381,0.079,74.91,285309000,166016000,8163000,None,218.61,236.72,2.0661,1161161000,676634000,293642000,508867000,484527000,215225000,1601190000,652294000,26.39,-152031000,252.0,160.02
2025-12-28,LECO,9.34,4176319000.0,26.39,None,1.257,25.71,14736000,None,108007000,108007000,4308000,-14625000,None,None,3446000,None,None,None,4928000,84348966,None,1164275000,1164275000,121917000,None,None,242093000,None,None,41865000,10707000,3.0,0.0122,7485000,7485000,None,0.249,0.05,151606000,193471000,2.42,2005-09-30,22.83,25596000,1531962000.0,436915000,153899000,31593000,64828000,64828000,None,7947000,None,275745000,None,None,157853000,None,None,38189000,None,None,None,0.174,37630000,287070000,149845000,50789000,125220000,None,None,None,None,None,None,None,1.591,9.54,3.257,None,None,None,None,None,None,None,0.126,None,340533000,2025-10-30,quarterly,2.47,USD,pre-market,21594000,764748000,0.12,0.381,0.079,74.91,285309000,166016000,8163000,None,218.61,236.72,2.0661,1161161000,676634000,293642000,508867000,484527000,215225000,1601190000,652294000,26.39,-152031000,252.0,160.02
2025-12-28,LECO,9.34,4176319000.0,26.39,None,1.257,25.71,116603000,None,108007000,108007000,-244640000,-361231000,None,None,25355000,None,None,None,4928000,84348966,None,1164275000,1164275000,121917000,None,None,242093000,None,None,41865000,88238000,3.0,0.0122,162143000,162143000,None,0.249,0.05,151606000,193471000,2.42,2024-12-31,22.83,25596000,1531962000.0,436915000,153899000,31593000,64828000,64828000,None,7947000,None,275745000,None,None,157853000,None,None,466108000,None,None,None,0.174,598977000,287070000,149845000,50789000,125220000,None,None,None,None,None,None,None,1.591,9.54,3.257,None,None,None,None,None,-263751000,None,0.126,None,340533000,2025-10-30,annual,2.47,USD,pre-market,21594000,764748000,0.12,0.381,0.079,74.91,285309000,166016000,8163000,None,218.61,236.72,2.0661,1161161000,676634000,293642000,508867000,484527000,215225000,1601190000,652294000,26.39,-152031000,252.0,160.02
2025-12-28,LECO,9.34,4176319000.0,26.39,None,1.257,25.71,90987000,None,108007000,108007000,-412392000,-74729000,None,None,122094000,None,None,None,4928000,84348966,None,1164275000,1164275000,121917000,None,None,242093000,None,None,41865000,86670000,3.0,0.0122,148010000,148010000,None,0.249,0.05,151606000,193471000,2.42,2023-12-31,22.83,25596000,1531962000.0,436915000,153899000,31593000,64828000,64828000,None,7947000,None,275745000,None,None,157853000,None,None,545248000,None,None,None,0.174,667542000,287070000,149845000,50789000,125220000,None,None,None,None,None,None,None,1.591,9.54,3.257,None,None,None,None,None,-198765000,None,0.126,None,340533000,2025-10-30,annual,2.47,USD,pre-market,21594000,764748000,0.12,0.381,0.079,74.91,285309000,166016000,8163000,None,218.61,236.72,2.0661,1161161000,676634000,293642000,508867000,484527000,215225000,1601190000,652294000,26.39,-152031000,252.0,160.02
2025-12-28,LECO,9.34,4176319000.0,26.39,None,1.257,25.71,71883000,None,108007000,108007000,133725000,-504691000,12420000,None,-81188000,None,None,-65010000,4928000,84348966,None,1164275000,1164275000,121917000,None,None,242093000,None,None,41865000,78059000,3.0,0.0122,130724000,130724000,None,0.249,0.05,151606000,193471000,2.42,2022-12-31,22.83,25596000,1531962000.0,436915000,153899000,31593000,64828000,64828000,None,7947000,None,275745000,None,None,157853000,None,None,472224000,None,None,None,0.174,383386000,287070000,149845000,50789000,125220000,None,None,None,None,None,None,None,1.591,9.54,3.257,None,None,None,None,None,-181293000,None,0.126,None,340533000,2025-10-30,annual,2.47,USD,pre-market,21594000,764748000,0.12,0.381,0.079,74.91,285309000,166016000,8163000,None,218.61,236.72,2.0661,1161161000,676634000,293642000,508867000,484527000,215225000,1601190000,652294000,26.39,-152031000,252.0,160.02
2025-12-28,LECO,9.34,4176319000.0,26.39,None,1.257,25.71,62531000,None,108007000,108007000,-221940000,-205356000,-62233000,None,-154347000,None,None,-65844000,4928000,84348966,None,1164275000,1164275000,121917000,None,None,242093000,None,None,41865000,81146000,3.0,0.0122,121851000,121851000,None,0.249,0.05,151606000,193471000,2.42,2021-12-31,22.83,25596000,1531962000.0,436915000,153899000,31593000,64828000,64828000,None,7947000,None,275745000,None,None,157853000,None,None,276466000,None,None,None,0.174,365063000,287070000,149845000,50789000,125220000,None,None,None,None,None,None,None,1.591,9.54,3.257,None,None,None,None,None,-164526000,None,0.126,None,340533000,2025-10-30,annual,2.47,USD,pre-market,21594000,764748000,0.12,0.381,0.079,74.91,285309000,166016000,8163000,None,218.61,236.72,2.0661,1161161000,676634000,293642000,508867000,484527000,215225000,1601190000,652294000,26.39,-152031000,252.0,160.02
2025-12-28,LECO,9.34,4176319000.0,26.39,None,1.257,25.71,59201000,None,108007000,108007000,-246141000,-49213000,56008000,None,22751000,None,None,3582000,4928000,84348966,None,1164275000,1164275000,121917000,None,None,242093000,None,None,41865000,80492000,3.0,0.0122,118118000,118118000,None,0.249,0.05,151606000,193471000,2.42,2020-12-31,22.83,25596000,1531962000.0,436915000,153899000,31593000,64828000,64828000,None,7947000,None,275745000,None,None,157853000,None,None,206115000,None,None,None,0.174,351362000,287070000,149845000,50789000,125220000,None,None,None,None,None,None,None,1.591,9.54,3.257,None,None,None,None,None,-113455000,None,0.126,None,340533000,2025-10-30,annual,2.47,USD,pre-market,21594000,764748000,0.12,0.381,0.079,74.91,285309000,166016000,8163000,None,218.61,236.72,2.0661,1161161000,676634000,293642000,508867000,484527000,215225000,1601190000,652294000,26.39,-152031000,252.0,160.02
2025-12-28,LECO,9.34,4176319000.0,26.39,None,1.257,25.71,69615000,None,108007000,108007000,-371944000,-192823000,-161582000,None,-12023000,None,None,50394000,4928000,84348966,None,1164275000,1164275000,121917000,None,None,242093000,None,None,41865000,81487000,3.0,0.0122,117920000,117920000,None,0.249,0.05,151606000,193471000,2.42,2019-12-31,22.83,25596000,1531962000.0,436915000,153899000,31593000,64828000,64828000,None,7947000,None,275745000,None,None,157853000,None,None,293109000,None,None,None,0.174,403185000,287070000,149845000,50789000,125220000,None,None,None,None,None,None,None,1.591,9.54,3.257,None,None,None,None,None,-292693000,None,0.126,None,340533000,2025-10-30,annual,2.47,USD,pre-market,21594000,764748000,0.12,0.381,0.079,74.91,285309000,166016000,8163000,None,218.61,236.72,2.0661,1161161000,676634000,293642000,508867000,484527000,215225000,1601190000,652294000,26.39,-152031000,252.0,160.02
2025-12-28,LECO,9.34,4176319000.0,26.39,None,1.257,25.71,71246000,None,108007000,108007000,-302130000,20841000,47863000,None,-23904000,None,None,-4061000,4928000,84348966,None,1164275000,1164275000,121917000,None,None,242093000,None,None,41865000,72346000,3.0,0.0122,102058000,102058000,None,0.249,0.05,151606000,193471000,2.42,2018-12-31,22.83,25596000,1531962000.0,436915000,153899000,31593000,64828000,64828000,None,7947000,None,275745000,None,None,157853000,None,None,287066000,None,None,None,0.174,329152000,287070000,149845000,50789000,125220000,None,None,None,None,None,None,None,1.591,9.54,3.257,None,None,None,None,None,-201650000,None,0.126,None,340533000,2025-10-30,annual,2.47,USD,pre-market,21594000,764748000,0.12,0.381,0.079,74.91,285309000,166016000,8163000,None,218.61,236.72,2.0661,1161161000,676634000,293642000,508867000,484527000,215225000,1601190000,652294000,26.39,-152031000,252.0,160.02
2025-12-28,LECO,9.34,4176319000.0,26.39,None,1.257,25.71,61656000,None,108007000,108007000,-135037000,-272027000,-52478000,19741000,19448000,None,None,-16811000,4928000,84348966,None,1164275000,1164275000,121917000,None,None,242093000,None,None,41865000,68115000,3.0,0.0122,92452000,92452000,None,0.249,0.05,151606000,193471000,2.42,2017-12-31,22.83,25596000,1531962000.0,436915000,153899000,31593000,64828000,64828000,None,7947000,None,275745000,None,None,157853000,None,None,247503000,None,None,None,0.174,334845000,287070000,149845000,50789000,125220000,None,None,None,None,None,None,None,1.591,9.54,3.257,None,None,None,None,None,-43164000,None,0.126,None,340533000,2025-10-30,annual,2.47,USD,pre-market,21594000,764748000,0.12,0.381,0.079,74.91,285309000,166016000,8163000,None,218.61,236.72,2.0661,1161161000,676634000,293642000,508867000,484527000,215225000,1601190000,652294000,26.39,-152031000,252.0,160.02
2025-12-28,LECO,9.34,4176319000.0,26.39,None,1.257,25.71,49877000,None,108007000,108007000,-62854000,-159946000,74996000,-5607000,14601000,None,None,-12314000,4928000,84348966,None,1164275000,1164275000,121917000,None,None,242093000,None,None,41865000,65073000,3.0,0.0122,87330000,87330000,None,0.249,0.05,151606000,193471000,2.42,2016-12-31,22.83,25596000,1531962000.0,436915000,153899000,31593000,64828000,64828000,None,7947000,None,275745000,None,None,157853000,None,None,198399000,None,None,None,0.174,303403000,287070000,149845000,50789000,125220000,None,None,None,None,None,None,None,1.591,9.54,3.257,None,None,None,None,None,-342003000,None,0.126,None,340533000,2025-10-30,annual,2.47,USD,pre-market,21594000,764748000,0.12,0.381,0.079,74.91,285309000,166016000,8163000,None,218.61,236.72,2.0661,1161161000,676634000,293642000,508867000,484527000,215225000,1601190000,652294000,26.39,-152031000,252.0,160.02
2025-12-28,LECO,9.34,4176319000.0,26.39,None,1.257,25.71,50507000,None,108007000,108007000,-169908000,-85352000,25804000,-29794000,56067000,None,None,56741000,4928000,84348966,None,1164275000,1164275000,121917000,None,None,242093000,None,None,41865000,64007000,3.0,0.0122,86968000,86968000,None,0.249,0.05,151606000,193471000,2.42,2015-12-31,22.83,25596000,1531962000.0,436915000,153899000,31593000,64828000,64828000,None,7947000,None,275745000,None,None,157853000,None,None,127478000,None,None,None,0.174,310858000,287070000,149845000,50789000,125220000,None,None,None,None,None,None,None,1.591,9.54,3.257,None,None,None,None,None,-399494000,None,0.126,None,340533000,2025-10-30,annual,2.47,USD,pre-market,21594000,764748000,0.12,0.381,0.079,74.91,285309000,166016000,8163000,None,218.61,236.72,2.0661,1161161000,676634000,293642000,508867000,484527000,215225000,1601190000,652294000,26.39,-152031000,252.0,160.02
2025-12-28,LECO,9.34,4176319000.0,26.39,None,1.257,25.71,72990000,None,108007000,108007000,-314355000,-78985000,-21446000,-29808000,-5718000,None,None,5876000,4928000,84348966,None,1164275000,1164275000,121917000,None,None,242093000,None,None,41865000,69607000,3.0,0.0122,73261000,73261000,None,0.249,0.05,151606000,193471000,2.42,2014-12-31,22.83,25596000,1531962000.0,436915000,153899000,31593000,64828000,64828000,None,7947000,None,275745000,None,None,157853000,None,None,254686000,None,None,None,0.174,401702000,287070000,149845000,50789000,125220000,None,None,None,None,None,None,None,1.591,9.54,3.257,None,None,None,None,None,-307178000,None,0.126,None,340533000,2025-10-30,annual,2.47,USD,pre-market,21594000,764748000,0.12,0.381,0.079,74.91,285309000,166016000,8163000,None,218.61,236.72,2.0661,1161161000,676634000,293642000,508867000,484527000,215225000,1601190000,652294000,26.39,-152031000,252.0,160.02
2025-12-28,LECO,9.34,4176319000.0,26.39,None,1.257,25.71,76015000,None,108007000,108007000,-194184000,-129500000,13361000,-1849000,13310000,None,None,-5437000,4928000,84348966,None,1164275000,1164275000,121917000,None,None,242093000,None,None,41865000,68883000,3.0,0.0122,49277000,49277000,None,0.249,0.05,151606000,193471000,2.42,2013-12-31,22.83,25596000,1531962000.0,436915000,153899000,31593000,64828000,64828000,None,7947000,None,275745000,None,None,157853000,None,None,293780000,None,None,None,0.174,338894000,287070000,149845000,50789000,125220000,None,None,None,None,None,None,None,1.591,9.54,3.257,None,None,None,None,None,-167879000,None,0.126,None,340533000,2025-10-30,annual,2.47,USD,pre-market,21594000,764748000,0.12,0.381,0.079,74.91,285309000,166016000,8163000,None,218.61,236.72,2.0661,1161161000,676634000,293642000,508867000,484527000,215225000,1601190000,652294000,26.39,-152031000,252.0,160.02
2025-12-28,LECO,9.34,4176319000.0,26.39,None,1.257,25.71,52715000,None,108007000,108007000,-216838000,-187471000,-74637000,2188000,28286000,None,None,57759000,4928000,84348966,None,1164275000,1164275000,121917000,None,None,242093000,None,None,41865000,65334000,3.0,0.0122,73112000,73112000,None,0.249,0.05,151606000,193471000,2.42,2012-12-31,22.83,25596000,1531962000.0,436915000,153899000,31593000,64828000,64828000,None,7947000,None,275745000,None,None,157853000,None,None,257411000,None,None,None,0.174,327484000,287070000,149845000,50789000,125220000,None,None,None,None,None,None,None,1.591,9.54,3.257,None,None,None,None,None,-81018000,None,0.126,None,340533000,2025-10-30,annual,2.47,USD,pre-market,21594000,764748000,0.12,0.381,0.079,74.91,285309000,166016000,8163000,None,218.61,236.72,2.0661,1161161000,676634000,293642000,508867000,484527000,215225000,1601190000,652294000,26.39,-152031000,252.0,160.02
2025-12-28,LECO,9.34,4176319000.0,26.39,None,1.257,25.71,65813000,None,108007000,108007000,-63370000,-130796000,-5092000,-4444000,-51679000,None,None,-67518000,4928000,84348966,None,1164275000,1164275000,121917000,None,None,242093000,None,None,41865000,62051000,3.0,0.0122,51935000,51935000,None,0.249,0.05,151606000,193471000,2.42,2011-12-31,22.83,25596000,1531962000.0,436915000,153899000,31593000,64828000,64828000,None,7947000,None,275745000,None,None,157853000,None,None,217013000,None,None,None,0.174,193518000,287070000,149845000,50789000,125220000,None,None,None,None,None,None,None,1.591,9.54,3.257,None,None,None,None,None,-36997000,None,0.126,None,340533000,2025-10-30,annual,2.47,USD,pre-market,21594000,764748000,0.12,0.381,0.079,74.91,285309000,166016000,8163000,None,218.61,236.72,2.0661,1161161000,676634000,293642000,508867000,484527000,215225000,1601190000,652294000,26.39,-152031000,252.0,160.02
2025-12-28,LECO,9.34,4176319000.0,26.39,None,1.257,25.71,60565000,None,108007000,108007000,-109507000,-69400000,-21943000,-14000,-28912000,None,None,-47958000,4928000,84348966,None,1164275000,1164275000,121917000,None,None,242093000,None,None,41865000,57357000,3.0,0.0122,47364000,47364000,None,0.249,0.05,151606000,193471000,2.42,2010-12-31,22.83,25596000,1531962000.0,436915000,153899000,31593000,64828000,64828000,None,7947000,None,275745000,None,None,157853000,None,None,130244000,None,None,None,0.174,156978000,287070000,149845000,50789000,125220000,None,None,None,None,None,None,None,1.591,9.54,3.257,None,None,None,None,None,-39682000,None,0.126,None,340533000,2025-10-30,annual,2.47,USD,pre-market,21594000,764748000,0.12,0.381,0.079,74.91,285309000,166016000,8163000,None,218.61,236.72,2.0661,1161161000,676634000,293642000,508867000,484527000,215225000,1601190000,652294000,26.39,-152031000,252.0,160.02
2025-12-28,LECO,9.34,4176319000.0,26.39,None,1.257,25.71,38201000,None,108007000,108007000,-89072000,-63581000,None,None,127739000,None,None,None,4928000,84348966,None,1164275000,1164275000,121917000,None,None,242093000,None,None,41865000,56598000,3.0,0.0122,45801000,45801000,None,0.249,0.05,151606000,193471000,2.42,2009-12-31,22.83,25596000,1531962000.0,436915000,153899000,31593000,64828000,64828000,None,7947000,None,275745000,None,None,157853000,None,None,48576000,None,None,None,0.174,250350000,287070000,149845000,50789000,125220000,None,None,None,None,None,None,None,1.591,9.54,3.257,None,None,None,None,None,-343000,None,0.126,None,340533000,2025-10-30,annual,2.47,USD,pre-market,21594000,764748000,0.12,0.381,0.079,74.91,285309000,166016000,8163000,None,218.61,236.72,2.0661,1161161000,676634000,293642000,508867000,484527000,215225000,1601190000,652294000,26.39,-152031000,252.0,160.02
2025-12-28,LECO,9.34,4176319000.0,26.39,None,1.257,25.71,72426000,None,108007000,108007000,-67741000,-115800000,None,None,-27845000,None,None,None,4928000,84348966,None,1164275000,1164275000,121917000,None,None,242093000,None,None,41865000,56925000,3.0,0.0122,42756000,42756000,None,0.249,0.05,151606000,193471000,2.42,2008-12-31,22.83,25596000,1531962000.0,436915000,153899000,31593000,64828000,64828000,None,7947000,None,275745000,None,None,157853000,None,None,212286000,None,None,None,0.174,257449000,287070000,149845000,50789000,125220000,None,None,None,None,None,None,None,1.591,9.54,3.257,None,None,None,None,None,-42337000,None,0.126,None,340533000,2025-10-30,annual,2.47,USD,pre-market,21594000,764748000,0.12,0.381,0.079,74.91,285309000,166016000,8163000,None,218.61,236.72,2.0661,1161161000,676634000,293642000,508867000,484527000,215225000,1601190000,652294000,26.39,-152031000,252.0,160.02
2025-12-28,LECO,9.34,4176319000.0,26.39,None,1.257,25.71,61633000,None,108007000,108007000,-77586000,-79705000,None,None,36011000,None,None,None,4928000,84348966,None,1164275000,1164275000,121917000,None,None,242093000,None,None,41865000,51489000,3.0,0.0122,37744000,37744000,None,0.249,0.05,151606000,193471000,2.42,2007-12-31,22.83,25596000,1531962000.0,436915000,153899000,31593000,64828000,64828000,None,7947000,None,275745000,None,None,157853000,None,None,202736000,None,None,None,0.174,249832000,287070000,149845000,50789000,125220000,None,None,None,None,None,None,None,1.591,9.54,3.257,None,None,None,None,None,-15459000,None,0.126,None,340533000,2025-10-30,annual,2.47,USD,pre-market,21594000,764748000,0.12,0.381,0.079,74.91,285309000,166016000,8163000,None,218.61,236.72,2.0661,1161161000,676634000,293642000,508867000,484527000,215225000,1601190000,652294000,26.39,-152031000,252.0,160.02
2025-12-28,LECO,9.34,4176319000.0,26.39,None,1.257,25.71,76002000,None,108007000,108007000,-17729000,-89715000,None,None,-57299000,None,None,None,4928000,84348966,None,1164275000,1164275000,121917000,None,None,242093000,None,None,41865000,45708000,3.0,0.0122,32275000,32275000,None,0.249,0.05,151606000,193471000,2.42,2006-12-31,22.83,25596000,1531962000.0,436915000,153899000,31593000,64828000,64828000,None,7947000,None,275745000,None,None,157853000,None,None,175008000,None,None,None,0.174,118680000,287070000,149845000,50789000,125220000,None,None,None,None,None,None,None,1.591,9.54,3.257,None,None,None,None,None,-126000,None,0.126,None,340533000,2025-10-30,annual,2.47,USD,pre-market,21594000,764748000,0.12,0.381,0.079,74.91,285309000,166016000,8163000,None,218.61,236.72,2.0661,1161161000,676634000,293642000,508867000,484527000,215225000,1601190000,652294000,26.39,-152031000,252.0,160.02
2025-12-28,LECO,9.34,4176319000.0,26.39,None,1.257,25.71,50415000,None,108007000,108007000,-28127000,-69473000,None,None,-32133000,None,None,None,4928000,84348966,None,1164275000,1164275000,121917000,None,None,242093000,None,None,41865000,41865000,3.0,0.0122,30037000,30037000,None,0.249,0.05,151606000,193471000,2.42,2005-12-31,22.83,25596000,1531962000.0,436915000,153899000,31593000,64828000,64828000,None,7947000,None,275745000,None,None,157853000,None,None,122306000,None,None,None,0.174,117024000,287070000,149845000,50789000,125220000,None,None,None,None,None,None,None,1.591,9.54,3.257,None,None,None,None,None,-12803000,None,0.126,None,340533000,2025-10-30,annual,2.47,USD,pre-market,21594000,764748000,0.12,0.381,0.079,74.91,285309000,166016000,8163000,None,218.61,236.72,2.0661,1161161000,676634000,293642000,508867000,484527000,215225000,1601190000,652294000,26.39,-152031000,252.0,160.02
