date,symbol,eps,revenue_ttm,pe_ratio,accumulateddepreciationamortizationppe,beta,book_value,capitalexpenditures,capitalleaseobligations,cashandcashequivalentsatcarryingvalue,cashandshortterminvestments,cashflowfromfinancing,cashflowfrominvestment,changeincashandcashequivalents,changeinexchangerate,changeininventory,changeinoperatingassets,changeinoperatingliabilities,changeinreceivables,commonstock,commonstocksharesoutstanding,comprehensiveincomenetoftax,costofgoodsandservicessold,costofrevenue,currentaccountspayable,currentdebt,currentlongtermdebt,currentnetreceivables,deferredrevenue,depreciation,depreciationandamortization,depreciationdepletionandamortization,dividend_per_share,dividend_yield,dividendpayout,dividendpayoutcommonstock,dividendpayoutpreferredstock,earnings_growth_yoy,earnings_surprise,ebit,ebitda,estimated_eps,fiscaldateending,goodwill,gross_profit_ttm,grossprofit,incomebeforetax,incometaxexpense,intangibleassets,intangibleassetsexcludinggoodwill,interestanddebtexpense,interestexpense,interestincome,inventory,investmentincomenet,investments,longtermdebt,longtermdebtnoncurrent,longterminvestments,netincome,netincomefromcontinuingoperations,netinterestincome,noninterestincome,operating_margin_ttm,operatingcashflow,operatingexpenses,operatingincome,othercurrentassets,othercurrentliabilities,othernoncurrentassets,othernoncurrentliabilities,othernonoperatingincome,paymentsforoperatingactivities,paymentsforrepurchaseofcommonstock,paymentsforrepurchaseofequity,paymentsforrepurchaseofpreferredstock,peg_ratio,price_to_book,price_to_sales_ttm,proceedsfromissuanceofcommonstock,proceedsfromissuanceoflongtermdebtandcapitalsecuritiesnet,proceedsfromissuanceofpreferredstock,proceedsfromoperatingactivities,proceedsfromrepaymentsofshorttermdebt,proceedsfromrepurchaseofequity,proceedsfromsaleoftreasurystock,profit_margin,profitloss,propertyplantequipment,report_date,report_type,reported_eps,reportedcurrency,reporttime,researchanddevelopment,retainedearnings,return_on_assets_ttm,return_on_equity_ttm,revenue_growth_yoy,revenue_per_share_ttm,sellinggeneralandadministrative,shortlongtermdebttotal,shorttermdebt,shortterminvestments,sma_200,sma_50,surprise_pct,totalassets,totalcurrentassets,totalcurrentliabilities,totalliabilities,totalnoncurrentassets,totalnoncurrentliabilities,totalrevenue,totalshareholderequity,trailing_pe,treasurystock,week_52_high,week_52_low
1996-03-31,LEG,,,,,,,,,,,,,,,,,,,,,,,,,,,,,,,,,,,,,,0.01,,,0.21,,,,,,,,,,,,,,,,,,,,,,,,,,,,,,,,,,,,,,,,,,,,,,,,1996-04-17,,0.22,,pre-market,,,,,,,,,,,,,4.7619,,,,,,,,,,,,
1996-06-30,LEG,,,,,,,,,,,,,,,,,,,,,,,,,,,,,,,,,,,,,,0.01,,,0.23,,,,,,,,,,,,,,,,,,,,,,,,,,,,,,,,,,,,,,,,,,,,,,,,1996-07-17,,0.24,,pre-market,,,,,,,,,,,,,4.3478,,,,,,,,,,,,
1996-09-30,LEG,,,,,,,,,,,,,,,,,,,,,,,,,,,,,,,,,,,,,,0.0,,,0.24,,,,,,,,,,,,,,,,,,,,,,,,,,,,,,,,,,,,,,,,,,,,,,,,1996-10-16,,0.24,,pre-market,,,,,,,,,,,,,0.0,,,,,,,,,,,,
1996-12-31,LEG,,,,,,,,,,,,,,,,,,,,,,,,,,,,,,,,,,,,,,0.01,,,0.23,,,,,,,,,,,,,,,,,,,,,,,,,,,,,,,,,,,,,,,,,,,,,,,,1997-02-05,,0.24,,pre-market,,,,,,,,,,,,,4.3478,,,,,,,,,,,,
1997-03-31,LEG,,,,,,,,,,,,,,,,,,,,,,,,,,,,,,,,,,,,,,0.01,,,0.25,,,,,,,,,,,,,,,,,,,,,,,,,,,,,,,,,,,,,,,,,,,,,,,,1997-04-16,,0.26,,pre-market,,,,,,,,,,,,,4.0,,,,,,,,,,,,
1997-06-30,LEG,,,,,,,,,,,,,,,,,,,,,,,,,,,,,,,,,,,,,,0.01,,,0.27,,,,,,,,,,,,,,,,,,,,,,,,,,,,,,,,,,,,,,,,,,,,,,,,1997-07-16,,0.28,,pre-market,,,,,,,,,,,,,3.7037,,,,,,,,,,,,
1997-09-30,LEG,,,,,,,,,,,,,,,,,,,,,,,,,,,,,,,,,,,,,,0.0,,,0.28,,,,,,,,,,,,,,,,,,,,,,,,,,,,,,,,,,,,,,,,,,,,,,,,1997-10-15,,0.28,,pre-market,,,,,,,,,,,,,0.0,,,,,,,,,,,,
1997-12-31,LEG,,,,,,,,,,,,,,,,,,,,,,,,,,,,,,,,,,,,,,0.0,,,0.28,,,,,,,,,,,,,,,,,,,,,,,,,,,,,,,,,,,,,,,,,,,,,,,,1998-02-04,,0.28,,pre-market,,,,,,,,,,,,,0.0,,,,,,,,,,,,
1998-03-31,LEG,,,,,,,,,,,,,,,,,,,,,,,,,,,,,,,,,,,,,,0.0,,,0.29,,,,,,,,,,,,,,,,,,,,,,,,,,,,,,,,,,,,,,,,,,,,,,,,1998-04-22,,0.29,,pre-market,,,,,,,,,,,,,0.0,,,,,,,,,,,,
1998-06-30,LEG,,,,,,,,,,,,,,,,,,,,,,,,,,,,,,,,,,,,,,0.01,,,0.31,,,,,,,,,,,,,,,,,,,,,,,,,,,,,,,,,,,,,,,,,,,,,,,,1998-07-22,,0.32,,pre-market,,,,,,,,,,,,,3.2258,,,,,,,,,,,,
1998-09-30,LEG,,,,,,,,,,,,,,,,,,,,,,,,,,,,,,,,,,,,,,0.0,,,0.32,,,,,,,,,,,,,,,,,,,,,,,,,,,,,,,,,,,,,,,,,,,,,,,,1998-10-21,,0.32,,pre-market,,,,,,,,,,,,,0.0,,,,,,,,,,,,
1998-12-31,LEG,,,,,,,,,,,,,,,,,,,,,,,,,,,,,,,,,,,,,,-0.01,,,0.32,,,,,,,,,,,,,,,,,,,,,,,,,,,,,,,,,,,,,,,,,,,,,,,,1999-02-03,,0.31,,pre-market,,,,,,,,,,,,,-3.125,,,,,,,,,,,,
1999-03-31,LEG,,,,,,,,,,,,,,,,,,,,,,,,,,,,,,,,,,,,,,0.02,,,0.31,,,,,,,,,,,,,,,,,,,,,,,,,,,,,,,,,,,,,,,,,,,,,,,,1999-04-26,,0.33,,pre-market,,,,,,,,,,,,,6.4516,,,,,,,,,,,,
1999-06-30,LEG,,,,,,,,,,,,,,,,,,,,,,,,,,,,,,,,,,,,,,-0.01,,,0.37,,,,,,,,,,,,,,,,,,,,,,,,,,,,,,,,,,,,,,,,,,,,,,,,1999-07-22,,0.36,,pre-market,,,,,,,,,,,,,-2.7027,,,,,,,,,,,,
1999-09-30,LEG,,,,,,,,,,,,,,,,,,,,,,,,,,,,,,,,,,,,,,0.0,,,0.39,,,,,,,,,,,,,,,,,,,,,,,,,,,,,,,,,,,,,,,,,,,,,,,,1999-10-21,,0.39,,pre-market,,,,,,,,,,,,,0.0,,,,,,,,,,,,
1999-12-31,LEG,,,,,,,,,,,,,,,,,,,,,,,,,,,,,,,,,,,,,,0.0,,,0.37,,,,,,,,,,,,,,,,,,,,,,,,,,,,,,,,,,,,,,,,,,,,,,,,2000-02-02,,0.37,,pre-market,,,,,,,,,,,,,0.0,,,,,,,,,,,,
2000-03-31,LEG,,,,,,,,,,,,,,,,,,,,,,,,,,,,,,,,,,,,,,-0.01,,,0.38,,,,,,,,,,,,,,,,,,,,,,,,,,,,,,,,,,,,,,,,,,,,,,,,2000-04-19,,0.37,,pre-market,,,,,,,,,,,,,-2.6316,,,,,,,,,,,,
2000-06-30,LEG,,,,,,,,,,,,,,,,,,,,,,,,,,,,,,,,,,,,,,0.0,,,0.38,,,,,,,,,,,,,,,,,,,,,,,,,,,,,,,,,,,,,,,,,,,,,,,,2000-07-19,,0.38,,pre-market,,,,,,,,,,,,,0.0,,,,,,,,,,,,
2000-09-30,LEG,,,,,,,,,,,,,,,,,,,,,,,,,,,,,,,,,,,,,,-0.01,,,0.35,,,,,,,,,,,,,,,,,,,,,,,,,,,,,,,,,,,,,,,,,,,,,,,,2000-10-18,,0.34,,pre-market,,,,,,,,,,,,,-2.8571,,,,,,,,,,,,
2000-12-31,LEG,,,,,,,,,,,,,,,,,,,,,,,,,,,,,,,,,,,,,,0.0,,,0.23,,,,,,,,,,,,,,,,,,,,,,,,,,,,,,,,,,,,,,,,,,,,,,,,2001-01-31,,0.23,,pre-market,,,,,,,,,,,,,0.0,,,,,,,,,,,,
2001-03-31,LEG,,,,,,,,,,,,,,,,,,,,,,,,,,,,,,,,,,,,,,0.04,,,0.19,,,,,,,,,,,,,,,,,,,,,,,,,,,,,,,,,,,,,,,,,,,,,,,,2001-04-18,,0.23,,pre-market,,,,,,,,,,,,,21.0526,,,,,,,,,,,,
2001-06-30,LEG,,,,,,,,,,,,,,,,,,,,,,,,,,,,,,,,,,,,,,0.01,,,0.24,,,,,,,,,,,,,,,,,,,,,,,,,,,,,,,,,,,,,,,,,,,,,,,,2001-07-18,,0.25,,pre-market,,,,,,,,,,,,,4.1667,,,,,,,,,,,,
2001-09-30,LEG,,,,,,,,,,,,,,,,,,,,,,,,,,,,,,,,,,,,,,0.0,,,0.28,,,,,,,,,,,,,,,,,,,,,,,,,,,,,,,,,,,,,,,,,,,,,,,,2001-10-17,,0.28,,pre-market,,,,,,,,,,,,,0.0,,,,,,,,,,,,
2001-12-31,LEG,,,,,,,,,,,,,,,,,,,,,,,,,,,,,,,,,,,,,,0.0,,,0.18,,,,,,,,,,,,,,,,,,,,,,,,,,,,,,,,,,,,,,,,,,,,,,,,2002-01-30,,0.18,,pre-market,,,,,,,,,,,,,0.0,,,,,,,,,,,,
2002-03-31,LEG,,,,,,,,,,,,,,,,,,,,,,,,,,,,,,,,,,,,,,0.03,,,0.25,,,,,,,,,,,,,,,,,,,,,,,,,,,,,,,,,,,,,,,,,,,,,,,,2002-04-17,,0.28,,pre-market,,,,,,,,,,,,,12.0,,,,,,,,,,,,
2002-06-30,LEG,,,,,,,,,,,,,,,,,,,,,,,,,,,,,,,,,,,,,,0.04,,,0.31,,,,,,,,,,,,,,,,,,,,,,,,,,,,,,,,,,,,,,,,,,,,,,,,2002-07-17,,0.35,,pre-market,,,,,,,,,,,,,12.9032,,,,,,,,,,,,
2002-09-30,LEG,,,,,,,,,,,,,,,,,,,,,,,,,,,,,,,,,,,,,,0.02,,,0.27,,,,,,,,,,,,,,,,,,,,,,,,,,,,,,,,,,,,,,,,,,,,,,,,2002-10-16,,0.29,,pre-market,,,,,,,,,,,,,7.4074,,,,,,,,,,,,
2002-12-31,LEG,,,,,,,,,,,,,,,,,,,,,,,,,,,,,,,,,,,,,,0.01,,,0.24,,,,,,,,,,,,,,,,,,,,,,,,,,,,,,,,,,,,,,,,,,,,,,,,2003-01-29,,0.25,,pre-market,,,,,,,,,,,,,4.1667,,,,,,,,,,,,
2003-03-31,LEG,,,,,,,,,,,,,,,,,,,,,,,,,,,,,,,,,,,,,,0.0,,,0.25,,,,,,,,,,,,,,,,,,,,,,,,,,,,,,,,,,,,,,,,,,,,,,,,2003-04-16,,0.25,,pre-market,,,,,,,,,,,,,0.0,,,,,,,,,,,,
2003-06-30,LEG,,,,,,,,,,,,,,,,,,,,,,,,,,,,,,,,,,,,,,0.0,,,0.24,,,,,,,,,,,,,,,,,,,,,,,,,,,,,,,,,,,,,,,,,,,,,,,,2003-07-16,,0.24,,pre-market,,,,,,,,,,,,,0.0,,,,,,,,,,,,
2003-09-30,LEG,,,,,,,,,,,,,,,,,,,,,,,,,,,,,,,,,,,,,,-0.02,,,0.28,,,,,,,,,,,,,,,,,,,,,,,,,,,,,,,,,,,,,,,,,,,,,,,,2003-10-15,,0.26,,pre-market,,,,,,,,,,,,,-7.1429,,,,,,,,,,,,
2003-12-31,LEG,,,,,,,,,,,,,,,,,,,,,,,,,,,,,,,,,,,,,,0.07,,,0.23,,,,,,,,,,,,,,,,,,,,,,,,,,,,,,,,,,,,,,,,,,,,,,,,2004-01-28,,0.3,,pre-market,,,,,,,,,,,,,30.4348,,,,,,,,,,,,
2004-03-31,LEG,,,,,,,,,,,,,,,,,,,,,,,,,,,,,,,,,,,,,,0.03,,,0.29,,,,,,,,,,,,,,,,,,,,,,,,,,,,,,,,,,,,,,,,,,,,,,,,2004-04-21,,0.32,,pre-market,,,,,,,,,,,,,10.3448,,,,,,,,,,,,
2004-06-30,LEG,,,,,,,,,,,,,,,,,,,,,,,,,,,,,,,,,,,,,,0.01,,,0.38,,,,,,,,,,,,,,,,,,,,,,,,,,,,,,,,,,,,,,,,,,,,,,,,2004-07-21,,0.39,,pre-market,,,,,,,,,,,,,2.6316,,,,,,,,,,,,
2004-09-30,LEG,,,,,,,,,,,,,,,,,,,,,,,,,,,,,,,,,,,,,,0.0,,,0.41,,,,,,,,,,,,,,,,,,,,,,,,,,,,,,,,,,,,,,,,,,,,,,,,2004-10-21,,0.41,,pre-market,,,,,,,,,,,,,0.0,,,,,,,,,,,,
2004-12-31,LEG,,,,,,,,,,,,,,,,,,,,,,,,,,,,,,,,,,,,,,0.01,,,0.32,,,,,,,,,,,,,,,,,,,,,,,,,,,,,,,,,,,,,,,,,,,,,,,,2005-01-31,,0.33,,pre-market,,,,,,,,,,,,,3.125,,,,,,,,,,,,
2005-03-31,LEG,,,,,,,,,,,,,,,,,,,,,,,,,,,,,,,,,,,,,,0.01,,,0.36,,,,,,,,,,,,,,,,,,,,,,,,,,,,,,,,,,,,,,,,,,,,,,,,2005-04-21,,0.37,,pre-market,,,,,,,,,,,,,2.7778,,,,,,,,,,,,
2005-06-30,LEG,,,,,,,,,,,,,,,,,,,,,,,,,,,,,,,,,,,,,,-0.02,,,0.43,,,,,,,,,,,,,,,,,,,,,,,,,,,,,,,,,,,,,,,,,,,,,,,,2005-07-21,,0.41,,pre-market,,,,,,,,,,,,,-4.6512,,,,,,,,,,,,
2005-09-30,LEG,,,,,,,,,,,,,,,,,,,,,,,,,,,,,,,,,,,,,,0.01,,,0.32,,,,,,,,,,,,,,,,,,,,,,,,,,,,,,,,,,,,,,,,,,,,,,,,2005-10-19,,0.33,,pre-market,,,,,,,,,,,,,3.125,,,,,,,,,,,,
2005-12-31,LEG,,,,,,,,,,,,,,,,,,,,,,,,,,,,,,,,,,,,,,0.09,,,0.26,,,,,,,,,,,,,,,,,,,,,,,,,,,,,,,,,,,,,,,,,,,,,,,,2006-01-26,,0.35,,pre-market,,,,,,,,,,,,,34.6154,,,,,,,,,,,,
2006-03-31,LEG,,,,,,,,,,,,,,,,,,,,,,,,,,,,,,,,,,,,,,0.02,,,0.35,,,,,,,,,,,,,,,,,,,,,,,,,,,,,,,,,,,,,,,,,,,,,,,,2006-04-20,,0.37,,pre-market,,,,,,,,,,,,,5.7143,,,,,,,,,,,,
2006-06-30,LEG,,,,,,,,,,,,,,,,,,,,,,,,,,,,,,,,,,,,,,-0.03,,,0.45,,,,,,,,,,,,,,,,,,,,,,,,,,,,,,,,,,,,,,,,,,,,,,,,2006-07-20,,0.42,,pre-market,,,,,,,,,,,,,-6.6667,,,,,,,,,,,,
2006-09-30,LEG,,,,,,,,,,,,,,,,,,,,,,,,,,,,,,,,,,,,,,0.01,,,0.44,,,,,,,,,,,,,,,,,,,,,,,,,,,,,,,,,,,,,,,,,,,,,,,,2006-10-19,,0.45,,pre-market,,,,,,,,,,,,,2.2727,,,,,,,,,,,,
2006-12-31,LEG,,,,,,,,,,,,,,,,,,,,,,,,,,,,,,,,,,,,,,-0.03,,,0.36,,,,,,,,,,,,,,,,,,,,,,,,,,,,,,,,,,,,,,,,,,,,,,,,2007-01-25,,0.33,,pre-market,,,,,,,,,,,,,-8.3333,,,,,,,,,,,,
2007-03-31,LEG,,,,,,,,,,,,,,,,,,,,,,,,,,,,,,,,,,,,,,0.0,,,0.34,,,,,,,,,,,,,,,,,,,,,,,,,,,,,,,,,,,,,,,,,,,,,,,,2007-04-19,,0.34,,pre-market,,,,,,,,,,,,,0.0,,,,,,,,,,,,
2007-06-30,LEG,,,,,,,,,,,,,,,,,,,,,,,,,,,,,,,,,,,,,,0.0,,,0.31,,,,,,,,,,,,,,,,,,,,,,,,,,,,,,,,,,,,,,,,,,,,,,,,2007-07-19,,0.31,,pre-market,,,,,,,,,,,,,0.0,,,,,,,,,,,,
2007-09-30,LEG,,,,,,,,,,,,,,,,,,,,,,,,,,,,,,,,,,,,,,0.02,,,0.35,,,,,,,,,,,,,,,,,,,,,,,,,,,,,,,,,,,,,,,,,,,,,,,,2007-10-17,,0.37,,pre-market,,,,,,,,,,,,,5.7143,,,,,,,,,,,,
2007-12-31,LEG,,,,,,,,,,,,,,,,,,,,,,,,,,,,,,,,,,,,,,0.02,,,0.21,,,,,,,,,,,,,,,,,,,,,,,,,,,,,,,,,,,,,,,,,,,,,,,,2008-01-24,,0.23,,pre-market,,,,,,,,,,,,,9.5238,,,,,,,,,,,,
2008-03-31,LEG,,,,,,,,,,,,,,,,,,,,,,,,,,,,,,,,,,,,,,-0.01,,,0.24,,,,,,,,,,,,,,,,,,,,,,,,,,,,,,,,,,,,,,,,,,,,,,,,2008-04-16,,0.23,,pre-market,,,,,,,,,,,,,-4.1667,,,,,,,,,,,,
2008-06-30,LEG,,,,,,,,,,,,,,,,,,,,,,,,,,,,,,,,,,,,,,-0.02,,,0.27,,,,,,,,,,,,,,,,,,,,,,,,,,,,,,,,,,,,,,,,,,,,,,,,2008-07-17,,0.25,,pre-market,,,,,,,,,,,,,-7.4074,,,,,,,,,,,,
2008-09-30,LEG,,,,,,,,,,,,,,,,,,,,,,,,,,,,,,,,,,,,,,-0.01,,,0.35,,,,,,,,,,,,,,,,,,,,,,,,,,,,,,,,,,,,,,,,,,,,,,,,2008-10-16,,0.34,,pre-market,,,,,,,,,,,,,-2.8571,,,,,,,,,,,,
2008-12-31,LEG,,,,,,,,,,,,,,,,,,,,,,,,,,,,,,,,,,,,,,-0.05,,,0.08,,,,,,,,,,,,,,,,,,,,,,,,,,,,,,,,,,,,,,,,,,,,,,,,2009-02-03,,0.03,,pre-market,,,,,,,,,,,,,-62.5,,,,,,,,,,,,
2009-03-31,LEG,,,,,,,,,,,,,,,,,,,,,,,,,,,,,,,,,,,,,,-0.01,,,0.07,,,,,,,,,,,,,,,,,,,,,,,,,,,,,,,,,,,,,,,,,,,,,,,,2009-04-22,,0.06,,pre-market,,,,,,,,,,,,,-14.2857,,,,,,,,,,,,
2009-06-30,LEG,,,,,,,,,,,,,,,,,,,,,,,,,,,,,,,,,,,,,,-0.02,,,0.14,,,,,,,,,,,,,,,,,,,,,,,,,,,,,,,,,,,,,,,,,,,,,,,,2009-07-23,,0.12,,pre-market,,,,,,,,,,,,,-14.2857,,,,,,,,,,,,
2009-09-30,LEG,,,,,,,,,,,,,,,,,,,,,,,,,,,,,,,,,,,,,,0.06,,,0.28,,,,,,,,,,,,,,,,,,,,,,,,,,,,,,,,,,,,,,,,,,,,,,,,2009-10-22,,0.34,,pre-market,,,,,,,,,,,,,21.4286,,,,,,,,,,,,
2009-12-31,LEG,,,,,,,,,,,,,,,,,,,,,,,,,,,,,,,,,,,,,,0.02,,,0.24,,,,,,,,,,,,,,,,,,,,,,,,,,,,,,,,,,,,,,,,,,,,,,,,2010-01-28,,0.26,,pre-market,,,,,,,,,,,,,8.3333,,,,,,,,,,,,
2010-03-31,LEG,,,,,,,,,,,,,,,,,,,,,,,,,,,,,,,,,,,,,,0.1,,,0.19,,,,,,,,,,,,,,,,,,,,,,,,,,,,,,,,,,,,,,,,,,,,,,,,2010-04-21,,0.29,,pre-market,,,,,,,,,,,,,52.6316,,,,,,,,,,,,
2010-06-30,LEG,,,,,,,,,,,,,,,,,,,,,,,,,,,,,,,,,,,,,,0.04,,,0.3,,,,,,,,,,,,,,,,,,,,,,,,,,,,,,,,,,,,,,,,,,,,,,,,2010-07-22,,0.34,,pre-market,,,,,,,,,,,,,13.3333,,,,,,,,,,,,
2010-09-30,LEG,,,,,,,,,,,,,,,,,,,,,,,,,,,,,,,,,,,,,,-0.06,,,0.37,,,,,,,,,,,,,,,,,,,,,,,,,,,,,,,,,,,,,,,,,,,,,,,,2010-10-21,,0.31,,pre-market,,,,,,,,,,,,,-16.2162,,,,,,,,,,,,
2010-12-31,LEG,,,,,,,,,,,,,,,,,,,,,,,,,,,,,,,,,,,,,,-0.02,,,0.23,,,,,,,,,,,,,,,,,,,,,,,,,,,,,,,,,,,,,,,,,,,,,,,,2011-02-01,,0.21,,pre-market,,,,,,,,,,,,,-8.6957,,,,,,,,,,,,
2011-03-31,LEG,,,,,,,,,,,,,,,,,,,,,,,,,,,,,,,,,,,,,,0.1,,,0.2,,,,,,,,,,,,,,,,,,,,,,,,,,,,,,,,,,,,,,,,,,,,,,,,2011-04-28,,0.3,,pre-market,,,,,,,,,,,,,50.0,,,,,,,,,,,,
2011-06-30,LEG,,,,,,,,,,,,,,,,,,,,,,,,,,,,,,,,,,,,,,-0.02,,,0.37,,,,,,,,,,,,,,,,,,,,,,,,,,,,,,,,,,,,,,,,,,,,,,,,2011-07-28,,0.35,,pre-market,,,,,,,,,,,,,-5.4054,,,,,,,,,,,,
2011-09-30,LEG,,,,,,,,,,,,,,,,,,,,,,,,,,,,,,,,,,,,,,-0.05,,,0.36,,,,,,,,,,,,,,,,,,,,,,,,,,,,,,,,,,,,,,,,,,,,,,,,2011-10-27,,0.31,,pre-market,,,,,,,,,,,,,-13.8889,,,,,,,,,,,,
2011-12-31,LEG,,,,,,,,,,,,,,,,,,,,,,,,,,,,,,,,,,,,,,0.01,,,0.21,,,,,,,,,,,,,,,,,,,,,,,,,,,,,,,,,,,,,,,,,,,,,,,,2012-02-06,,0.22,,pre-market,,,,,,,,,,,,,4.7619,,,,,,,,,,,,
2012-03-31,LEG,,,,,,,,,,,,,,,,,,,,,,,,,,,,,,,,,,,,,,-0.02,,,0.32,,,,,,,,,,,,,,,,,,,,,,,,,,,,,,,,,,,,,,,,,,,,,,,,2012-04-26,,0.3,,pre-market,,,,,,,,,,,,,-6.25,,,,,,,,,,,,
2012-06-30,LEG,,,,,,,,,,,,,,,,,,,,,,,,,,,,,,,,,,,,,,0.03,,,0.36,,,,,,,,,,,,,,,,,,,,,,,,,,,,,,,,,,,,,,,,,,,,,,,,2012-07-26,,0.39,,pre-market,,,,,,,,,,,,,8.3333,,,,,,,,,,,,
2012-09-30,LEG,,,,,,,,,,,,,,,,,,,,,,,,,,,,,,,,,,,,,,0.07,,,0.38,,,,,,,,,,,,,,,,,,,,,,,,,,,,,,,,,,,,,,,,,,,,,,,,2012-10-29,,0.45,,pre-market,,,,,,,,,,,,,18.4211,,,,,,,,,,,,
2012-12-31,LEG,,,,,,,,,,,,,,,,,,,,,,,,,,,,,,,,,,,,,,0.21,,,0.29,,,,,,,,,,,,,,,,,,,,,,,,,,,,,,,,,,,,,,,,,,,,,,,,2013-02-04,,0.5,,pre-market,,,,,,,,,,,,,72.4138,,,,,,,,,,,,
2013-03-31,LEG,,,,,,,,,,,,,,,,,,,,,,,,,,,,,,,,,,,,,,-0.05,,,0.38,,,,,,,,,,,,,,,,,,,,,,,,,,,,,,,,,,,,,,,,,,,,,,,,2013-04-25,,0.33,,pre-market,,,,,,,,,,,,,-13.1579,,,,,,,,,,,,
2013-06-30,LEG,,,,,,,,,,,,,,,,,,,,,,,,,,,,,,,,,,,,,,0.0,,,0.44,,,,,,,,,,,,,,,,,,,,,,,,,,,,,,,,,,,,,,,,,,,,,,,,2013-07-25,,0.44,,pre-market,,,,,,,,,,,,,0.0,,,,,,,,,,,,
2013-09-30,LEG,,,,,,,,,,,,,,,,,,,,,,,,,,,,,,,,,,,,,,-0.01,,,0.44,,,,,,,,,,,,,,,,,,,,,,,,,,,,,,,,,,,,,,,,,,,,,,,,2013-10-23,,0.43,,pre-market,,,,,,,,,,,,,-2.2727,,,,,,,,,,,,
2013-12-31,LEG,,,,,,,,,,,,,,,,,,,,,,,,,,,,,,,,,,,,,,0.01,,,0.34,,,,,,,,,,,,,,,,,,,,,,,,,,,,,,,,,,,,,,,,,,,,,,,,2014-01-23,,0.35,,pre-market,,,,,,,,,,,,,2.9412,,,,,,,,,,,,
2014-03-31,LEG,,,,,,,,,,,,,,,,,,,,,,,,,,,,,,,,,,,,,,-0.01,,,0.38,,,,,,,,,,,,,,,,,,,,,,,,,,,,,,,,,,,,,,,,,,,,,,,,2014-04-24,,0.37,,pre-market,,,,,,,,,,,,,-2.6316,,,,,,,,,,,,
2014-06-30,LEG,,,,,,,,,,,,,,,,,,,,,,,,,,,,,,,,,,,,,,0.01,,,0.47,,,,,,,,,,,,,,,,,,,,,,,,,,,,,,,,,,,,,,,,,,,,,,,,2014-07-24,,0.48,,pre-market,,,,,,,,,,,,,2.1277,,,,,,,,,,,,
2014-09-30,LEG,,,,,,,,,,,,,,,,,,,,,,,,,,,,,,,,,,,,,,0.02,,,0.49,,,,,,,,,,,,,,,,,,,,,,,,,,,,,,,,,,,,,,,,,,,,,,,,2014-10-22,,0.51,,post-market,,,,,,,,,,,,,4.0816,,,,,,,,,,,,
2014-12-31,LEG,,,,,,,,,,,,,,,,,,,,,,,,,,,,,,,,,,,,,,-0.04,,,0.45,,,,,,,,,,,,,,,,,,,,,,,,,,,,,,,,,,,,,,,,,,,,,,,,2015-01-29,,0.41,,post-market,,,,,,,,,,,,,-8.8889,,,,,,,,,,,,
2015-03-31,LEG,,,,,,,,,,,,,,,,,,,,,,,,,,,,,,,,,,,,,,0.04,,,0.46,,,,,,,,,,,,,,,,,,,,,,,,,,,,,,,,,,,,,,,,,,,,,,,,2015-04-30,,0.5,,post-market,,,,,,,,,,,,,8.6957,,,,,,,,,,,,
2015-06-30,LEG,,,,,,,,,,,,,,,,,,,,,,,,,,,,,,,,,,,,,,-0.01,,,0.54,,,,,,,,,,,,,,,,,,,,,,,,,,,,,,,,,,,,,,,,,,,,,,,,2015-07-30,,0.53,,post-market,,,,,,,,,,,,,-1.8519,,,,,,,,,,,,
2015-09-30,LEG,,,,,,,,,,,,,,,,,,,,,,,,,,,,,,,,,,,,,,0.11,,,0.56,,,,,,,,,,,,,,,,,,,,,,,,,,,,,,,,,,,,,,,,,,,,,,,,2015-10-29,,0.67,,post-market,,,,,,,,,,,,,19.6429,,,,,,,,,,,,
2015-12-31,LEG,,,,,,,,,,,,,,,,,,,,,,,,,,,,,,,,,,,,,,0.13,,,0.51,,,,,,,,,,,,,,,,,,,,,,,,,,,,,,,,,,,,,,,,,,,,,,,,2016-02-01,,0.64,,post-market,,,,,,,,,,,,,25.4902,,,,,,,,,,,,
2016-03-31,LEG,,,,,,,,,,,,,,,,,,,,,,,,,,,,,,,,,,,,,,0.08,,,0.55,,,,,,,,,,,,,,,,,,,,,,,,,,,,,,,,,,,,,,,,,,,,,,,,2016-04-28,,0.63,,post-market,,,,,,,,,,,,,14.5455,,,,,,,,,,,,
2016-06-30,LEG,,,,,,,,,,,,,,,,,,,,,,,,,,,,,,,,,,,,,,0.04,,,0.62,,,,,,,,,,,,,,,,,,,,,,,,,,,,,,,,,,,,,,,,,,,,,,,,2016-07-28,,0.66,,post-market,,,,,,,,,,,,,6.4516,,,,,,,,,,,,
2016-09-30,LEG,,,,,,,,,,,,,,,,,,,,,,,,,,,,,,,,,,,,,,0.03,,,0.64,,,,,,,,,,,,,,,,,,,,,,,,,,,,,,,,,,,,,,,,,,,,,,,,2016-10-27,,0.67,,post-market,,,,,,,,,,,,,4.6875,,,,,,,,,,,,
2016-12-31,LEG,,,,,,,,,,,,,,,,,,,,,,,,,,,,,,,,,,,,,,-0.05,,,0.58,,,,,,,,,,,,,,,,,,,,,,,,,,,,,,,,,,,,,,,,,,,,,,,,2017-01-30,,0.53,,post-market,,,,,,,,,,,,,-8.6207,,,,,,,,,,,,
2017-03-31,LEG,,,,,,,,,,,,,,,,,,,,,,,,,,,,,,,,,,,,,,0.03,,,0.59,,,,,,,,,,,,,,,,,,,,,,,,,,,,,,,,,,,,,,,,,,,,,,,,2017-04-27,,0.62,,post-market,,,,,,,,,,,,,5.0847,,,,,,,,,,,,
2017-06-30,LEG,,,,,,,,,,,,,,,,,,,,,,,,,,,,,,,,,,,,,,-0.01,,,0.65,,,,,,,,,,,,,,,,,,,,,,,,,,,,,,,,,,,,,,,,,,,,,,,,2017-07-27,,0.64,,post-market,,,,,,,,,,,,,-1.5385,,,,,,,,,,,,
2017-09-30,LEG,,,,,,,,,,,,,,,,,,,,,,,,,,,,,,,,,,,,,,0.01,,,0.6,,,,,,,,,,,,,,,,,,,,,,,,,,,,,,,,,,,,,,,,,,,,,,,,2017-10-26,,0.61,,post-market,,,,,,,,,,,,,1.6667,,,,,,,,,,,,
2017-12-31,LEG,,,,,,,,,,,,,,,,,,,,,,,,,,,,,,,,,,,,,,-0.03,,,0.62,,,,,,,,,,,,,,,,,,,,,,,,,,,,,,,,,,,,,,,,,,,,,,,,2018-02-05,,0.59,,post-market,,,,,,,,,,,,,-4.8387,,,,,,,,,,,,
2018-03-31,LEG,,,,,,,,,,,,,,,,,,,,,,,,,,,,,,,,,,,,,,-0.02,,,0.59,,,,,,,,,,,,,,,,,,,,,,,,,,,,,,,,,,,,,,,,,,,,,,,,2018-04-26,,0.57,,post-market,,,,,,,,,,,,,-3.3898,,,,,,,,,,,,
2018-06-30,LEG,,,,,,,,,,,,,,,,,,,,,,,,,,,,,,,,,,,,,,0.01,,,0.62,,,,,,,,,,,,,,,,,,,,,,,,,,,,,,,,,,,,,,,,,,,,,,,,2018-07-26,,0.63,,post-market,,,,,,,,,,,,,1.6129,,,,,,,,,,,,
2018-09-30,LEG,,,,,,,,,,,,,,,,,,,,,,,,,,,,,,,,,,,,,,-0.04,,,0.71,,,,,,,,,,,,,,,,,,,,,,,,,,,,,,,,,,,,,,,,,,,,,,,,2018-10-25,,0.67,,post-market,,,,,,,,,,,,,-5.6338,,,,,,,,,,,,
2018-12-31,LEG,,,,,,,,,,,,,,,,,,,,,,,,,,,,,,,,,,,,,,0.09,,,0.53,,,,,,,,,,,,,,,,,,,,,,,,,,,,,,,,,,,,,,,,,,,,,,,,2019-02-04,,0.62,,post-market,,,,,,,,,,,,,16.9811,,,,,,,,,,,,
2019-03-31,LEG,,,,,,,,,,,,,,,,,,,,,,,,,,,,,,,,,,,,,,-0.03,,,0.52,,,,,,,,,,,,,,,,,,,,,,,,,,,,,,,,,,,,,,,,,,,,,,,,2019-04-29,,0.49,,post-market,,,,,,,,,,,,,-5.7692,,,,,,,,,,,,
2019-06-30,LEG,,,,,,,,,,,,,,,,,,,,,,,,,,,,,,,,,,,,,,0.0,,,0.64,,,,,,,,,,,,,,,,,,,,,,,,,,,,,,,,,,,,,,,,,,,,,,,,2019-07-29,,0.64,,post-market,,,,,,,,,,,,,0.0,,,,,,,,,,,,
2019-09-30,LEG,,,,,,,,,,,,,,,,,,,,,,,,,,,,,,,,,,,,,,0.09,,,0.67,,,,,,,,,,,,,,,,,,,,,,,,,,,,,,,,,,,,,,,,,,,,,,,,2019-10-28,,0.76,,post-market,,,,,,,,,,,,,13.4328,,,,,,,,,,,,
2019-12-31,LEG,,,,,,,,,,,,,,,,,,,,,,,,,,,,,,,,,,,,,,0.01,,,0.67,,,,,,,,,,,,,,,,,,,,,,,,,,,,,,,,,,,,,,,,,,,,,,,,2020-02-03,,0.68,,post-market,,,,,,,,,,,,,1.4925,,,,,,,,,,,,
2020-03-31,LEG,,,,,,,,,,,,,,,,,,,,,,,,,,,,,,,,,,,,,,0.08,,,0.33,,,,,,,,,,,,,,,,,,,,,,,,,,,,,,,,,,,,,,,,,,,,,,,,2020-05-04,,0.41,,post-market,,,,,,,,,,,,,24.2424,,,,,,,,,,,,
2020-06-30,LEG,,,,,,,,,,,,,,,,,,,,,,,,,,,,,,,,,,,,,,0.09,,,0.07,,,,,,,,,,,,,,,,,,,,,,,,,,,,,,,,,,,,,,,,,,,,,,,,2020-08-03,,0.16,,post-market,,,,,,,,,,,,,128.5714,,,,,,,,,,,,
2020-09-30,LEG,,,,,,,,,,,,,,,,,,,,,,,,,,,,,,,,,,,,,,0.09,,,0.71,,,,,,,,,,,,,,,,,,,,,,,,,,,,,,,,,,,,,,,,,,,,,,,,2020-11-02,,0.8,,post-market,,,,,,,,,,,,,12.6761,,,,,,,,,,,,
2020-12-31,LEG,,,,,,,,,,,,,,,,,,,,,,,,,,,,,,,,,,,,,,0.06,,,0.7,,,,,,,,,,,,,,,,,,,,,,,,,,,,,,,,,,,,,,,,,,,,,,,,2021-02-08,,0.76,,post-market,,,,,,,,,,,,,8.5714,,,,,,,,,,,,
2021-03-31,LEG,,,,,,,,,,,,,,,,,,,,,,,,,,,,,,,,,,,,,,0.21,,,0.43,,,,,,,,,,,,,,,,,,,,,,,,,,,,,,,,,,,,,,,,,,,,,,,,2021-05-03,,0.64,,post-market,,,,,,,,,,,,,48.8372,,,,,,,,,,,,
2021-06-30,LEG,,,,,,,,,,,,,,,,,,,,,,,,,,,,,,,,,,,,,,0.12,,,0.54,,,,,,,,,,,,,,,,,,,,,,,,,,,,,,,,,,,,,,,,,,,,,,,,2021-08-02,,0.66,,post-market,,,,,,,,,,,,,22.2222,,,,,,,,,,,,
2021-09-30,LEG,,,,,,,,,,,,,,,,,,,,,,,,,,,,,,,,,,,,,,-0.06,,,0.77,,,,,,,,,,,,,,,,,,,,,,,,,,,,,,,,,,,,,,,,,,,,,,,,2021-11-01,,0.71,,post-market,,,,,,,,,,,,,-7.7922,,,,,,,,,,,,
2021-12-31,LEG,,,,,,,,,,,,,,,,,,,,,,,,,,,,,,,,,,,,,,0.04,,,0.73,,,,,,,,,,,,,,,,,,,,,,,,,,,,,,,,,,,,,,,,,,,,,,,,2022-02-07,,0.77,,post-market,,,,,,,,,,,,,5.4795,,,,,,,,,,,,
2022-03-31,LEG,,,,,,,,,,,,,,,,,,,,,,,,,,,,,,,,,,,,,,0.1,,,0.56,,,,,,,,,,,,,,,,,,,,,,,,,,,,,,,,,,,,,,,,,,,,,,,,2022-05-02,,0.66,,post-market,,,,,,,,,,,,,17.8571,,,,,,,,,,,,
2022-06-30,LEG,,,,,,,,,,,,,,,,,,,,,,,,,,,,,,,,,,,,,,0.0,,,0.7,,,,,,,,,,,,,,,,,,,,,,,,,,,,,,,,,,,,,,,,,,,,,,,,2022-08-01,,0.7,,post-market,,,,,,,,,,,,,0.0,,,,,,,,,,,,
2022-09-30,LEG,,,,,,,,,,,,,,,,,,,,,,,,,,,,,,,,,,,,,,0.02,,,0.5,,,,,,,,,,,,,,,,,,,,,,,,,,,,,,,,,,,,,,,,,,,,,,,,2022-10-31,,0.52,,post-market,,,,,,,,,,,,,4.0,,,,,,,,,,,,
2022-12-31,LEG,,,,,,,,,,,,,,,,,,,,,,,,,,,,,,,,,,,,,,-0.09,,,0.48,,,,,,,,,,,,,,,,,,,,,,,,,,,,,,,,,,,,,,,,,,,,,,,,2023-02-06,,0.39,,post-market,,,,,,,,,,,,,-18.75,,,,,,,,,,,,
2023-03-31,LEG,,,,,,,,,,,,,,,,,,,,,,,,,,,,,,,,,,,,,,0.13,,,0.26,,,,,,,,,,,,,,,,,,,,,,,,,,,,,,,,,,,,,,,,,,,,,,,,2023-05-01,,0.39,,post-market,,,,,,,,,,,,,50.0,,,,,,,,,,,,
2023-06-30,LEG,,,,,,,,,,,,,,,,,,,,,,,,,,,,,,,,,,,,,,-0.01,,,0.39,,,,,,,,,,,,,,,,,,,,,,,,,,,,,,,,,,,,,,,,,,,,,,,,2023-07-31,,0.38,,post-market,,,,,,,,,,,,,-2.5641,,,,,,,,,,,,
2023-09-30,LEG,,,,,,,,,,,,,,,,,,,,,,,,,,,,,,,,,,,,,,-0.04,,,0.4,,,,,,,,,,,,,,,,,,,,,,,,,,,,,,,,,,,,,,,,,,,,,,,,2023-10-30,,0.36,,post-market,,,,,,,,,,,,,-10.0,,,,,,,,,,,,
2023-12-31,LEG,,,,,,,,,,,,,,,,,,,,,,,,,,,,,,,,,,,,,,-0.01,,,0.27,,,,,,,,,,,,,,,,,,,,,,,,,,,,,,,,,,,,,,,,,,,,,,,,2024-02-08,,0.26,,post-market,,,,,,,,,,,,,-3.7037,,,,,,,,,,,,
2024-03-31,LEG,,,,,,,,,,,,,,,,,,,,,,,,,,,,,,,,,,,,,,-0.01,,,0.24,,,,,,,,,,,,,,,,,,,,,,,,,,,,,,,,,,,,,,,,,,,,,,,,2024-04-30,,0.23,,post-market,,,,,,,,,,,,,-4.1667,,,,,,,,,,,,
2024-06-30,LEG,,,,,,,,,,,,,,,,,,,,,,,,,,,,,,,,,,,,,,-0.01,,,0.3,,,,,,,,,,,,,,,,,,,,,,,,,,,,,,,,,,,,,,,,,,,,,,,,2024-08-01,,0.29,,post-market,,,,,,,,,,,,,-3.3333,,,,,,,,,,,,
2024-09-30,LEG,,,,,,,,,,,,,,,,,,,,,,,,,,,,,,,,,,,,,,-0.01,,,0.33,,,,,,,,,,,,,,,,,,,,,,,,,,,,,,,,,,,,,,,,,,,,,,,,2024-10-28,,0.32,,post-market,,,,,,,,,,,,,-3.0303,,,,,,,,,,,,
2024-12-31,LEG,,,,,,,,,,,,,,,,,,,,,,,,,,,,,,,,,,,,,,0.01,,,0.2,,,,,,,,,,,,,,,,,,,,,,,,,,,,,,,,,,,,,,,,,,,,,,,,2025-02-13,,0.21,,post-market,,,,,,,,,,,,,5.0,,,,,,,,,,,,
2025-03-31,LEG,,,,,,,,,,,,,,,,,,,,,,,,,,,,,,,,,,,,,,0.0225,,,0.2175,,,,,,,,,,,,,,,,,,,,,,,,,,,,,,,,,,,,,,,,,,,,,,,,2025-04-28,,0.24,,pre-market,,,,,,,,,,,,,10.3448,,,,,,,,,,,,
2025-06-30,LEG,,,,,,,,,,,,,,,,,,,,,,,,,,,,,,,,,,,,,,-0.0025,,,0.3025,,,,,,,,,,,,,,,,,,,,,,,,,,,,,,,,,,,,,,,,,,,,,,,,2025-07-30,,0.3,,pre-market,,,,,,,,,,,,,-0.8264,,,,,,,,,,,,
2025-09-30,LEG,,,,,,,,,,,,,,,,,,,,,,,,,,,,,,,,,,,,,,-0.01,,,0.3,,,,,,,,,,,,,,,,,,,,,,,,,,,,,,,,,,,,,,,,,,,,,,,,2025-10-27,,0.29,,pre-market,,,,,,,,,,,,,-3.3333,,,,,,,,,,,,
2025-12-28,LEG,1.61,4172900000.0,6.86,,0.765,7.17,,,,,,,,,,,,,,,,,,,,,,,,,,0.2,0.0183,,,,1.785,-0.01,,,0.3,,,749700000.0,,,,,,,,,,,,,,,,,,,0.068,,,,,,,,,,,,,-4.11,1.525,0.359,,,,,,,,0.0538,,,2025-10-27,,0.29,,pre-market,,,0.0408,0.262,-0.059,30.2,,,,,9.22,9.96,-3.3333,,,,,,,,,6.86,,11.98,6.39
2025-12-28,LEG,1.61,4172900000.0,6.86,,0.765,7.17,,,,,,,,,,,,,,,None,842700000,842700000,,,,,,None,29400000,,0.2,0.0183,,,,1.785,-0.01,171100000,200500000,0.3,2025-09-30,,749700000.0,193700000,154400000,27200000,,,None,18500000,1800000,,None,,,,,127100000,127200000,-16700000,None,0.068,,128300000,65400000,,,,,None,,,,,-4.11,1.525,0.359,,,,,,,,0.0538,,,2025-10-27,quarterly,0.29,USD,pre-market,None,,0.0408,0.262,-0.059,30.2,124500000,,,,9.22,9.96,-3.3333,,,,,,,1036400000,,6.86,,11.98,6.39
2025-12-28,LEG,1.61,4172900000.0,6.86,,0.765,7.17,,,,,,,,,,,,,,,None,869000000,869000000,,,,,,None,29700000,,0.2,0.0183,,,,1.785,-0.01,90400000,120100000,0.3,2025-06-30,,749700000.0,189000000,71700000,19200000,,,None,20500000,18700000,,None,,,,,52500000,52500000,-18700000,None,0.068,,118400000,70600000,,,,,None,,,,,-4.11,1.525,0.359,,,,,,,,0.0538,,,2025-10-27,quarterly,0.29,USD,pre-market,None,,0.0408,0.262,-0.059,30.2,118400000,,,,9.22,9.96,-3.3333,,,,,,,1058000000,,6.86,,11.98,6.39
2025-12-28,LEG,1.61,4172900000.0,6.86,,0.765,7.17,,,,,,,,,,,,,,,None,832100000,832100000,,,,,,None,31600000,,0.2,0.0183,,,,1.785,-0.01,63900000,95500000,0.3,2025-03-31,,749700000.0,190000000,45100000,14500000,,,None,17800000,1000000,,None,,,,,30600000,30600000,-17800000,None,0.068,,128600000,61400000,,,,,None,,,,,-4.11,1.525,0.359,,,,,,,,0.0538,,,2025-10-27,quarterly,0.29,USD,pre-market,None,,0.0408,0.262,-0.059,30.2,123600000,,,,9.22,9.96,-3.3333,,,,,,,1022100000,,6.86,,11.98,6.39
2025-12-28,LEG,1.61,4172900000.0,6.86,,0.765,7.17,,,,,,,,,,,,,,,None,880800000,880800000,,,,,,None,34100000,,0.2,0.0183,,,,1.785,-0.01,45900000,80000000,0.3,2024-12-31,,749700000.0,175600000,25000000,10800000,,,None,20900000,2200000,,None,,,,,14200000,14200000,-18700000,None,0.068,,129600000,46000000,,,,,None,,,,,-4.11,1.525,0.359,,,,,,,,0.0538,,,2025-10-27,quarterly,0.29,USD,pre-market,None,,0.0408,0.262,-0.059,30.2,124800000,,,,9.22,9.96,-3.3333,,,,,,,1056400000,,6.86,,11.98,6.39
2025-12-28,LEG,1.61,4172900000.0,6.86,,0.765,7.17,,,,,,,,,,,,,,,None,908300000,908300000,,,,,,None,35100000,,0.2,0.0183,,,,1.785,-0.01,79000000,114100000,0.3,2024-09-30,,749700000.0,193400000,57700000,12800000,,,None,20000000,1000000,,None,,,,,44900000,44900000,-20000000,None,0.068,,127000000,66400000,,,,,None,,,,,-4.11,1.525,0.359,,,,,,,,0.0538,,,2025-10-27,quarterly,0.29,USD,pre-market,None,,0.0408,0.262,-0.059,30.2,127000000,,,,9.22,9.96,-3.3333,,,,,,,1101700000,,6.86,,11.98,6.39
2025-12-28,LEG,1.61,4172900000.0,6.86,,0.765,7.17,,,,,,,,,,,,,,,None,944700000,944700000,,,,,,None,32700000,,0.2,0.0183,,,,1.785,-0.01,-611800000,-579100000,0.3,2024-06-30,,749700000.0,184500000,-634300000,-32200000,,,None,22400000,2400000,,None,,,,,-602200000,-602100000,-20000000,None,0.068,,126600000,57900000,,,,,None,,,,,-4.11,1.525,0.359,,,,,,,,0.0538,,,2025-10-27,quarterly,0.29,USD,pre-market,None,,0.0408,0.262,-0.059,30.2,131100000,,,,9.22,9.96,-3.3333,,,,,,,1129200000,,6.86,,11.98,6.39
2025-12-28,LEG,1.61,4172900000.0,6.86,,0.765,7.17,,,,,,,,,,,,,,,None,912600000,912600000,,,,,,None,32800000,,0.2,0.0183,,,,1.785,-0.01,64100000,96900000,0.3,2024-03-31,,749700000.0,184400000,42400000,10800000,,,None,21600000,1000000,,None,,,,,31600000,31600000,-20600000,None,0.068,,125400000,59000000,,,,,None,,,,,-4.11,1.525,0.359,,,,,,,,0.0538,,,2025-10-27,quarterly,0.29,USD,pre-market,None,,0.0408,0.262,-0.059,30.2,125900000,,,,9.22,9.96,-3.3333,,,,,,,1097000000,,6.86,,11.98,6.39
2025-12-28,LEG,1.61,4172900000.0,6.86,,0.765,7.17,,,,,,,,,,,,,,,None,932700000,932700000,,,,,,None,44800000,,0.2,0.0183,,,,1.785,-0.01,-365100000,-320300000,0.3,2023-12-31,,749700000.0,182400000,-386300000,-88900000,,,None,21200000,1700000,,None,,,,,-297500000,-297400000,-19500000,None,0.068,,121100000,61300000,,,,,None,,,,,-4.11,1.525,0.359,,,,,,,,0.0538,,,2025-10-27,quarterly,0.29,USD,pre-market,None,,0.0408,0.262,-0.059,30.2,121100000,,,,9.22,9.96,-3.3333,,,,,,,1115100000,,6.86,,11.98,6.39
2025-12-28,LEG,1.61,4172900000.0,6.86,,0.765,7.17,,,,,,,,,,,,,,,None,961100000,961100000,,,,,,None,44900000,,0.2,0.0183,,,,1.785,-0.01,92400000,137300000,0.3,2023-09-30,,749700000.0,214300000,70900000,18000000,,,None,22000000,20500000,,None,,,,,52800000,52900000,-20500000,None,0.068,,127000000,87300000,,,,,None,,,,,-4.11,1.525,0.359,,,,,,,,0.0538,,,2025-10-27,quarterly,0.29,USD,pre-market,None,,0.0408,0.262,-0.059,30.2,109100000,,,,9.22,9.96,-3.3333,,,,,,,1175400000,,6.86,,11.98,6.39
2025-12-28,LEG,1.61,4172900000.0,6.86,,0.765,7.17,,,,,,,,,,,,,,,None,1000100000,1000100000,,,,,,None,44700000,,0.2,0.0183,,,,1.785,-0.01,96800000,141500000,0.3,2023-06-30,,749700000.0,221100000,73700000,19500000,,,None,23100000,22000000,,None,,,,,54200000,54200000,-22000000,None,0.068,,136000000,85100000,,,,,1100000,,,,,-4.11,1.525,0.359,,,,,,,,0.0538,,,2025-10-27,quarterly,0.29,USD,pre-market,None,,0.0408,0.262,-0.059,30.2,119200000,,,,9.22,9.96,-3.3333,,,,,,,1221200000,,6.86,,11.98,6.39
2025-12-28,LEG,1.61,4172900000.0,6.86,,0.765,7.17,,,,,,,,,,,,,,,None,995000000,995000000,,,,,,None,45400000,,0.2,0.0183,,,,1.785,-0.01,90400000,135800000,0.3,2023-03-31,,749700000.0,218600000,68300000,14800000,,,None,22100000,21000000,,None,,,,,53500000,53500000,-21000000,None,0.068,,132900000,85700000,,,,,1400000,,,,,-4.11,1.525,0.359,,,,,,,,0.0538,,,2025-10-27,quarterly,0.29,USD,pre-market,None,,0.0408,0.262,-0.059,30.2,116000000,,,,9.22,9.96,-3.3333,,,,,,,1213600000,,6.86,,11.98,6.39
2025-12-28,LEG,1.61,4172900000.0,6.86,,0.765,7.17,,,,,,,,,,,,,,,None,985200000,985200000,,,,,,None,45500000,,0.2,0.0183,,,,1.785,-0.01,92200000,137700000,0.3,2022-12-31,,749700000.0,210600000,69000000,16200000,,,None,23200000,22200000,,None,,,,,52800000,52800000,-22200000,None,0.068,,126600000,84000000,,,,,2500000,,,,,-4.11,1.525,0.359,,,,,,,,0.0538,,,2025-10-27,quarterly,0.29,USD,pre-market,None,,0.0408,0.262,-0.059,30.2,109800000,,,,9.22,9.96,-3.3333,,,,,,,1195800000,,6.86,,11.98,6.39
2025-12-28,LEG,1.61,4172900000.0,6.86,,0.765,7.17,,,,,,,,,,,,,,,None,1063900000,1063900000,,,,,,None,44100000,,0.2,0.0183,,,,1.785,-0.01,114000000,158100000,0.3,2022-09-30,,749700000.0,230500000,93500000,22000000,,,None,20500000,19700000,,None,,,,,71400000,71500000,-19700000,None,0.068,,117000000,113500000,,,,,1100000,,,,,-4.11,1.525,0.359,,,,,,,,0.0538,,,2025-10-27,quarterly,0.29,USD,pre-market,None,,0.0408,0.262,-0.059,30.2,100400000,,,,9.22,9.96,-3.3333,,,,,,,1294400000,,6.86,,11.98,6.39
2025-12-28,LEG,1.61,4172900000.0,6.86,,0.765,7.17,,,,,,,,,,,,,,,None,1065800000,1065800000,,,,,,None,44500000,,0.2,0.0183,,,,1.785,-0.01,144100000,188600000,0.3,2022-06-30,,749700000.0,268400000,123000000,27800000,,,None,21100000,1100000,,None,,,,,95200000,95200000,-20000000,None,0.068,,121800000,146600000,,,,,1800000,,,,,-4.11,1.525,0.359,,,,,,,,0.0538,,,2025-10-27,quarterly,0.29,USD,pre-market,None,,0.0408,0.262,-0.059,30.2,105400000,,,,9.22,9.96,-3.3333,,,,,,,1334200000,,6.86,,11.98,6.39
2025-12-28,LEG,1.61,4172900000.0,6.86,,0.765,7.17,,,,,,,,,,,,,,,None,1055000000,1055000000,,,,,,None,45700000,,0.2,0.0183,,,,1.785,-0.01,138800000,184500000,0.3,2022-03-31,,749700000.0,267300000,118100000,27700000,,,None,20700000,1200000,,None,,,,,90400000,90400000,-19500000,None,0.068,,128700000,138600000,,,,,1200000,,,,,-4.11,1.525,0.359,,,,,,,,0.0538,,,2025-10-27,quarterly,0.29,USD,pre-market,None,,0.0408,0.262,-0.059,30.2,111700000,,,,9.22,9.96,-3.3333,,,,,,,1322300000,,6.86,,11.98,6.39
2025-12-28,LEG,1.61,4172900000.0,6.86,,0.765,7.17,,,,,,,,,,,,,,,None,1067500000,1067500000,,,,,,None,46500000,,0.2,0.0183,,,,1.785,-0.01,152500000,199000000,0.3,2021-12-31,,749700000.0,265400000,133800000,28200000,,,None,18700000,18400000,,None,,,,,105500000,105600000,-18400000,None,0.068,,115500000,149900000,,,,,200000,,,,,-4.11,1.525,0.359,,,,,,,,0.0538,,,2025-10-27,quarterly,0.29,USD,pre-market,None,,0.0408,0.262,-0.059,30.2,99600000,,,,9.22,9.96,-3.3333,,,,,,,1332900000,,6.86,,11.98,6.39
2025-12-28,LEG,1.61,4172900000.0,6.86,,0.765,7.17,,,,,,,,,,,,,,,None,1063100000,1063100000,,,,,,None,46600000,,0.2,0.0183,,,,1.785,-0.01,144800000,191400000,0.3,2021-09-30,,749700000.0,256100000,125800000,28600000,,,None,19000000,18400000,,None,,,,,97200000,97200000,-18400000,None,0.068,,121400000,134700000,,,,,1500000,,,,,-4.11,1.525,0.359,,,,,,,,0.0538,,,2025-10-27,quarterly,0.29,USD,pre-market,None,,0.0408,0.262,-0.059,30.2,103600000,,,,9.22,9.96,-3.3333,,,,,,,1319200000,,6.86,,11.98,6.39
2025-12-28,LEG,1.61,4172900000.0,6.86,,0.765,7.17,,,,,,,,,,,,,,,None,1000300000,1000300000,,,,,,None,48100000,,0.2,0.0183,,,,1.785,-0.01,172700000,220800000,0.3,2021-06-30,,749700000.0,269300000,153200000,40900000,,,None,19500000,18700000,,None,,,,,112200000,112300000,-18700000,None,0.068,,130600000,138700000,,,,,29400000,,,,,-4.11,1.525,0.359,,,,,,,,0.0538,,,2025-10-27,quarterly,0.29,USD,pre-market,None,,0.0408,0.262,-0.059,30.2,112600000,,,,9.22,9.96,-3.3333,,,,,,,1269600000,,6.86,,11.98,6.39
2025-12-28,LEG,1.61,4172900000.0,6.86,,0.765,7.17,,,,,,,,,,,,,,,None,903400000,903400000,,,,,,None,46100000,,0.2,0.0183,,,,1.785,-0.01,128600000,174700000,0.3,2021-03-31,,749700000.0,247500000,109300000,21800000,,,None,19300000,18400000,,None,,,,,87500000,87500000,-18400000,None,0.068,,122100000,125400000,,,,,900000,,,,,-4.11,1.525,0.359,,,,,,,,0.0538,,,2025-10-27,quarterly,0.29,USD,pre-market,None,,0.0408,0.262,-0.059,30.2,106300000,,,,9.22,9.96,-3.3333,,,,,,,1150900000,,6.86,,11.98,6.39
2025-12-28,LEG,1.61,4172900000.0,6.86,,0.765,7.17,,,,,,,,,,,,,,,None,923400000,923400000,,,,,,None,48400000,,0.2,0.0183,,,,1.785,-0.01,150400000,198800000,0.3,2020-12-31,,749700000.0,258600000,130900000,27700000,,,None,19500000,18800000,,None,,,,,103200000,103200000,-18800000,None,0.068,,120100000,138500000,,,,,-1400000,,,,,-4.11,1.525,0.359,,,,,,,,0.0538,,,2025-10-27,quarterly,0.29,USD,pre-market,None,,0.0408,0.262,-0.059,30.2,103800000,,,,9.22,9.96,-3.3333,,,,,,,1182000000,,6.86,,11.98,6.39
2025-12-28,LEG,1.61,4172900000.0,6.86,,0.765,7.17,,,,,,,,,,,,,,,None,937900000,937900000,,,,,,None,47000000,,0.2,0.0183,,,,1.785,-0.01,150700000,197700000,0.3,2020-09-30,,749700000.0,269700000,129800000,22700000,,,None,20900000,20400000,,None,,,,,107000000,104900000,-20400000,None,0.068,,121800000,147900000,,,,,2600000,,,,,-4.11,1.525,0.359,,,,,,,,0.0538,,,2025-10-27,quarterly,0.29,USD,pre-market,None,,0.0408,0.262,-0.059,30.2,105600000,,,,9.22,9.96,-3.3333,,,,,,,1207600000,,6.86,,11.98,6.39
2025-12-28,LEG,1.61,4172900000.0,6.86,,0.765,7.17,,,,,,,,,,,,,,,None,698500000,698500000,,,,,,None,46500000,,0.2,0.0183,,,,1.785,-0.01,23700000,70200000,0.3,2020-06-30,,749700000.0,146600000,2300000,8400000,,,None,21400000,1000000,,None,,,,,-6100000,-6100000,-20400000,None,0.068,,113500000,33100000,,,,,1000000,,,,,-4.11,1.525,0.359,,,,,,,,0.0538,,,2025-10-27,quarterly,0.29,USD,pre-market,None,,0.0408,0.262,-0.059,30.2,97200000,,,,9.22,9.96,-3.3333,,,,,,,845100000,,6.86,,11.98,6.39
2025-12-28,LEG,1.61,4172900000.0,6.86,,0.765,7.17,,,,,,,,,,,,,,,None,824800000,824800000,,,,,,None,47500000,,0.2,0.0183,,,,1.785,-0.01,79500000,127000000,0.3,2020-03-31,,749700000.0,220700000,58600000,14500000,,,None,20900000,900000,,None,,,,,44100000,45700000,-20000000,None,0.068,,134200000,86500000,,,,,900000,,,,,-4.11,1.525,0.359,,,,,,,,0.0538,,,2025-10-27,quarterly,0.29,USD,pre-market,None,,0.0408,0.262,-0.059,30.2,117800000,,,,9.22,9.96,-3.3333,,,,,,,1045500000,,6.86,,11.98,6.39
2025-12-28,LEG,1.61,4172900000.0,6.86,,0.765,7.17,,,,,,,,,,,,,,,None,872500000,872500000,,,,,,None,47200000,,0.2,0.0183,,,,1.785,-0.01,137000000,184200000,0.3,2019-12-31,,749700000.0,272400000,114800000,27900000,,,None,22200000,1900000,,None,,,,,86800000,86900000,-20300000,None,0.068,,133600000,138800000,,,,,3900000,,,,,-4.11,1.525,0.359,,,,,,,,0.0538,,,2025-10-27,quarterly,0.29,USD,pre-market,None,,0.0408,0.262,-0.059,30.2,117600000,,,,9.22,9.96,-3.3333,,,,,,,1144900000,,6.86,,11.98,6.39
2025-12-28,LEG,1.61,4172900000.0,6.86,,0.765,7.17,,,,,,,,,,,,,,,None,963800000,963800000,,,,,,None,48400000,,0.2,0.0183,,,,1.785,-0.01,145600000,194000000,0.3,2019-09-30,,749700000.0,275500000,123000000,23400000,,,None,22600000,1500000,,None,,,,,99600000,99600000,-21100000,None,0.068,,131500000,144000000,,,,,4500000,,,,,-4.11,1.525,0.359,,,,,,,,0.0538,,,2025-10-27,quarterly,0.29,USD,pre-market,None,,0.0408,0.262,-0.059,30.2,115200000,,,,9.22,9.96,-3.3333,,,,,,,1239300000,,6.86,,11.98,6.39
2025-12-28,LEG,1.61,4172900000.0,6.86,,0.765,7.17,,,,,,,,,,,,,,,None,943500000,943500000,,,,,,None,50000000,,0.2,0.0183,,,,1.785,-0.01,138600000,188600000,0.3,2019-06-30,,749700000.0,269700000,114100000,27800000,,,None,24500000,2600000,,None,,,,,86200000,86300000,-21900000,None,0.068,,135200000,134500000,,,,,2600000,,,,,-4.11,1.525,0.359,,,,,,,,0.0538,,,2025-10-27,quarterly,0.29,USD,pre-market,None,,0.0408,0.262,-0.059,30.2,118300000,,,,9.22,9.96,-3.3333,,,,,,,1213200000,,6.86,,11.98,6.39
2025-12-28,LEG,1.61,4172900000.0,6.86,,0.765,7.17,,,,,,,,,,,,,,,None,922100000,922100000,,,,,,None,46300000,,0.2,0.0183,,,,1.785,-0.01,99600000,145900000,0.3,2019-03-31,,749700000.0,233000000,78200000,17100000,,,None,21400000,20000000,,None,,,,,61200000,61100000,-20000000,None,0.068,,132700000,100300000,,,,,1400000,,,,,-4.11,1.525,0.359,,,,,,,,0.0538,,,2025-10-27,quarterly,0.29,USD,pre-market,None,,0.0408,0.262,-0.059,30.2,118600000,,,,9.22,9.96,-3.3333,,,,,,,1155100000,,6.86,,11.98,6.39
2025-12-28,LEG,1.61,4172900000.0,6.86,,0.765,7.17,,,,,,,,,,,,,,,None,833500000,833500000,,,,,,None,35100000,,0.2,0.0183,,,,1.785,-0.01,85600000,120700000,0.3,2018-12-31,,749700000.0,213200000,68200000,15100000,,,None,17400000,None,,None,,,,,53000000,53100000,None,None,0.068,,117100000,96100000,,,,,3300000,,,,,-4.11,1.525,0.359,,,,,,,,0.0538,,,2025-10-27,quarterly,0.29,USD,pre-market,0,,0.0408,0.262,-0.059,30.2,111900000,,,,9.22,9.96,-3.3333,,,,,,,1046700000,,6.86,,11.98,6.39
2025-12-28,LEG,1.61,4172900000.0,6.86,,0.765,7.17,,,,,,,,,,,,,,,None,864400000,864400000,,,,,,None,33800000,,0.2,0.0183,,,,1.785,-0.01,126400000,160200000,0.3,2018-09-30,,749700000.0,227100000,113300000,23300000,,,None,13100000,None,,None,,,,,90000000,90000000,None,None,0.068,,105900000,110100000,,,,,2000000,,,,,-4.11,1.525,0.359,,,,,,,,0.0538,,,2025-10-27,quarterly,0.29,USD,pre-market,0,,0.0408,0.262,-0.059,30.2,100700000,,,,9.22,9.96,-3.3333,,,,,,,1091500000,,6.86,,11.98,6.39
2025-12-28,LEG,1.61,4172900000.0,6.86,,0.765,7.17,,,,,,,,,,,,,,,None,871500000,871500000,,,,,,None,33800000,,0.2,0.0183,,,,1.785,-0.01,123500000,157300000,0.3,2018-06-30,,749700000.0,231000000,107500000,22400000,,,None,16000000,None,,None,,,,,85000000,85100000,None,None,0.068,,112900000,104500000,,,,,2400000,,,,,-4.11,1.525,0.359,,,,,,,,0.0538,,,2025-10-27,quarterly,0.29,USD,pre-market,0,,0.0408,0.262,-0.059,30.2,107800000,,,,9.22,9.96,-3.3333,,,,,,,1102500000,,6.86,,11.98,6.39
2025-12-28,LEG,1.61,4172900000.0,6.86,,0.765,7.17,,,,,,,,,,,,,,,None,811400000,811400000,,,,,,None,33400000,,0.2,0.0183,,,,1.785,-0.01,109800000,143200000,0.3,2018-03-31,,749700000.0,217400000,95400000,17500000,,,None,14400000,None,,None,,,,,77900000,77900000,None,None,0.068,,109700000,95700000,,,,,2600000,,,,,-4.11,1.525,0.359,,,,,,,,0.0538,,,2025-10-27,quarterly,0.29,USD,pre-market,0,,0.0408,0.262,-0.059,30.2,104700000,,,,9.22,9.96,-3.3333,,,,,,,1028800000,,6.86,,11.98,6.39
2025-12-28,LEG,1.61,4172900000.0,6.86,,0.765,7.17,,,,,,,,,,,,,,,None,788500000,788500000,,,,,,None,31500000,,0.2,0.0183,,,,1.785,-0.01,121900000,153400000,0.3,2017-12-31,,749700000.0,196000000,110600000,74200000,,,None,12300000,None,,None,,,,,36300000,36400000,None,None,0.068,,101200000,99300000,,,,,27100000,,,,,-4.11,1.525,0.359,,,,,,,,0.0538,,,2025-10-27,quarterly,0.29,USD,pre-market,25000000,,0.0408,0.262,-0.059,30.2,96500000,,,,9.22,9.96,-3.3333,,,,,,,984500000,,6.86,,11.98,6.39
2025-12-28,LEG,1.61,4172900000.0,6.86,,0.765,7.17,,,,,,,,,,,,,,,None,793900000,793900000,,,,,,None,32200000,,0.2,0.0183,,,,1.785,-0.01,110900000,143100000,0.3,2017-09-30,,749700000.0,215800000,100700000,17200000,,,None,10200000,None,,None,,,,,82600000,83500000,None,None,0.068,,101900000,113900000,,,,,600000,,,,,-4.11,1.525,0.359,,,,,,,,0.0538,,,2025-10-27,quarterly,0.29,USD,pre-market,0,,0.0408,0.262,-0.059,30.2,95700000,,,,9.22,9.96,-3.3333,,,,,,,1009700000,,6.86,,11.98,6.39
2025-12-28,LEG,1.61,4172900000.0,6.86,,0.765,7.17,,,,,,,,,,,,,,,None,759200000,759200000,,,,,,None,31900000,,0.2,0.0183,,,,1.785,-0.01,123800000,155700000,0.3,2017-06-30,,749700000.0,230100000,113400000,25800000,,,None,10400000,None,,None,,,,,87600000,87600000,None,None,0.068,,109700000,120400000,,,,,1900000,,,,,-4.11,1.525,0.359,,,,,,,,0.0538,,,2025-10-27,quarterly,0.29,USD,pre-market,0,,0.0408,0.262,-0.059,30.2,105000000,,,,9.22,9.96,-3.3333,,,,,,,989300000,,6.86,,11.98,6.39
2025-12-28,LEG,1.61,4172900000.0,6.86,,0.765,7.17,,,,,,,,,,,,,,,None,734300000,734300000,,,,,,None,30300000,,0.2,0.0183,,,,1.785,-0.01,117900000,148200000,0.3,2017-03-31,,749700000.0,226000000,107300000,21200000,,,None,10600000,None,,None,,,,,86100000,86100000,None,None,0.068,,111500000,105900000,,,,,2200000,,,,,-4.11,1.525,0.359,,,,,,,,0.0538,,,2025-10-27,quarterly,0.29,USD,pre-market,0,,0.0408,0.262,-0.059,30.2,106400000,,,,9.22,9.96,-3.3333,,,,,,,960300000,,6.86,,11.98,6.39
2025-12-28,LEG,1.61,4172900000.0,6.86,,0.765,7.17,,,,,,,,,,,,,,,None,699500000,699500000,,,,,,None,29000000,,0.2,0.0183,,,,1.785,-0.01,116900000,145900000,0.3,2016-12-31,,749700000.0,204200000,110000000,27000000,,,None,9400000,None,,None,,,,,81600000,83000000,None,None,0.068,,102900000,103500000,,,,,-17000000,,,,,-4.11,1.525,0.359,,,,,,,,0.0538,,,2025-10-27,quarterly,0.29,USD,pre-market,25000000,,0.0408,0.262,-0.059,30.2,98100000,,,,9.22,9.96,-3.3333,,,,,,,903700000,,6.86,,11.98,6.39
2025-12-28,LEG,1.61,4172900000.0,6.86,,0.765,7.17,,,,,,,,,,,,,,,None,721500000,721500000,,,,,,None,29200000,,0.2,0.0183,,,,1.785,-0.01,131100000,160300000,0.3,2016-09-30,,749700000.0,227400000,121200000,27600000,,,None,9900000,None,,None,,,,,93500000,93600000,None,None,0.068,,99100000,128300000,,,,,800000,,,,,-4.11,1.525,0.359,,,,,,,,0.0538,,,2025-10-27,quarterly,0.29,USD,pre-market,0,,0.0408,0.262,-0.059,30.2,93900000,,,,9.22,9.96,-3.3333,,,,,,,948900000,,6.86,,11.98,6.39
2025-12-28,LEG,1.61,4172900000.0,6.86,,0.765,7.17,,,,,,,,,,,,,,,None,724900000,724900000,,,,,,None,28900000,,0.2,0.0183,,,,1.785,-0.01,147500000,176400000,0.3,2016-06-30,,749700000.0,234000000,137200000,37700000,,,None,9300000,None,,None,,,,,121200000,99500000,None,None,0.068,,104500000,120200000,,,,,19300000,,,,,-4.11,1.525,0.359,,,,,,,,0.0538,,,2025-10-27,quarterly,0.29,USD,pre-market,0,,0.0408,0.262,-0.059,30.2,99700000,,,,9.22,9.96,-3.3333,,,,,,,958900000,,6.86,,11.98,6.39
2025-12-28,LEG,1.61,4172900000.0,6.86,,0.765,7.17,,,,,,,,,,,,,,,None,704800000,704800000,,,,,,None,28300000,,0.2,0.0183,,,,1.785,-0.01,127900000,156200000,0.3,2016-03-31,,749700000.0,233600000,118700000,27700000,,,None,8400000,None,,None,,,,,89500000,91000000,None,None,0.068,,110200000,123400000,,,,,800000,,,,,-4.11,1.525,0.359,,,,,,,,0.0538,,,2025-10-27,quarterly,0.29,USD,pre-market,0,,0.0408,0.262,-0.059,30.2,105100000,,,,9.22,9.96,-3.3333,,,,,,,938400000,,6.86,,11.98,6.39
2025-12-28,LEG,1.61,4172900000.0,6.86,,0.765,7.17,,,,,,,,,,,,,,,None,711000000,711000000,,,,,,None,28200000,,0.2,0.0183,,,,1.785,-0.01,115100000,143300000,0.3,2015-12-31,,749700000.0,233600000,106500000,24700000,,,None,7600000,None,,None,,,,,80500000,81800000,None,None,0.068,,121100000,112200000,,,,,1000000,,,,,-4.11,1.525,0.359,,,,,,,,0.0538,,,2025-10-27,quarterly,0.29,USD,pre-market,25000000,,0.0408,0.262,-0.059,30.2,115900000,,,,9.22,9.96,-3.3333,,,,,,,944600000,,6.86,,11.98,6.39
2025-12-28,LEG,1.61,4172900000.0,6.86,,0.765,7.17,,,,,,,,,,,,,,,None,768000000,768000000,,,,,,None,28500000,,0.2,0.0183,,,,1.785,-0.01,142600000,171100000,0.3,2015-09-30,,749700000.0,241100000,132300000,36100000,,,None,9200000,None,,None,,,,,95200000,96200000,None,None,0.068,,102100000,139000000,,,,,1100000,,,,,-4.11,1.525,0.359,,,,,,,,0.0538,,,2025-10-27,quarterly,0.29,USD,pre-market,0,,0.0408,0.262,-0.059,30.2,96900000,,,,9.22,9.96,-3.3333,,,,,,,1009100000,,6.86,,11.98,6.39
2025-12-28,LEG,1.61,4172900000.0,6.86,,0.765,7.17,,,,,,,,,,,,,,,None,766600000,766600000,,,,,,None,26900000,,0.2,0.0183,,,,1.785,-0.01,120200000,147100000,0.3,2015-06-30,,749700000.0,230700000,109000000,32300000,,,None,10200000,None,,None,,,,,77700000,76700000,None,None,0.068,,111800000,118900000,,,,,1000000,,,,,-4.11,1.525,0.359,,,,,,,,0.0538,,,2025-10-27,quarterly,0.29,USD,pre-market,0,,0.0408,0.262,-0.059,30.2,106600000,,,,9.22,9.96,-3.3333,,,,,,,997300000,,6.86,,11.98,6.39
2025-12-28,LEG,1.61,4172900000.0,6.86,,0.765,7.17,,,,,,,,,,,,,,,None,748400000,748400000,,,,,,None,29600000,,0.2,0.0183,,,,1.785,-0.01,113000000,142600000,0.3,2015-03-31,,749700000.0,217800000,102000000,28700000,,,None,9700000,None,,None,,,,,71700000,73300000,None,None,0.068,,102700000,115100000,,,,,1300000,,,,,-4.11,1.525,0.359,,,,,,,,0.0538,,,2025-10-27,quarterly,0.29,USD,pre-market,0,,0.0408,0.262,-0.059,30.2,97500000,,,,9.22,9.96,-3.3333,,,,,,,966200000,,6.86,,11.98,6.39
2025-12-28,LEG,1.61,4172900000.0,6.86,,0.765,7.17,,,,,,,,,,,,,,,None,749500000,749500000,,,,,,None,30300000,,0.2,0.0183,,,,1.785,-0.01,69600000,99900000,0.3,2014-12-31,,749700000.0,203800000,59000000,12800000,,,None,9100000,None,,None,,,,,20600000,141200000,None,None,0.068,,137200000,67800000,,,,,1500000,,,,,-4.11,1.525,0.359,,,,,,,,0.0538,,,2025-10-27,quarterly,0.29,USD,pre-market,26000000,,0.0408,0.262,-0.059,30.2,132000000,,,,9.22,9.96,-3.3333,,,,,,,953300000,,6.86,,11.98,6.39
2025-12-28,LEG,1.61,4172900000.0,6.86,,0.765,7.17,,,,,,,,,,,,,,,None,788300000,788300000,,,,,,None,29200000,,0.2,0.0183,,,,1.785,-0.01,76900000,106100000,0.3,2014-09-30,,749700000.0,209100000,66500000,13100000,,,None,8900000,None,,None,,,,,48200000,53400000,None,None,0.068,,136300000,63900000,,,,,1500000,,,,,-4.11,1.525,0.359,,,,,,,,0.0538,,,2025-10-27,quarterly,0.29,USD,pre-market,0,,0.0408,0.262,-0.059,30.2,131400000,,,,9.22,9.96,-3.3333,,,,,,,997400000,,6.86,,11.98,6.39
2025-12-28,LEG,1.61,4172900000.0,6.86,,0.765,7.17,,,,,,,,,,,,,,,None,796400000,796400000,,,,,,None,29500000,,0.2,0.0183,,,,1.785,-0.01,103600000,133100000,0.3,2014-06-30,,749700000.0,205200000,-15900000,7200000,,,None,9000000,None,,None,,,,,-23900000,-23100000,None,None,0.068,,104800000,100400000,,,,,1400000,,,,,-4.11,1.525,0.359,,,,,,,,0.0538,,,2025-10-27,quarterly,0.29,USD,pre-market,0,,0.0408,0.262,-0.059,30.2,99800000,,,,9.22,9.96,-3.3333,,,,,,,1001600000,,6.86,,11.98,6.39
2025-12-28,LEG,1.61,4172900000.0,6.86,,0.765,7.17,,,,,,,,,,,,,,,None,739100000,739100000,,,,,,None,28900000,,0.2,0.0183,,,,1.785,-0.01,87200000,116100000,0.3,2014-03-31,,749700000.0,180000000,73500000,19800000,,,None,9000000,None,,None,,,,,53100000,53700000,None,None,0.068,,103400000,76600000,,,,,1400000,,,,,-4.11,1.525,0.359,,,,,,,,0.0538,,,2025-10-27,quarterly,0.29,USD,pre-market,0,,0.0408,0.262,-0.059,30.2,98500000,,,,9.22,9.96,-3.3333,,,,,,,919100000,,6.86,,11.98,6.39
2025-12-28,LEG,1.61,4172900000.0,6.86,,0.765,7.17,,,,,,,,,,,,,,,None,730600000,730600000,,,,,,None,34300000,,0.2,0.0183,,,,1.785,-0.01,2200000,36500000,0.3,2013-12-31,,749700000.0,166200000,-8200000,-14900000,,,None,8900000,None,,None,,,,,5600000,6600000,None,None,0.068,,106200000,61900000,,,,,1500000,,,,,-4.11,1.525,0.359,,,,,,,,0.0538,,,2025-10-27,quarterly,0.29,USD,pre-market,24000000,,0.0408,0.262,-0.059,30.2,96700000,,,,9.22,9.96,-3.3333,,,,,,,896800000,,6.86,,11.98,6.39
2025-12-28,LEG,1.61,4172900000.0,6.86,,0.765,7.17,,,,,,,,,,,,,,,None,764700000,764700000,,,,,,None,29200000,,0.2,0.0183,,,,1.785,-0.01,101100000,130300000,0.3,2013-09-30,,749700000.0,193000000,97300000,25700000,,,None,8900000,None,,None,,,,,71300000,71600000,None,None,0.068,,97500000,86600000,,,,,1700000,,,,,-4.11,1.525,0.359,,,,,,,,0.0538,,,2025-10-27,quarterly,0.29,USD,pre-market,0,,0.0408,0.262,-0.059,30.2,92100000,,,,9.22,9.96,-3.3333,,,,,,,957700000,,6.86,,11.98,6.39
2025-12-28,LEG,1.61,4172900000.0,6.86,,0.765,7.17,,,,,,,,,,,,,,,None,759700000,759700000,,,,,,None,29800000,,0.2,0.0183,,,,1.785,-0.01,100300000,130100000,0.3,2013-06-30,,749700000.0,199100000,89400000,24300000,,,None,9100000,None,,None,,,,,71300000,65100000,None,None,0.068,,104200000,94900000,,,,,1800000,,,,,-4.11,1.525,0.359,,,,,,,,0.0538,,,2025-10-27,quarterly,0.29,USD,pre-market,0,,0.0408,0.262,-0.059,30.2,98800000,,,,9.22,9.96,-3.3333,,,,,,,958800000,,6.86,,11.98,6.39
2025-12-28,LEG,1.61,4172900000.0,6.86,,0.765,7.17,,,,,,,,,,,,,,,None,746600000,746600000,,,,,,None,28000000,,0.2,0.0183,,,,1.785,-0.01,83400000,111400000,0.3,2013-03-31,,749700000.0,189400000,69500000,20000000,,,None,10100000,None,,None,,,,,49100000,49500000,None,None,0.068,,113400000,76000000,,,,,2700000,,,,,-4.11,1.525,0.359,,,,,,,,0.0538,,,2025-10-27,quarterly,0.29,USD,pre-market,0,,0.0408,0.262,-0.059,30.2,107700000,,,,9.22,9.96,-3.3333,,,,,,,936000000,,6.86,,11.98,6.39
2025-12-28,LEG,1.61,4172900000.0,6.86,,0.765,7.17,,,,,,,,,,,,,,,None,676000000,676000000,,,,,,None,28400000,,0.2,0.0183,,,,1.785,-0.01,77200000,105600000,0.3,2012-12-31,,749700000.0,177000000,64200000,-9800000,,,None,11400000,None,,None,,,,,73500000,74000000,None,None,0.068,,101900000,75100000,,,,,1600000,,,,,-4.11,1.525,0.359,,,,,,,,0.0538,,,2025-10-27,quarterly,0.29,USD,pre-market,22000000,,0.0408,0.262,-0.059,30.2,95300000,,,,9.22,9.96,-3.3333,,,,,,,853000000,,6.86,,11.98,6.39
2025-12-28,LEG,1.61,4172900000.0,6.86,,0.765,7.17,,,,,,,,,,,,,,,None,776700000,776700000,,,,,,None,30000000,,0.2,0.0183,,,,1.785,-0.01,108000000,138000000,0.3,2012-09-30,,749700000.0,205500000,95200000,28600000,,,None,9700000,None,,None,,,,,65800000,66600000,None,None,0.068,,101200000,104300000,,,,,1600000,,,,,-4.11,1.525,0.359,,,,,,,,0.0538,,,2025-10-27,quarterly,0.29,USD,pre-market,0,,0.0408,0.262,-0.059,30.2,94700000,,,,9.22,9.96,-3.3333,,,,,,,982200000,,6.86,,11.98,6.39
2025-12-28,LEG,1.61,4172900000.0,6.86,,0.765,7.17,,,,,,,,,,,,,,,None,751600000,751600000,,,,,,None,6400000,,0.2,0.0183,,,,1.785,-0.01,110700000,117100000,0.3,2012-06-30,,749700000.0,187200000,78200000,15200000,,,None,8000000,None,,None,,,,,64900000,63000000,None,None,0.068,,101000000,88300000,,,,,1600000,,,,,-4.11,1.525,0.359,,,,,,,,0.0538,,,2025-10-27,quarterly,0.29,USD,pre-market,0,,0.0408,0.262,-0.059,30.2,92500000,,,,9.22,9.96,-3.3333,,,,,,,938800000,,6.86,,11.98,6.39
2025-12-28,LEG,1.61,4172900000.0,6.86,,0.765,7.17,,,,,,,,,,,,,,,None,768500000,768500000,,,,,,None,6200000,,0.2,0.0183,,,,1.785,-0.01,74600000,80800000,0.3,2012-03-31,,749700000.0,178300000,66800000,22300000,,,None,7800000,None,,None,,,,,44000000,44500000,None,None,0.068,,103700000,74600000,,,,,1700000,,,,,-4.11,1.525,0.359,,,,,,,,0.0538,,,2025-10-27,quarterly,0.29,USD,pre-market,0,,0.0408,0.262,-0.059,30.2,97900000,,,,9.22,9.96,-3.3333,,,,,,,946800000,,6.86,,11.98,6.39
2025-12-28,LEG,1.61,4172900000.0,6.86,,0.765,7.17,,,,,,,,,,,,,,,None,711100000,711100000,,,,,,None,28700000,,0.2,0.0183,,,,1.785,-0.01,14400000,43100000,0.3,2011-12-31,,749700000.0,143000000,4600000,-4700000,,,None,9800000,None,,None,,,,,8700000,9300000,None,None,0.068,,130100000,12900000,,,,,1500000,,,,,-4.11,1.525,0.359,,,,,,,,0.0538,,,2025-10-27,quarterly,0.29,USD,pre-market,0,,0.0408,0.262,-0.059,30.2,94300000,,,,9.22,9.96,-3.3333,,,,,,,854100000,,6.86,,11.98,6.39
2025-12-28,LEG,1.61,4172900000.0,6.86,,0.765,7.17,,,,,,,,,,,,,,,None,770500000,770500000,,,,,,None,27900000,,0.2,0.0183,,,,1.785,-0.01,73000000,100900000,0.3,2011-09-30,,749700000.0,170400000,63400000,18100000,,,None,9600000,None,,None,,,,,44900000,45300000,None,None,0.068,,98800000,71600000,,,,,1400000,,,,,-4.11,1.525,0.359,,,,,,,,0.0538,,,2025-10-27,quarterly,0.29,USD,pre-market,0,,0.0408,0.262,-0.059,30.2,93900000,,,,9.22,9.96,-3.3333,,,,,,,940900000,,6.86,,11.98,6.39
2025-12-28,LEG,1.61,4172900000.0,6.86,,0.765,7.17,,,,,,,,,,,,,,,None,763300000,763300000,,,,,,None,28400000,,0.2,0.0183,,,,1.785,-0.01,83200000,111600000,0.3,2011-06-30,,749700000.0,181900000,72000000,16500000,,,None,9400000,None,,None,,,,,54700000,55500000,None,None,0.068,,102800000,79100000,,,,,2300000,,,,,-4.11,1.525,0.359,,,,,,,,0.0538,,,2025-10-27,quarterly,0.29,USD,pre-market,0,,0.0408,0.262,-0.059,30.2,98100000,,,,9.22,9.96,-3.3333,,,,,,,945200000,,6.86,,11.98,6.39
2025-12-28,LEG,1.61,4172900000.0,6.86,,0.765,7.17,,,,,,,,,,,,,,,None,725800000,725800000,,,,,,None,30100000,,0.2,0.0183,,,,1.785,-0.01,75700000,105800000,0.3,2011-03-31,,749700000.0,170000000,66200000,19900000,,,None,9500000,None,,None,,,,,45000000,46300000,None,None,0.068,,170000000,74200000,,,,,1500000,,,,,-4.11,1.525,0.359,,,,,,,,0.0538,,,2025-10-27,quarterly,0.29,USD,pre-market,0,,0.0408,0.262,-0.059,30.2,95800000,,,,9.22,9.96,-3.3333,,,,,,,895800000,,6.86,,11.98,6.39
2025-12-28,LEG,1.61,4172900000.0,6.86,,0.765,7.17,,,,,,,,,,,,,,,None,660400000,660400000,,,,,,None,31600000,,0.2,0.0183,,,,1.785,-0.01,51300000,82900000,0.3,2010-12-31,,749700000.0,141500000,41400000,8800000,,,None,9900000,None,,None,,,,,31400000,0,None,None,0.068,,83000000,58500000,,,,,None,,,,,-4.11,1.525,0.359,,,,,,,,0.0538,,,2025-10-27,quarterly,0.29,USD,pre-market,0,,0.0408,0.262,-0.059,30.2,85600000,,,,9.22,9.96,-3.3333,,,,,,,801900000,,6.86,,11.98,6.39
2025-12-28,LEG,1.61,4172900000.0,6.86,,0.765,7.17,,,,,,,,,,,,,,,None,697800000,697800000,,,,,,None,30000000,,0.2,0.0183,,,,1.785,-0.01,77300000,107300000,0.3,2010-09-30,,749700000.0,168700000,68000000,18100000,,,None,9300000,None,,None,,,,,47400000,49900000,None,None,0.068,,93100000,75600000,,,,,1700000,,,,,-4.11,1.525,0.359,,,,,,,,0.0538,,,2025-10-27,quarterly,0.29,USD,pre-market,0,,0.0408,0.262,-0.059,30.2,87600000,,,,9.22,9.96,-3.3333,,,,,,,866500000,,6.86,,11.98,6.39
2025-12-28,LEG,1.61,4172900000.0,6.86,,0.765,7.17,,,,,,,,,,,,,,,None,694600000,694600000,,,,,,None,29300000,,0.2,0.0183,,,,1.785,-0.01,86300000,115600000,0.3,2010-06-30,,749700000.0,179700000,77100000,23500000,,,None,9200000,None,,None,,,,,52700000,53600000,None,None,0.068,,94600000,85100000,,,,,1200000,,,,,-4.11,1.525,0.359,,,,,,,,0.0538,,,2025-10-27,quarterly,0.29,USD,pre-market,0,,0.0408,0.262,-0.059,30.2,88800000,,,,9.22,9.96,-3.3333,,,,,,,874300000,,6.86,,11.98,6.39
2025-12-28,LEG,1.61,4172900000.0,6.86,,0.765,7.17,,,,,,,,,,,,,,,None,650900000,650900000,,,,,,None,31900000,,0.2,0.0183,,,,1.785,-0.01,78300000,110200000,0.3,2010-03-31,,749700000.0,165500000,69000000,21500000,,,None,9300000,None,,None,,,,,45100000,0,None,None,0.068,,165500000,77200000,,,,,None,,,,,-4.11,1.525,0.359,,,,,,,,0.0538,,,2025-10-27,quarterly,0.29,USD,pre-market,0,,0.0408,0.262,-0.059,30.2,92300000,,,,9.22,9.96,-3.3333,,,,,,,816400000,,6.86,,11.98,6.39
2025-12-28,LEG,1.61,4172900000.0,6.86,,0.765,7.17,,,,,,,,,,,,,,,None,599500000,599500000,,,,,,None,33000000,,0.2,0.0183,,,,1.785,-0.01,78300000,111300000,0.3,2009-12-31,,749700000.0,170200000,68700000,26200000,,,None,9600000,None,,None,,,,,35200000,0,None,None,0.068,,71800000,98400000,,,,,None,,,,,-4.11,1.525,0.359,,,,,,,,0.0538,,,2025-10-27,quarterly,0.29,USD,pre-market,0,,0.0408,0.262,-0.059,30.2,87300000,,,,9.22,9.96,-3.3333,,,,,,,769700000,,6.86,,11.98,6.39
2025-12-28,LEG,1.61,4172900000.0,6.86,,0.765,7.17,,,,,,,,,,,,,,,None,622600000,622600000,,,,,,None,32500000,,0.2,0.0183,,,,1.785,-0.01,96300000,128800000,0.3,2009-09-30,,749700000.0,187300000,87000000,30800000,,,None,9300000,None,,None,,,,,54300000,0,None,None,0.068,,92300000,95000000,,,,,None,,,,,-4.11,1.525,0.359,,,,,,,,0.0538,,,2025-10-27,quarterly,0.29,USD,pre-market,0,,0.0408,0.262,-0.059,30.2,84800000,,,,9.22,9.96,-3.3333,,,,,,,809900000,,6.86,,11.98,6.39
2025-12-28,LEG,1.61,4172900000.0,6.86,,0.765,7.17,,,,,,,,,,,,,,,None,610200000,610200000,,,,,,None,33400000,,0.2,0.0183,,,,1.785,-0.01,41800000,75200000,0.3,2009-06-30,,749700000.0,147200000,32700000,13600000,,,None,9100000,None,,None,,,,,19000000,0,None,None,0.068,,106400000,40800000,,,,,None,,,,,-4.11,1.525,0.359,,,,,,,,0.0538,,,2025-10-27,quarterly,0.29,USD,pre-market,0,,0.0408,0.262,-0.059,30.2,89000000,,,,9.22,9.96,-3.3333,,,,,,,757400000,,6.86,,11.98,6.39
2025-12-28,LEG,1.61,4172900000.0,6.86,,0.765,7.17,,,,,,,,,,,,,,,None,593100000,593100000,,,,,,None,31400000,,0.2,0.0183,,,,1.785,-0.01,19400000,50800000,0.3,2009-03-31,,749700000.0,125000000,10000000,6700000,,,None,9400000,None,,None,,,,,3300000,0,None,None,0.068,,107100000,17900000,,,,,None,,,,,-4.11,1.525,0.359,,,,,,,,0.0538,,,2025-10-27,quarterly,0.29,USD,pre-market,0,,0.0408,0.262,-0.059,30.2,101900000,,,,9.22,9.96,-3.3333,,,,,,,718100000,,6.86,,11.98,6.39
2025-12-28,LEG,1.61,4172900000.0,6.86,,0.765,7.17,,,,,,,,,,,,,,,None,771900000,771900000,,,,,,None,34800000,,0.2,0.0183,,,,1.785,-0.01,-8700000,26100000,0.3,2008-12-31,,749700000.0,110600000,-25300000,-17100000,,,None,48400000,None,,None,,,,,-18000000,0,None,None,0.068,,96800000,13800000,,,,,None,,,,,-4.11,1.525,0.359,,,,,,,,0.0538,,,2025-10-27,quarterly,0.29,USD,pre-market,0,,0.0408,0.262,-0.059,30.2,106200000,,,,9.22,9.96,-3.3333,,,,,,,882500000,,6.86,,11.98,6.39
2025-12-28,LEG,1.61,4172900000.0,6.86,,0.765,7.17,,,,,,,,,,,,,,,None,925100000,925100000,,,,,,None,34400000,,0.2,0.0183,,,,1.785,-0.01,98500000,132900000,0.3,2008-09-30,,749700000.0,207100000,85500000,37100000,,,None,11900000,None,,None,,,,,32700000,0,None,None,0.068,,111700000,95400000,,,,,None,,,,,-4.11,1.525,0.359,,,,,,,,0.0538,,,2025-10-27,quarterly,0.29,USD,pre-market,0,,0.0408,0.262,-0.059,30.2,105500000,,,,9.22,9.96,-3.3333,,,,,,,1132200000,,6.86,,11.98,6.39
2025-12-28,LEG,1.61,4172900000.0,6.86,,0.765,7.17,,,,,,,,,,,,,,,None,866700000,866700000,,,,,,None,36200000,,0.2,0.0183,,,,1.785,-0.01,84500000,120700000,0.3,2008-06-30,,749700000.0,196400000,69700000,26200000,,,None,13100000,None,,None,,,,,46300000,0,None,None,0.068,,113900000,82500000,,,,,None,,,,,-4.11,1.525,0.359,,,,,,,,0.0538,,,2025-10-27,quarterly,0.29,USD,pre-market,0,,0.0408,0.262,-0.059,30.2,107600000,,,,9.22,9.96,-3.3333,,,,,,,1063100000,,6.86,,11.98,6.39
2025-12-28,LEG,1.61,4172900000.0,6.86,,0.765,7.17,,,,,,,,,,,,,,,None,821200000,821200000,,,,,,None,35000000,,0.2,0.0183,,,,1.785,-0.01,72600000,107600000,0.3,2008-03-31,,749700000.0,177100000,58100000,18900000,,,None,13300000,None,,None,,,,,43400000,0,None,None,0.068,,109900000,67200000,,,,,None,,,,,-4.11,1.525,0.359,,,,,,,,0.0538,,,2025-10-27,quarterly,0.29,USD,pre-market,0,,0.0408,0.262,-0.059,30.2,103900000,,,,9.22,9.96,-3.3333,,,,,,,998300000,,6.86,,11.98,6.39
2025-12-28,LEG,1.61,4172900000.0,6.86,,0.765,7.17,,,,,,,,,,,,,,,None,276200000,276200000,,,,,,None,48300000,,0.2,0.0183,,,,1.785,-0.01,13200000,61500000,0.3,2007-12-31,,749700000.0,93700000,-135000000,2300000,,,None,58600000,None,,None,,,,,-212600000,0,None,None,0.068,,80500000,13200000,,,,,None,,,,,-4.11,1.525,0.359,,,,,,,,0.0538,,,2025-10-27,quarterly,0.29,USD,pre-market,0,,0.0408,0.262,-0.059,30.2,57200000,,,,9.22,9.96,-3.3333,,,,,,,369900000,,6.86,,11.98,6.39
2025-12-28,LEG,1.61,4172900000.0,6.86,,0.765,7.17,,,,,,,,,,,,,,,None,1085300000,1085300000,,,,,,None,44900000,,0.2,0.0183,,,,1.785,-0.01,104400000,149300000,0.3,2007-09-30,,749700000.0,240800000,94800000,29100000,,,None,15800000,None,,None,,,,,65700000,0,None,None,0.068,,127000000,113800000,,,,,None,,,,,-4.11,1.525,0.359,,,,,,,,0.0538,,,2025-10-27,quarterly,0.29,USD,pre-market,0,,0.0408,0.262,-0.059,30.2,127000000,,,,9.22,9.96,-3.3333,,,,,,,1326100000,,6.86,,11.98,6.39
2025-12-28,LEG,1.61,4172900000.0,6.86,,0.765,7.17,,,,,,,,,,,,,,,None,1081000000,1081000000,,,,,,None,46700000,,0.2,0.0183,,,,1.785,-0.01,87200000,133900000,0.3,2007-06-30,,749700000.0,235100000,79600000,19600000,,,None,14200000,None,,None,,,,,60000000,0,None,None,0.068,,134300000,100800000,,,,,None,,,,,-4.11,1.525,0.359,,,,,,,,0.0538,,,2025-10-27,quarterly,0.29,USD,pre-market,0,,0.0408,0.262,-0.059,30.2,134300000,,,,9.22,9.96,-3.3333,,,,,,,1316100000,,6.86,,11.98,6.39
2025-12-28,LEG,1.61,4172900000.0,6.86,,0.765,7.17,,,,,,,,,,,,,,,None,1065300000,1065300000,,,,,,None,43500000,,0.2,0.0183,,,,1.785,-0.01,91200000,134700000,0.3,2007-03-31,,749700000.0,229000000,89000000,26400000,,,None,14100000,None,,None,,,,,75700000,0,None,None,0.068,,122100000,106900000,,,,,None,,,,,-4.11,1.525,0.359,,,,,,,,0.0538,,,2025-10-27,quarterly,0.29,USD,pre-market,0,,0.0408,0.262,-0.059,30.2,122100000,,,,9.22,9.96,-3.3333,,,,,,,1294300000,,6.86,,11.98,6.39
2025-12-28,LEG,1.61,4172900000.0,6.86,,0.765,7.17,,,,,,,,,,,,,,,None,1067200000,1067200000,,,,,,None,43500000,,0.2,0.0183,,,,1.785,-0.01,105200000,148700000,0.3,2006-12-31,,749700000.0,243300000,105800000,35800000,,,None,56200000,None,,None,,,,,70000000,0,None,None,0.068,,138100000,105200000,,,,,None,,,,,-4.11,1.525,0.359,,,,,,,,0.0538,,,2025-10-27,quarterly,0.29,USD,pre-market,0,,0.0408,0.262,-0.059,30.2,119300000,,,,9.22,9.96,-3.3333,,,,,,,1310500000,,6.86,,11.98,6.39
2025-12-28,LEG,1.61,4172900000.0,6.86,,0.765,7.17,,,,,,,,,,,,,,,None,1156000000,1156000000,,,,,,None,43900000,,0.2,0.0183,,,,1.785,-0.01,133300000,177200000,0.3,2006-09-30,,749700000.0,258600000,125100000,41100000,,,None,14000000,None,,None,,,,,84000000,0,None,None,0.068,,120600000,138000000,,,,,None,,,,,-4.11,1.525,0.359,,,,,,,,0.0538,,,2025-10-27,quarterly,0.29,USD,pre-market,0,,0.0408,0.262,-0.059,30.2,120600000,,,,9.22,9.96,-3.3333,,,,,,,1414600000,,6.86,,11.98,6.39
2025-12-28,LEG,1.61,4172900000.0,6.86,,0.765,7.17,,,,,,,,,,,,,,,None,1146200000,1146200000,,,,,,None,44800000,,0.2,0.0183,,,,1.785,-0.01,125500000,170300000,0.3,2006-06-30,,749700000.0,256400000,111600000,27400000,,,None,14000000,None,,None,,,,,84200000,0,None,None,0.068,,125800000,130600000,,,,,None,,,,,-4.11,1.525,0.359,,,,,,,,0.0538,,,2025-10-27,quarterly,0.29,USD,pre-market,0,,0.0408,0.262,-0.059,30.2,125800000,,,,9.22,9.96,-3.3333,,,,,,,1402600000,,6.86,,11.98,6.39
2025-12-28,LEG,1.61,4172900000.0,6.86,,0.765,7.17,,,,,,,,,,,,,,,None,1137600000,1137600000,,,,,,None,43200000,,0.2,0.0183,,,,1.785,-0.01,107900000,151100000,0.3,2006-03-31,,749700000.0,240100000,92300000,30200000,,,None,12900000,None,,None,,,,,62100000,0,None,None,0.068,,136400000,103700000,,,,,None,,,,,-4.11,1.525,0.359,,,,,,,,0.0538,,,2025-10-27,quarterly,0.29,USD,pre-market,0,,0.0408,0.262,-0.059,30.2,123800000,,,,9.22,9.96,-3.3333,,,,,,,1377700000,,6.86,,11.98,6.39
2025-12-28,LEG,1.61,4172900000.0,6.86,,0.765,7.17,,,,,,,,,,,,,,,None,1120500000,1120500000,,,,,,None,44200000,,0.2,0.0183,,,,1.785,-0.01,86700000,130900000,0.3,2005-12-31,,749700000.0,219100000,52700000,7400000,,,None,46700000,None,,None,,,,,45300000,0,None,None,0.068,,132400000,86700000,,,,,None,,,,,-4.11,1.525,0.359,,,,,,,,0.0538,,,2025-10-27,quarterly,0.29,USD,pre-market,25000000,,0.0408,0.262,-0.059,30.2,122100000,,,,9.22,9.96,-3.3333,,,,,,,1339600000,,6.86,,11.98,6.39
2025-12-28,LEG,1.61,4172900000.0,6.86,,0.765,7.17,,,,,,,,,,,,,,,None,1133500000,1133500000,,,,,,None,44300000,,0.2,0.0183,,,,1.785,-0.01,55000000,99300000,0.3,2005-09-30,,749700000.0,215100000,77600000,23600000,,,None,11900000,None,,None,,,,,54000000,0,None,None,0.068,,115800000,99300000,,,,,None,,,,,-4.11,1.525,0.359,,,,,,,,0.0538,,,2025-10-27,quarterly,0.29,USD,pre-market,0,,0.0408,0.262,-0.059,30.2,115800000,,,,9.22,9.96,-3.3333,,,,,,,1348600000,,6.86,,11.98,6.39
2025-12-28,LEG,1.61,4172900000.0,6.86,,0.765,7.17,,,,,,,,,,,,,,,None,3634500000,3634500000,,,,,,None,136000000,,0.2,0.0183,,,,1.785,-0.01,-423300000,-287300000,0.3,2024-12-31,,749700000.0,749100000,-509200000,2200000,,,None,85900000,6600000,,None,,,,,-511500000,-511400000,-79300000,None,0.068,,530800000,218300000,,,,,None,,,,,-4.11,1.525,0.359,,,,,,,,0.0538,,,2025-10-27,annual,0.29,USD,pre-market,None,,0.0408,0.262,-0.059,30.2,508800000,,,,9.22,9.96,-3.3333,,,,,,,4383600000,,6.86,,11.98,6.39
2025-12-28,LEG,1.61,4172900000.0,6.86,,0.765,7.17,,,,,,,,,,,,,,,None,3871500000,3871500000,,,,,,None,179900000,,0.2,0.0183,,,,1.785,-0.01,-85000000,94900000,0.3,2023-12-31,,749700000.0,853800000,-173400000,-36600000,,,None,88400000,5400000,,None,,,,,-136800000,-136800000,-85700000,None,0.068,,534400000,319400000,,,,,None,,,,,-4.11,1.525,0.359,,,,,,,,0.0538,,,2025-10-27,annual,0.29,USD,pre-market,None,,0.0408,0.262,-0.059,30.2,465400000,,,,9.22,9.96,-3.3333,,,,,,,4725300000,,6.86,,11.98,6.39
2025-12-28,LEG,1.61,4172900000.0,6.86,,0.765,7.17,,,,,,,,,,,,,,,None,4169900000,4169900000,,,,,,None,179800000,,0.2,0.0183,,,,1.785,-0.01,489100000,668900000,0.3,2022-12-31,,749700000.0,976800000,403600000,93700000,,,None,85500000,81400000,,None,,,,,309800000,309900000,-81400000,None,0.068,,494100000,482700000,,,,,6600000,,,,,-4.11,1.525,0.359,,,,,,,,0.0538,,,2025-10-27,annual,0.29,USD,pre-market,None,,0.0408,0.262,-0.059,30.2,427300000,,,,9.22,9.96,-3.3333,,,,,,,5146700000,,6.86,,11.98,6.39
2025-12-28,LEG,1.61,4172900000.0,6.86,,0.765,7.17,,,,,,,,,,,,,,,None,4034300000,4034300000,,,,,,None,187300000,,0.2,0.0183,,,,1.785,-0.01,598600000,785900000,0.3,2021-12-31,,749700000.0,1038300000,522100000,119500000,,,None,76500000,73900000,,None,,,,,402400000,402600000,-73900000,None,0.068,,489600000,548700000,,,,,32000000,,,,,-4.11,1.525,0.359,,,,,,,,0.0538,,,2025-10-27,annual,0.29,USD,pre-market,None,,0.0408,0.262,-0.059,30.2,422100000,,,,9.22,9.96,-3.3333,,,,,,,5072600000,,6.86,,11.98,6.39
2025-12-28,LEG,1.61,4172900000.0,6.86,,0.765,7.17,,,,,,,,,,,,,,,None,3376100000,3376100000,,,,,,None,189400000,,0.2,0.0183,,,,1.785,-0.01,410600000,600000000,0.3,2020-12-31,,749700000.0,904100000,327900000,74800000,,,None,82700000,79600000,,None,,,,,253000000,247700000,-79600000,None,0.068,,489600000,414500000,,,,,3100000,,,,,-4.11,1.525,0.359,,,,,,,,0.0538,,,2025-10-27,annual,0.29,USD,pre-market,None,,0.0408,0.262,-0.059,30.2,424400000,,,,9.22,9.96,-3.3333,,,,,,,4280200000,,6.86,,11.98,6.39
2025-12-28,LEG,1.61,4172900000.0,6.86,,0.765,7.17,,,,,,,,,,,,,,,None,3728500000,3728500000,,,,,,None,191900000,,0.2,0.0183,,,,1.785,-0.01,494200000,686100000,0.3,2019-12-31,,749700000.0,1024000000,403500000,89400000,,,None,90700000,7400000,,None,,,,,314000000,333900000,-83300000,None,0.068,,533000000,491000000,,,,,12400000,,,,,-4.11,1.525,0.359,,,,,,,,0.0538,,,2025-10-27,annual,0.29,USD,pre-market,None,,0.0408,0.262,-0.059,30.2,469700000,,,,9.22,9.96,-3.3333,,,,,,,4752500000,,6.86,,11.98,6.39
2025-12-28,LEG,1.61,4172900000.0,6.86,,0.765,7.17,,,,,,,,,,,,,,,None,3380800000,3380800000,,,,,,None,124800000,,0.2,0.0183,,,,1.785,-0.01,437800000,562600000,0.3,2018-12-31,,749700000.0,888700000,384400000,78300000,,,None,60900000,8400000,,None,,,,,305900000,306100000,-52500000,None,0.068,,445600000,443100000,,,,,10300000,,,,,-4.11,1.525,0.359,,,,,,,,0.0538,,,2025-10-27,annual,0.29,USD,pre-market,0,,0.0408,0.262,-0.059,30.2,425100000,,,,9.22,9.96,-3.3333,,,,,,,4269500000,,6.86,,11.98,6.39
2025-12-28,LEG,1.61,4172900000.0,6.86,,0.765,7.17,,,,,,,,,,,,,,,None,3075900000,3075900000,,,,,,None,116000000,,0.2,0.0183,,,,1.785,-0.01,471300000,587300000,0.3,2017-12-31,,749700000.0,867900000,432000000,138400000,,,None,43500000,7600000,,None,,,,,292600000,293600000,-35900000,None,0.068,,424300000,448100000,,,,,31800000,,,,,-4.11,1.525,0.359,,,,,,,,0.0538,,,2025-10-27,annual,0.29,USD,pre-market,25000000,,0.0408,0.262,-0.059,30.2,403600000,,,,9.22,9.96,-3.3333,,,,,,,3943800000,,6.86,,11.98,6.39
2025-12-28,LEG,1.61,4172900000.0,6.86,,0.765,7.17,,,,,,,,,,,,,,,None,2850700000,2850700000,,,,,,None,106700000,,0.2,0.0183,,,,1.785,-0.01,521700000,628400000,0.3,2016-12-31,,749700000.0,899200000,487100000,120000000,,,None,38800000,3900000,,None,,,,,385800000,367100000,-34900000,None,0.068,,416700000,449800000,,,,,3900000,,,,,-4.11,1.525,0.359,,,,,,,,0.0538,,,2025-10-27,annual,0.29,USD,pre-market,25000000,,0.0408,0.262,-0.059,30.2,396800000,,,,9.22,9.96,-3.3333,,,,,,,3749900000,,6.86,,11.98,6.39
2025-12-28,LEG,1.61,4172900000.0,6.86,,0.765,7.17,,,,,,,,,,,,,,,None,2994000000,2994000000,,,,,,None,113200000,,0.2,0.0183,,,,1.785,-0.01,490900000,604100000,0.3,2015-12-31,,749700000.0,923200000,449800000,121800000,,,None,41100000,36700000,,None,,,,,325100000,328000000,None,None,0.068,,437700000,485200000,,,,,4400000,,,,,-4.11,1.525,0.359,,,,,,,,0.0538,,,2025-10-27,annual,0.29,USD,pre-market,25000000,,0.0408,0.262,-0.059,30.2,416900000,,,,9.22,9.96,-3.3333,,,,,,,3917200000,,6.86,,11.98,6.39
2025-12-28,LEG,1.61,4172900000.0,6.86,,0.765,7.17,,,,,,,,,,,,,,,None,2991900000,2991900000,,,,,,None,117900000,,0.2,0.0183,,,,1.785,-0.01,337300000,455200000,0.3,2014-12-31,,749700000.0,790400000,295500000,70300000,,,None,41800000,None,,None,,,,,98000000,225200000,None,None,0.068,,469300000,322300000,,,,,5800000,,,,,-4.11,1.525,0.359,,,,,,,,0.0538,,,2025-10-27,annual,0.29,USD,pre-market,26000000,,0.0408,0.262,-0.059,30.2,449600000,,,,9.22,9.96,-3.3333,,,,,,,3782300000,,6.86,,11.98,6.39
2025-12-28,LEG,1.61,4172900000.0,6.86,,0.765,7.17,,,,,,,,,,,,,,,None,2998800000,2998800000,,,,,,None,122600000,,0.2,0.0183,,,,1.785,-0.01,282300000,404900000,0.3,2013-12-31,,749700000.0,747200000,247800000,55000000,,,None,44700000,None,,None,,,,,197300000,192800000,None,None,0.068,,420800000,328300000,,,,,7700000,,,,,-4.11,1.525,0.359,,,,,,,,0.0538,,,2025-10-27,annual,0.29,USD,pre-market,24000000,,0.0408,0.262,-0.059,30.2,394800000,,,,9.22,9.96,-3.3333,,,,,,,3746000000,,6.86,,11.98,6.39
2025-12-28,LEG,1.61,4172900000.0,6.86,,0.765,7.17,,,,,,,,,,,,,,,None,2972800000,2972800000,,,,,,None,116100000,,0.2,0.0183,,,,1.785,-0.01,345900000,462000000,0.3,2012-12-31,,749700000.0,748000000,304400000,56300000,,,None,43400000,None,,None,,,,,248200000,248100000,None,None,0.068,,406100000,305000000,,,,,6500000,,,,,-4.11,1.525,0.359,,,,,,,,0.0538,,,2025-10-27,annual,0.29,USD,pre-market,20000000,,0.0408,0.262,-0.059,30.2,380400000,,,,9.22,9.96,-3.3333,,,,,,,3720800000,,6.86,,11.98,6.39
2025-12-28,LEG,1.61,4172900000.0,6.86,,0.765,7.17,,,,,,,,,,,,,,,None,2970700000,2970700000,,,,,,None,116900000,,0.2,0.0183,,,,1.785,-0.01,244200000,361100000,0.3,2011-12-31,,749700000.0,665300000,206200000,49800000,,,None,38300000,None,,None,,,,,153300000,156400000,None,None,0.068,,427500000,237800000,,,,,6700000,,,,,-4.11,1.525,0.359,,,,,,,,0.0538,,,2025-10-27,annual,0.29,USD,pre-market,0,,0.0408,0.262,-0.059,30.2,382100000,,,,9.22,9.96,-3.3333,,,,,,,3636000000,,6.86,,11.98,6.39
2025-12-28,LEG,1.61,4172900000.0,6.86,,0.765,7.17,,,,,,,,,,,,,,,None,2703700000,2703700000,,,,,,None,122800000,,0.2,0.0183,,,,1.785,-0.01,293100000,415900000,0.3,2010-12-31,,749700000.0,655400000,255500000,71900000,,,None,37700000,None,,None,,,,,176600000,183600000,None,None,0.068,,359000000,296400000,,,,,5200000,,,,,-4.11,1.525,0.359,,,,,,,,0.0538,,,2025-10-27,annual,0.29,USD,pre-market,0,,0.0408,0.262,-0.059,30.2,354300000,,,,9.22,9.96,-3.3333,,,,,,,3359100000,,6.86,,11.98,6.39
2025-12-28,LEG,1.61,4172900000.0,6.86,,0.765,7.17,,,,,,,,,,,,,,,None,2425400000,2425400000,,,,,,None,130300000,,0.2,0.0183,,,,1.785,-0.01,237000000,367300000,0.3,2009-12-31,,749700000.0,629700000,198400000,77300000,,,None,37400000,None,,None,,,,,111800000,None,None,None,0.068,,377600000,252100000,,,,,None,,,,,-4.11,1.525,0.359,,,,,,,,0.0538,,,2025-10-27,annual,0.29,USD,pre-market,None,,0.0408,0.262,-0.059,30.2,363000000,,,,9.22,9.96,-3.3333,,,,,,,3055100000,,6.86,,11.98,6.39
2025-12-28,LEG,1.61,4172900000.0,6.86,,0.765,7.17,,,,,,,,,,,,,,,None,3384900000,3384900000,,,,,,None,140400000,,0.2,0.0183,,,,1.785,-0.01,236400000,376800000,0.3,2008-12-31,,749700000.0,691200000,188000000,65100000,,,None,48400000,None,,None,,,,,104400000,None,None,None,0.068,,432300000,258900000,,,,,None,,,,,-4.11,1.525,0.359,,,,,,,,0.0538,,,2025-10-27,annual,0.29,USD,pre-market,None,,0.0408,0.262,-0.059,30.2,423200000,,,,9.22,9.96,-3.3333,,,,,,,4076100000,,6.86,,11.98,6.39
2025-12-28,LEG,1.61,4172900000.0,6.86,,0.765,7.17,,,,,,,,,,,,,,,None,3507800000,3507800000,,,,,,None,183400000,,0.2,0.0183,,,,1.785,-0.01,187000000,370400000,0.3,2007-12-31,,749700000.0,798600000,128400000,77400000,,,None,58600000,None,,None,,,,,-11200000,None,None,None,0.068,,463900000,334700000,,,,,None,,,,,-4.11,1.525,0.359,,,,,,,,0.0538,,,2025-10-27,annual,0.29,USD,pre-market,None,,0.0408,0.262,-0.059,30.2,440600000,,,,9.22,9.96,-3.3333,,,,,,,4306400000,,6.86,,11.98,6.39
2025-12-28,LEG,1.61,4172900000.0,6.86,,0.765,7.17,,,,,,,,,,,,,,,None,4507000000,4507000000,,,,,,None,175400000,,0.2,0.0183,,,,1.785,-0.01,391700000,567100000,0.3,2006-12-31,,749700000.0,998400000,434800000,134500000,,,None,56200000,None,,None,,,,,300300000,None,None,None,0.068,,508300000,490100000,,,,,None,,,,,-4.11,1.525,0.359,,,,,,,,0.0538,,,2025-10-27,annual,0.29,USD,pre-market,None,,0.0408,0.262,-0.059,30.2,489500000,,,,9.22,9.96,-3.3333,,,,,,,5505400000,,6.86,,11.98,6.39
2025-12-28,LEG,1.61,4172900000.0,6.86,,0.765,7.17,,,,,,,,,,,,,,,None,4386500000,4386500000,,,,,,None,171100000,,0.2,0.0183,,,,1.785,-0.01,375900000,547000000,0.3,2005-12-31,,749700000.0,912800000,356200000,104900000,,,None,46700000,None,,None,,,,,251300000,None,None,None,0.068,,479100000,433700000,,,,,None,,,,,-4.11,1.525,0.359,,,,,,,,0.0538,,,2025-10-27,annual,0.29,USD,pre-market,25000000,,0.0408,0.262,-0.059,30.2,468800000,,,,9.22,9.96,-3.3333,,,,,,,5299300000,,6.86,,11.98,6.39
2025-12-28,LEG,1.61,4172900000.0,6.86,None,0.765,7.17,,166300000,460700000,460700000,,,,,,,,,2000000,140200000,None,4386500000,4386500000,485300000,None,1400000,568400000,None,None,171100000,,0.2,0.0183,,,,1.785,-0.01,375900000,547000000,0.3,2025-09-30,748500000,749700000.0,912800000,356200000,104900000,94900000,94900000,None,46700000,None,634000000,None,None,1495800000,None,None,251300000,None,None,None,0.068,,479100000,433700000,45700000,261100000,None,86100000,None,,,,,-4.11,1.525,0.359,,,,,,,,0.0538,,833100000,2025-10-27,quarterly,0.29,USD,pre-market,25000000,2253900000,0.0408,0.262,-0.059,30.2,468800000,1663500000,47700000,None,9.22,9.96,-3.3333,3525000000,1708800000,794100000,2552600000,1816200000,1758500000,5299300000,971800000,6.86,None,11.98,6.39
2025-12-28,LEG,1.61,4172900000.0,6.86,None,0.765,7.17,,162100000,368800000,368800000,,,,,,,,,2000000,139600000,None,4386500000,4386500000,468400000,None,1300000,577200000,None,None,171100000,,0.2,0.0183,,,,1.785,-0.01,375900000,547000000,0.3,2025-06-30,751200000,749700000.0,912800000,356200000,104900000,97800000,97800000,None,46700000,None,648600000,None,None,1792200000,None,None,251300000,None,None,None,0.068,,479100000,433700000,148100000,281700000,None,82000000,None,,,,,-4.11,1.525,0.359,,,,,,,,0.0538,,841300000,2025-10-27,quarterly,0.29,USD,pre-market,25000000,2133800000,0.0408,0.262,-0.059,30.2,468800000,1955600000,52200000,None,9.22,9.96,-3.3333,3703700000,1742700000,802300000,2847900000,1960999999,2045600000,5299300000,855800000,6.86,None,11.98,6.39
2025-12-28,LEG,1.61,4172900000.0,6.86,None,0.765,7.17,,171300000,412600000,412600000,,,,,,,,,2000000,138600000,None,4386500000,4386500000,476500000,None,1300000,558100000,None,None,171100000,,0.2,0.0183,,,,1.785,-0.01,375900000,547000000,0.3,2025-03-31,734900000,749700000.0,912800000,356200000,104900000,232400000,232400000,None,46700000,None,678300000,None,None,1935100000,None,None,251300000,None,None,None,0.068,,479100000,433700000,135100000,228600000,None,77600000,None,,,,,-4.11,1.525,0.359,,,,,,,,0.0538,,855700000,2025-10-27,quarterly,0.29,USD,pre-market,25000000,2088200000,0.0408,0.262,-0.059,30.2,468800000,2159700000,105300000,None,9.22,9.96,-3.3333,3748900000,1784100000,810400000,3001300000,1964800000,2190900000,5299300000,747600000,6.86,None,11.98,6.39
2025-12-28,LEG,1.61,4172900000.0,6.86,None,0.765,7.17,,184500000,350200000,350200000,,,,,,,,,2000000,138000000,None,4386500000,4386500000,497700000,None,1300000,559400000,None,None,171100000,,0.2,0.0183,,,,1.785,-0.01,375900000,547000000,0.3,2024-12-31,794400000,749700000.0,912800000,356200000,104900000,140400000,140400000,None,46700000,None,722600000,None,None,1862800000,None,51400000,251300000,None,None,None,0.068,,479100000,433700000,58300000,263100000,None,10900000,None,,,,,-4.11,1.525,0.359,,,,,,,,0.0538,,900100000,2025-10-27,quarterly,0.29,USD,pre-market,25000000,2064500000,0.0408,0.262,-0.059,30.2,468800000,2048600000,54700000,None,9.22,9.96,-3.3333,3661600000,1690500000,846400000,2971400000,1971100000,2125000000,5299300000,689400000,6.86,None,11.98,6.39
2025-12-28,LEG,1.61,4172900000.0,6.86,None,0.765,7.17,,197000000,277200000,277200000,,,,,,,,,2000000,138000000,None,4386500000,4386500000,516000000,None,301100000,638100000,None,None,171100000,,0.2,0.0183,,,,1.785,-0.01,375900000,547000000,0.3,2024-09-30,814700000,749700000.0,912800000,356200000,104900000,151400000,151400000,None,46700000,None,754400000,None,None,1578200000,None,None,251300000,None,None,None,0.068,,479100000,433700000,64800000,300900000,None,90100000,None,,,,,-4.11,1.525,0.359,,,,,,,,0.0538,,937100000,2025-10-27,quarterly,0.29,USD,pre-market,25000000,2057300000,0.0408,0.262,-0.059,30.2,468800000,2076300000,354800000,None,9.22,9.96,-3.3333,3780100000,1734500000,1171700000,3038300000,2045600000,1866600000,5299300000,741000000,6.86,None,11.98,6.39
2025-12-28,LEG,1.61,4172900000.0,6.86,None,0.765,7.17,,205800000,307000000,307000000,,,,,,,,,2000000,137300000,None,4386500000,4386500000,521799999,None,301000000,648700000,None,None,171100000,,0.2,0.0183,,,,1.785,-0.01,375900000,547000000,0.3,2024-06-30,804100000,749700000.0,912800000,356200000,104900000,156100000,156100000,None,46700000,None,755400000,None,None,1702100000,None,None,251300000,None,None,None,0.068,,479100000,433700000,77500000,288000000,None,90400000,None,,,,,-4.11,1.525,0.359,,,,,,,,0.0538,,None,2025-10-27,quarterly,0.29,USD,pre-market,25000000,2019300000,0.0408,0.262,-0.059,30.2,468800000,2208900000,358100000,None,9.22,9.96,-3.3333,3838800000,1788600000,1167900000,3170500000,2050200000,2002600000,5299300000,667600000,6.86,None,11.98,6.39
2025-12-28,LEG,1.61,4172900000.0,6.86,None,0.765,7.17,,216500000,361300000,361300000,,,,,,,,,2000000,137300000,None,4386500000,4386500000,495600000,None,303800000,635100000,None,None,171100000,,0.2,0.0183,,,,1.785,-0.01,375900000,547000000,0.3,2024-03-31,1481600000,749700000.0,912800000,356200000,104900000,161800000,161800000,None,46700000,None,807400000,None,None,1772900000,None,None,251300000,None,None,None,0.068,,479100000,433700000,56500000,330900000,None,105200000,None,,,,,-4.11,1.525,0.359,,,,,,,,0.0538,,None,2025-10-27,quarterly,0.29,USD,pre-market,25000000,2629600000,0.0408,0.262,-0.059,30.2,468800000,2293200000,361800000,None,9.22,9.96,-3.3333,4614800000,1860300000,1188300000,3325300000,2754500000,2137000000,5299300000,1288800000,6.86,None,11.98,6.39
2025-12-28,LEG,1.61,4172900000.0,6.86,None,0.765,7.17,,207800000,365500000,365500000,,,,,,,,,2000000,136500000,None,4386500000,4386500000,536200000,None,308000000,637300000,None,None,171100000,,0.2,0.0183,,,,1.785,-0.01,375900000,547000000,0.3,2023-12-31,1489800000,749700000.0,912800000,356200000,104900000,167500000,167500000,None,46700000,None,819700000,None,None,1679600000,None,46800000,251300000,None,None,None,0.068,,479100000,433700000,58900000,340200000,None,17200000,None,,,,,-4.11,1.525,0.359,,,,,,,,0.0538,,None,2025-10-27,quarterly,0.29,USD,pre-market,25000000,2661100000,0.0408,0.262,-0.059,30.2,468800000,2195400000,365300000,None,9.22,9.96,-3.3333,4634500000,1881400000,1262600000,3300500000,2753100000,2037900000,5299300000,1333300000,6.86,None,11.98,6.39
2025-12-28,LEG,1.61,4172900000.0,6.86,None,0.765,7.17,,212400000,273900000,273900000,,,,,,,,,2000000,136800000,None,4386500000,4386500000,534100000,None,8900000,711300000,None,None,171100000,,0.2,0.0183,,,,1.785,-0.01,375900000,547000000,0.3,2023-09-30,1475400000,749700000.0,912800000,356200000,104900000,622500000,622500000,None,46700000,None,834900000,None,None,1963000000,None,None,251300000,None,None,None,0.068,,479100000,433700000,66100000,410200000,None,108600000,None,,,,,-4.11,1.525,0.359,,,,,,,,0.0538,,976800000,2025-10-27,quarterly,0.29,USD,pre-market,25000000,3021300000,0.0408,0.262,-0.059,30.2,468800000,2184300000,64800000,None,9.22,9.96,-3.3333,5077600000,1886200000,1009100000,3441700000,3191400000,2432600000,5299300000,1635100000,6.86,None,11.98,6.39
2025-12-28,LEG,1.61,4172900000.0,6.86,None,0.765,7.17,,223500000,272400000,272400000,,,,,,,,,2000000,136600000,None,4386500000,4386500000,507400000,None,8200000,702700000,None,None,171100000,,0.2,0.0183,,,,1.785,-0.01,375900000,547000000,0.3,2023-06-30,1477100000,749700000.0,912800000,356200000,104900000,760200000,760200000,None,46700000,None,857800000,None,None,2016400000,None,None,251300000,None,None,None,0.068,,479100000,433700000,72900000,327400000,None,289500000,None,,,,,-4.11,1.525,0.359,,,,,,,,0.0538,,1001200000,2025-10-27,quarterly,0.29,USD,pre-market,25000000,3031200000,0.0408,0.262,-0.059,30.2,468800000,2471600000,120800000,None,9.22,9.96,-3.3333,5144300000,1905800000,955600000,3475700000,3238500000,2520100000,5299300000,1668600000,6.86,None,11.98,6.39
2025-12-28,LEG,1.61,4172900000.0,6.86,None,0.765,7.17,,231000000,344500000,344500000,,,,,,,,,2000000,136300000,None,4386500000,4386500000,552200000,None,8900000,718200000,None,None,171100000,,0.2,0.0183,,,,1.785,-0.01,375900000,547000000,0.3,2023-03-31,1473600000,749700000.0,912800000,356200000,104900000,660400000,660400000,None,46700000,None,892700000,None,None,2108900000,None,None,251300000,None,None,None,0.068,,479100000,433700000,59400000,352400000,None,305700000,None,,,,,-4.11,1.525,0.359,,,,,,,,0.0538,,1007700000,2025-10-27,quarterly,0.29,USD,pre-market,25000000,3039600000,0.0408,0.262,-0.059,30.2,468800000,2348800000,64000000,None,9.22,9.96,-3.3333,5270000000,2014800000,968600000,3602900000,3255200000,2634300000,5299300000,1666500000,6.86,None,11.98,6.39
2025-12-28,LEG,1.61,4172900000.0,6.86,-1496100000,0.765,7.17,,203100000,316500000,316500000,,,,,,,,,2000000,136100000,None,4386500000,4386500000,518400000,None,9400000,675000000,None,None,171100000,,0.2,0.0183,,,,1.785,-0.01,375900000,547000000,0.3,2022-12-31,1474400000,749700000.0,912800000,356200000,104900000,675400000,675400000,None,46700000,None,907500000,None,None,2074200000,None,39700000,251300000,None,None,None,0.068,,479100000,433700000,59000000,343500000,None,279700000,None,,,,,-4.11,1.525,0.359,,,,,,,,0.0538,,967400000,2025-10-27,quarterly,0.29,USD,pre-market,25000000,3046000000,0.0408,0.262,-0.059,30.2,468800000,2286700000,58900000,None,9.22,9.96,-3.3333,5186100000,1958000000,968100000,3544700000,3228100000,2576600000,5299300000,1640700000,6.86,None,11.98,6.39
2025-12-28,LEG,1.61,4172900000.0,6.86,-1470800000,0.765,7.17,,195800000,226200000,226200000,,,,,,,,,2000000,136100000,None,4386500000,4386500000,512500000,None,7400000,730300000,None,None,171100000,,0.2,0.0183,,,,1.785,-0.01,375900000,547000000,0.3,2022-09-30,1449600000,749700000.0,912800000,356200000,104900000,689100000,689100000,None,46700000,None,976000000,None,None,2133600000,None,None,251300000,None,None,None,0.068,,479100000,433700000,68500000,400400000,None,298300000,None,,,,,-4.11,1.525,0.359,,,,,,,,0.0538,,932000000,2025-10-27,quarterly,0.29,USD,pre-market,25000000,3053000000,0.0408,0.262,-0.059,30.2,468800000,2336800000,52100000,None,9.22,9.96,-3.3333,5175200000,2001000000,965000000,3612400000,3174200000,2647400000,5299300000,1562200000,6.86,-1883500000,11.98,6.39
2025-12-28,LEG,1.61,4172900000.0,6.86,-1476300000,0.765,7.17,,194300000,269900000,269900000,,,,,,,,,2000000,136700000,None,4386500000,4386500000,602000000,None,301300000,722600000,None,None,171100000,,0.2,0.0183,,,,1.785,-0.01,375900000,547000000,0.3,2022-06-30,1430400000,749700000.0,912800000,356200000,104900000,665500000,665500000,None,46700000,None,1026900000,None,None,1789500000,None,None,251300000,None,None,None,0.068,,479100000,433700000,72400000,383300000,None,283300000,None,,,,,-4.11,1.525,0.359,,,,,,,,0.0538,,939700000,2025-10-27,quarterly,0.29,USD,pre-market,25000000,3041300000,0.0408,0.262,-0.059,30.2,468800000,2285100000,346100000,None,9.22,9.96,-3.3333,5230600000,2091800000,1331400000,3616000000,3138800000,2284600000,5299300000,1614000000,6.86,-1881400000,11.98,6.39
2025-12-28,LEG,1.61,4172900000.0,6.86,-1481700000,0.765,7.17,,195800000,327300000,327300000,,,,,,,,,2000000,136900000,None,4386500000,4386500000,622000000,None,301300000,704900000,None,None,171100000,,0.2,0.0183,,,,1.785,-0.01,375900000,547000000,0.3,2022-03-31,1445600000,749700000.0,912800000,356200000,104900000,688100000,688100000,None,46700000,None,1045800000,None,None,1803100000,None,None,251300000,None,None,None,0.068,,479100000,433700000,60000000,382100000,None,296400000,None,,,,,-4.11,1.525,0.359,,,,,,,,0.0538,,768600000,2025-10-27,quarterly,0.29,USD,pre-market,25000000,3006000000,0.0408,0.262,-0.059,30.2,468800000,2300200000,347100000,None,9.22,9.96,-3.3333,5341800000,2138000000,1351200000,3670400000,3203800000,2319200000,5299300000,1670800000,6.86,-1848400000,11.98,6.39
2025-12-28,LEG,1.61,4172900000.0,6.86,-1469700000,0.765,7.17,,197500000,361700000,361700000,,,,,,,,,2000000,137000000,None,4386500000,4386500000,613800000,None,300600000,651500000,None,None,171100000,,0.2,0.0183,,,,1.785,-0.01,375900000,547000000,0.3,2021-12-31,1449600000,749700000.0,912800000,356200000,104900000,818300000,818300000,None,46700000,None,993200000,None,None,1789700000,None,47400000,251300000,None,None,None,0.068,,479100000,433700000,58900000,321000000,None,315900000,None,,,,,-4.11,1.525,0.359,,,,,,,,0.0538,,974100000,2025-10-27,quarterly,0.29,USD,pre-market,25000000,2973000000,0.0408,0.262,-0.059,30.2,468800000,2287800000,345100000,None,9.22,9.96,-3.3333,5307300000,2065300000,1335700000,3658700000,3242000000,2323000000,5299300000,1648600000,6.86,-1846600000,11.98,6.39
2025-12-28,LEG,1.61,4172900000.0,6.86,-1452400000,0.765,7.17,,192700000,234700000,234700000,,,,,,,,,2000000,136900000,None,4386500000,4386500000,607100000,None,300400000,699100000,None,None,171100000,,0.2,0.0183,,,,1.785,-0.01,375900000,547000000,0.3,2021-09-30,1456700000,749700000.0,912800000,356200000,104900000,718600000,718600000,None,46700000,None,970200000,None,None,1765600000,None,None,251300000,None,None,None,0.068,,479100000,433700000,79600000,386900000,None,334200000,None,,,,,-4.11,1.525,0.359,,,,,,,,0.0538,,780300000,2025-10-27,quarterly,0.29,USD,pre-market,25000000,2924800000,0.0408,0.262,-0.059,30.2,468800000,2258700000,344000000,12300000,9.22,9.96,-3.3333,5235100000,1983600000,1338000000,3657500000,3251500000,2319500000,5299300000,1575800000,6.86,-1848000000,11.98,6.39
2025-12-28,LEG,1.61,4172900000.0,6.86,-1457300000,0.765,7.17,,170900000,231600000,231600000,,,,,,,,,2000000,136800000,None,4386500000,4386500000,612000000,None,50800000,704800000,None,None,171100000,,0.2,0.0183,,,,1.785,-0.01,375900000,547000000,0.3,2021-06-30,1459400000,749700000.0,912800000,356200000,104900000,737600000,737600000,None,46700000,None,893000000,None,None,1974900000,None,None,251300000,None,None,None,0.068,,479100000,433700000,65400000,400100000,None,186600000,None,,,,,-4.11,1.525,0.359,,,,,,,,0.0538,,952900000,2025-10-27,quarterly,0.29,USD,pre-market,25000000,2885000000,0.0408,0.262,-0.059,30.2,468800000,2196600000,95000000,None,9.22,9.96,-3.3333,5150100000,1894800000,1107100000,3614100000,3255300000,2507000000,5299300000,1534200000,6.86,-1850100000,11.98,6.39
2025-12-28,LEG,1.61,4172900000.0,6.86,-1413900000,0.765,7.17,,158200000,333800000,333800000,,,,,,,,,2000000,136300000,None,4386500000,4386500000,536299999,None,50800000,602900000,None,None,171100000,,0.2,0.0183,,,,1.785,-0.01,375900000,547000000,0.3,2021-03-31,1392500000,749700000.0,912800000,356200000,104900000,695900000,695900000,None,46700000,None,801800000,None,None,1952900000,None,None,251300000,None,None,None,0.068,,479100000,433700000,50500000,365700000,None,297600000,None,,,,,-4.11,1.525,0.359,,,,,,,,0.0538,,775300000,2025-10-27,quarterly,0.29,USD,pre-market,25000000,2829900000,0.0408,0.262,-0.059,30.2,468800000,2161900000,93600000,None,9.22,9.96,-3.3333,4911600000,1789000000,995600000,3455400000,3122600000,2459800000,5299300000,1455700000,6.86,-1851400000,11.98,6.39
2025-12-28,LEG,1.61,4172900000.0,6.86,-1395900000,0.765,7.17,,164500000,348900000,348900000,,,,,,,,,2000000,136200000,None,4386500000,4386500000,552200000,None,50900000,563600000,None,None,171100000,,0.2,0.0183,,,,1.785,-0.01,375900000,547000000,0.3,2020-12-31,1388800000,749700000.0,912800000,356200000,104900000,806700000,806700000,None,46700000,None,645500000,None,None,1849300000,None,46300000,251300000,None,None,None,0.068,,479100000,433700000,54100000,309400000,None,314200000,None,,,,,-4.11,1.525,0.359,,,,,,,,0.0538,,784800000,2025-10-27,quarterly,0.29,USD,pre-market,25000000,2762400000,0.0408,0.262,-0.059,30.2,468800000,2064700000,93300000,None,9.22,9.96,-3.3333,4754000000,1612100000,1006000000,3363700000,3141900000,2357700000,5299300000,1390300000,6.86,-1865400000,11.98,6.39
2025-12-28,LEG,1.61,4172900000.0,6.86,-1366500000,0.765,7.17,,167200000,245000000,245000000,,,,,,,,,2000000,136100000,None,4386500000,4386500000,494100000,None,51100000,642300000,None,None,171100000,,0.2,0.0183,,,,1.785,-0.01,375900000,547000000,0.3,2020-09-30,1380300000,749700000.0,912800000,356200000,104900000,815100000,815100000,None,46700000,None,585300000,None,None,1909100000,None,None,251300000,None,None,None,0.068,,479100000,433700000,45700000,318400000,None,302700000,None,,,,,-4.11,1.525,0.359,,,,,,,,0.0538,,785700000,2025-10-27,quarterly,0.29,USD,pre-market,25000000,2713500000,0.0408,0.262,-0.059,30.2,468800000,2169300000,134900000,None,9.22,9.96,-3.3333,4663800000,1518300000,947400000,3363800000,3145500000,2416400000,5299300000,1300000000,6.86,-1867600000,11.98,6.39
2025-12-28,LEG,1.61,4172900000.0,6.86,-1329400000,0.765,7.17,,170400000,208800000,208800000,,,,,,,,,2000000,135700000,None,4386500000,4386500000,361400000,None,51100000,577300000,None,None,171100000,,0.2,0.0183,,,,1.785,-0.01,375900000,547000000,0.3,2020-06-30,1373500000,749700000.0,912800000,356200000,104900000,833000000,833000000,None,46700000,None,574100000,None,None,2083200000,None,None,251300000,None,None,None,0.068,,479100000,433700000,50100000,279400000,None,296600000,None,,,,,-4.11,1.525,0.359,,,,,,,,0.0538,,797400000,2025-10-27,quarterly,0.29,USD,pre-market,25000000,2663100000,0.0408,0.262,-0.059,30.2,468800000,2346500000,134700000,None,9.22,9.96,-3.3333,4582100000,1410300000,775500000,3367500000,3171800000,2592000000,5299300000,1214600000,6.86,-1871500000,11.98,6.39
2025-12-28,LEG,1.61,4172900000.0,6.86,-1298100000,0.765,7.17,,157500000,505800000,505800000,,,,,,,,,2000000,135600000,None,4386500000,4386500000,429100000,None,51200000,546000000,None,None,171100000,,0.2,0.0183,,,,1.785,-0.01,375900000,547000000,0.3,2020-03-31,1391400000,749700000.0,912800000,356200000,104900000,744000000,744000000,None,46700000,None,655500000,None,None,2415200000,None,None,251300000,None,None,None,0.068,,479100000,433700000,74700000,334800000,None,276400000,None,,,,,-4.11,1.525,0.359,,,,,,,,0.0538,,809500000,2025-10-27,quarterly,0.29,USD,pre-market,25000000,2723500000,0.0408,0.262,-0.059,30.2,468800000,2623900000,90800000,None,9.22,9.96,-3.3333,4982000000,1782000000,854700000,3743400001,3200000000,2888700001,5299300000,1238199999,6.86,-1873500000,11.98,6.39
2025-12-28,LEG,1.61,4172900000.0,6.86,-1320500000,0.765,7.17,,160900000,247600000,247600000,,,,,,,,,2000000,135800000,None,4386500000,4386500000,463400000,None,51100000,591900000,None,None,171100000,,0.2,0.0183,,,,1.785,-0.01,375900000,547000000,0.3,2019-12-31,1406300000,749700000.0,912800000,356200000,104900000,764000000,764000000,None,46700000,None,636700000,None,None,2066500000,None,42500000,251300000,None,None,None,0.068,,479100000,433700000,61900000,352300000,None,295100000,None,,,,,-4.11,1.525,0.359,,,,,,,,0.0538,,830800000,2025-10-27,quarterly,0.29,USD,pre-market,25000000,2734500000,0.0408,0.262,-0.059,30.2,468800000,2278500000,90400000,None,9.22,9.96,-3.3333,4816400000,1538100000,928100000,3503900000,3278300000,2575800000,5299300000,1312500000,6.86,-1883800000,11.98,6.39
2025-12-28,LEG,1.61,4172900000.0,6.86,-1292800000,0.765,7.17,,157000000,242000000,242000000,,,,,,,,,2000000,135400000,None,4386500000,4386500000,467300000,None,51200000,677300000,None,None,171100000,,0.2,0.0183,,,,1.785,-0.01,375900000,547000000,0.3,2019-09-30,1392000000,749700000.0,912800000,356200000,104900000,770600000,770600000,None,46700000,None,635800000,None,None,2197100000,None,None,251300000,None,None,None,0.068,,479100000,433700000,49500000,364300000,None,267200000,None,,,,,-4.11,1.525,0.359,,,,,,,,0.0538,,817300000,2025-10-27,quarterly,0.29,USD,pre-market,25000000,2701800000,0.0408,0.262,-0.059,30.2,468800000,2405300000,89200000,None,9.22,9.96,-3.3333,4857800000,1604600000,920800000,3602200000,3253200000,2681400000,5299300000,1255600000,6.86,-1884200000,11.98,6.39
2025-12-28,LEG,1.61,4172900000.0,6.86,-1290100000,0.765,7.17,,169900000,289700000,289700000,,,,,,,,,2000000,135200000,None,4386500000,4386500000,452900000,None,51300000,700300000,None,None,171100000,,0.2,0.0183,,,,1.785,-0.01,375900000,547000000,0.3,2019-06-30,1398400000,749700000.0,912800000,356200000,104900000,790100000,790100000,None,46700000,None,656700000,None,None,2363500000,None,None,251300000,None,None,None,0.068,,479100000,433700000,56300000,357600000,None,280600000,None,,,,,-4.11,1.525,0.359,,,,,,,,0.0538,,817900000,2025-10-27,quarterly,0.29,USD,pre-market,25000000,2656200000,0.0408,0.262,-0.059,30.2,468800000,2584700000,89800000,None,9.22,9.96,-3.3333,5002000000,1703000000,900300000,3763200000,3299000000,2862900000,5299300000,1238800000,6.86,-1887900000,11.98,6.39
2025-12-28,LEG,1.61,4172900000.0,6.86,-1266100000,0.765,7.17,,157200000,263300000,263300000,,,,,,,,,2000000,135000000,None,4386500000,4386500000,431200000,None,51400000,665300000,None,None,171100000,,0.2,0.0183,,,,1.785,-0.01,375900000,547000000,0.3,2019-03-31,1395500000,749700000.0,912800000,356200000,104900000,807900000,807900000,None,46700000,None,676800000,None,None,2409600000,None,None,251300000,None,None,None,0.068,,479100000,433700000,53600000,346300000,None,265900000,None,,,,,-4.11,1.525,0.359,,,,,,,,0.0538,,810300000,2025-10-27,quarterly,0.29,USD,pre-market,25000000,2623900000,0.0408,0.262,-0.059,30.2,468800000,2618200000,89500000,None,9.22,9.96,-3.3333,4953800000,1659000000,867000000,3758600000,3294800000,2891600000,5299300000,1195200000,6.86,-1891600000,11.98,6.39
2025-12-28,LEG,1.61,4172900000.0,6.86,-1252400000,0.765,7.17,,None,268100000,268100000,,,,,,,,,2000000,134700000,None,4386500000,4386500000,465400000,None,1200000,571600000,None,None,171100000,,0.2,0.0183,,,,1.785,-0.01,375900000,547000000,0.3,2018-12-31,833800000,749700000.0,912800000,356200000,104900000,178700000,178700000,None,46700000,None,633900000,None,None,1164300000,None,7100000,251300000,None,None,None,0.068,,479100000,433700000,51000000,328900000,None,155300000,None,,,,,-4.11,1.525,0.359,,,,,,,,0.0538,,728500000,2025-10-27,quarterly,0.29,USD,pre-market,25000000,2613800000,0.0408,0.262,-0.059,30.2,468800000,1169000000,1200000,None,9.22,9.96,-3.3333,3382000000,1524600000,815700000,2224400000,1857400000,1408700000,5299300000,1157600000,6.86,-1908300000,11.98,6.39
2025-12-28,LEG,1.61,4172900000.0,6.86,-1248100000,0.765,7.17,,None,363500000,363500000,,,,,,,,,2000000,134700000,None,4386500000,4386500000,428700000,None,3600000,625500000,None,None,171100000,,0.2,0.0183,,,,1.785,-0.01,375900000,547000000,0.3,2018-09-30,840300000,749700000.0,912800000,356200000,104900000,188400000,188400000,None,46700000,None,634000000,None,None,1353200000,None,None,251300000,None,None,None,0.068,,479100000,433700000,44000000,352600000,None,157400000,None,,,,,-4.11,1.525,0.359,,,,,,,,0.0538,,723000000,2025-10-27,quarterly,0.29,USD,pre-market,25000000,2611700000,0.0408,0.262,-0.059,30.2,468800000,1356800000,3600000,0,9.22,9.96,-3.3333,3549100000,1667000000,784900000,2383100000,1882100000,1598200000,5299300000,1166000000,6.86,-1911200000,11.98,6.39
2025-12-28,LEG,1.61,4172900000.0,6.86,-1230200000,0.765,7.17,,None,446400000,446400000,,,,,,,,,2000000,135000000,None,4386500000,4386500000,450600000,None,153700000,649800000,None,None,171100000,,0.2,0.0183,,,,1.785,-0.01,375900000,547000000,0.3,2018-06-30,839000000,749700000.0,912800000,356200000,104900000,182500000,182500000,None,46700000,None,634200000,None,None,1298000000,None,None,251300000,None,None,None,0.068,,479100000,433700000,52400000,332600000,None,191500000,None,,,,,-4.11,1.525,0.359,,,,,,,,0.0538,,709300000,2025-10-27,quarterly,0.29,USD,pre-market,25000000,2572600000,0.0408,0.262,-0.059,30.2,468800000,1451700000,153700000,0,9.22,9.96,-3.3333,3648600000,1787400000,941500000,2520000000,1861200000,1578500000,5299300000,1128600000,6.86,-1917400000,11.98,6.39
2025-12-28,LEG,1.61,4172900000.0,6.86,-1235500000,0.765,7.17,,None,494600000,494600000,,,,,,,,,2000000,136300000,None,4386500000,4386500000,433400000,None,154000000,658200000,None,None,171100000,,0.2,0.0183,,,,1.785,-0.01,375900000,547000000,0.3,2018-03-31,846800000,749700000.0,912800000,356200000,104900000,191700000,191700000,None,46700000,None,610600000,None,None,1239000000,None,None,251300000,None,None,None,0.068,,479100000,433700000,50700000,390700000,None,186300000,None,,,,,-4.11,1.525,0.359,,,,,,,,0.0538,,710100000,2025-10-27,quarterly,0.29,USD,pre-market,25000000,2538300000,0.0408,0.262,-0.059,30.2,468800000,1393000000,154000000,0,9.22,9.96,-3.3333,3692400000,1814100000,978100000,2496100000,1878300000,1518000000,5299300000,1196300000,6.86,-1868900000,11.98,6.39
2025-12-28,LEG,1.61,4172900000.0,6.86,-1213300000,0.765,7.17,,None,526100000,526100000,,,,,,,,,2000000,136600000,None,4386500000,4386500000,430300000,None,151800000,595100000,None,None,171100000,,0.2,0.0183,,,,1.785,-0.01,375900000,547000000,0.3,2017-12-31,822200000,749700000.0,912800000,356200000,104900000,169100000,169100000,None,46700000,None,571100000,None,None,1097900000,None,7100000,251300000,None,None,None,0.068,,479100000,433700000,74200000,369000000,None,202900000,None,,,,,-4.11,1.525,0.359,,,,,,,,0.0538,,663900000,2025-10-27,quarterly,0.29,USD,pre-market,25000000,2511300000,0.0408,0.262,-0.059,30.2,468800000,1251700000,153800000,0,9.22,9.96,-3.3333,3517800000,1733500000,943200000,2327000000,1784300000,1383800000,5299300000,1190800000,6.86,-1828300000,11.98,6.39
2025-12-28,LEG,1.61,4172900000.0,6.86,-1195800000,0.765,7.17,,None,342900000,342900000,,,,,,,,,2000000,136900000,None,4386500000,4386500000,381800000,None,153300000,585800000,None,None,171100000,,0.2,0.0183,,,,1.785,-0.01,375900000,547000000,0.3,2017-09-30,821400000,749700000.0,912800000,356200000,104900000,171800000,171800000,None,46700000,None,558000000,None,None,1044400000,None,None,251300000,None,None,None,0.068,,479100000,433700000,63000000,356400000,None,152000000,None,,,,,-4.11,1.525,0.359,,,,,,,,0.0538,,644300000,2025-10-27,quarterly,0.29,USD,pre-market,25000000,2523900000,0.0408,0.262,-0.059,30.2,468800000,1197700000,153300000,0,9.22,9.96,-3.3333,3323700000,1549700000,891500000,2150900000,1774000000,1259400000,5299300000,1172800000,6.86,-1830700000,11.98,6.39
2025-12-28,LEG,1.61,4172900000.0,6.86,-1213300000,0.765,7.17,,None,335100000,335100000,,,,,,,,,2000000,137400000,None,4386500000,4386500000,388300000,None,1186900000,577700000,None,None,171100000,,0.2,0.0183,,,,1.785,-0.01,375900000,547000000,0.3,2017-06-30,816300000,749700000.0,912800000,356200000,104900000,176200000,176200000,None,46700000,None,580000000,None,None,1183500000,None,None,251300000,None,None,None,0.068,,479100000,433700000,47400000,350000000,None,165700000,None,,,,,-4.11,1.525,0.359,,,,,,,,0.0538,,616200000,2025-10-27,quarterly,0.29,USD,pre-market,25000000,2490200000,0.0408,0.262,-0.059,30.2,468800000,1186900000,3400000,0,9.22,9.96,-3.3333,3281500000,1540200000,741700000,2147900000,1741300000,1406200000,5299300000,1133600000,6.86,-1799900000,11.98,6.39
2025-12-28,LEG,1.61,4172900000.0,6.86,-1186000000,0.765,7.17,,None,268600000,268600000,,,,,,,,,2000000,138100000,None,4386500000,4386500000,387800000,None,3400000,555400000,None,None,171100000,,0.2,0.0183,,,,1.785,-0.01,375900000,547000000,0.3,2017-03-31,812700000,749700000.0,912800000,356200000,104900000,174600000,174600000,None,46700000,None,556200000,None,None,1119900000,None,None,251300000,None,None,None,0.068,,479100000,433700000,32900000,325400000,None,165700000,None,,,,,-4.11,1.525,0.359,,,,,,,,0.0538,,588800000,2025-10-27,quarterly,0.29,USD,pre-market,25000000,2451600000,0.0408,0.262,-0.059,30.2,468800000,1123300000,3400000,0,9.22,9.96,-3.3333,3119500000,1413100000,716600000,2054100000,1706400000,1337500000,5299300000,1065400000,6.86,-1792900000,11.98,6.39
2025-12-28,LEG,1.61,4172900000.0,6.86,-1165400000,0.765,7.17,,None,281900000,281900000,,,,,,,,,2000000,139200000,None,4386500000,4386500000,351100000,None,3600000,486600000,None,None,171100000,,0.2,0.0183,,,,1.785,-0.01,375900000,547000000,0.3,2016-12-31,791300000,749700000.0,912800000,356200000,104900000,164900000,164900000,None,46700000,None,519600000,None,None,956200000,None,7100000,251300000,None,None,None,0.068,,479100000,433700000,36800000,330700000,None,173000000,None,,,,,-4.11,1.525,0.359,,,,,,,,0.0538,,565500000,2025-10-27,quarterly,0.29,USD,pre-market,25000000,2410500000,0.0408,0.262,-0.059,30.2,468800000,959800000,3600000,0,9.22,9.96,-3.3333,2984100000,1324900000,706600000,1890100000,1659200000,1183500000,5299300000,1094000000,6.86,-1713500000,11.98,6.39
2025-12-28,LEG,1.61,4172900000.0,6.86,-1169500000,0.765,7.17,,None,317300000,317300000,,,,,,,,,2000000,139400000,None,4386500000,4386500000,334900000,None,1000000,543800000,None,None,171100000,,0.2,0.0183,,,,1.785,-0.01,375900000,547000000,0.3,2016-09-30,800500000,749700000.0,912800000,356200000,104900000,177700000,177700000,None,46700000,None,518600000,None,None,1055400000,None,None,251300000,None,None,None,0.068,,479100000,433700000,33600000,351000000,None,171000000,None,,,,,-4.11,1.525,0.359,,,,,,,,0.0538,,554100000,2025-10-27,quarterly,0.29,USD,pre-market,25000000,2375600000,0.0408,0.262,-0.059,30.2,468800000,1056400000,1000000,0,9.22,9.96,-3.3333,3070300000,1413300000,686900000,1966700000,1657000000,1279800000,5299300000,1103600000,6.86,-1700900000,11.98,6.39
2025-12-28,LEG,1.61,4172900000.0,6.86,-1155800000,0.765,7.17,,None,284800000,284800000,,,,,,,,,2000000,140100000,None,4386500000,4386500000,339800000,None,3600000,534700000,None,None,171100000,,0.2,0.0183,,,,1.785,-0.01,375900000,547000000,0.3,2016-06-30,800100000,749700000.0,912800000,356200000,104900000,175200000,175200000,None,46700000,None,523400000,None,None,1044300000,None,None,251300000,None,None,None,0.068,,479100000,433700000,37200000,355600000,None,178300000,None,,,,,-4.11,1.525,0.359,,,,,,,,0.0538,,553100000,2025-10-27,quarterly,0.29,USD,pre-market,25000000,2329000000,0.0408,0.262,-0.059,30.2,468800000,1047900000,3600000,0,9.22,9.96,-3.3333,3031800000,1380100000,699000000,1966200000,1651700000,1267200000,5299300000,1065600000,6.86,-1695400000,11.98,6.39
2025-12-28,LEG,1.61,4172900000.0,6.86,-1164600000,0.765,7.17,,None,250200000,250200000,,,,,,,,,2000000,141200000,None,4386500000,4386500000,332100000,None,3500000,531300000,None,None,171100000,,0.2,0.0183,,,,1.785,-0.01,375900000,547000000,0.3,2016-03-31,817000000,749700000.0,912800000,356200000,104900000,180300000,180300000,None,46700000,None,522100000,None,None,1032000000,None,None,251300000,None,None,None,0.068,,479100000,433700000,38300000,344400000,None,177100000,None,,,,,-4.11,1.525,0.359,,,,,,,,0.0538,,554700000,2025-10-27,quarterly,0.29,USD,pre-market,25000000,2254400000,0.0408,0.262,-0.059,30.2,468800000,1035500000,3500000,0,9.22,9.96,-3.3333,3024400000,1341900000,680000000,1933200000,1682500000,1253200000,5299300000,1091200000,6.86,-1643900000,11.98,6.39
2025-12-28,LEG,1.61,4172900000.0,6.86,-1146500000,0.765,7.17,,None,253200000,253200000,,,,,,,,,2000000,141900000,None,4386500000,4386500000,307200000,None,3400000,520200000,None,None,171100000,,0.2,0.0183,,,,1.785,-0.01,375900000,547000000,0.3,2015-12-31,806100000,749700000.0,912800000,356200000,104900000,188400000,188400000,None,46700000,None,504600000,None,None,945400000,None,7100000,251300000,None,None,None,0.068,,479100000,433700000,33200000,354100000,None,184700000,None,,,,,-4.11,1.525,0.359,,,,,,,,0.0538,,540800000,2025-10-27,quarterly,0.29,USD,pre-market,25000000,2209200000,0.0408,0.262,-0.059,30.2,468800000,948800000,3400000,0,9.22,9.96,-3.3333,2967600000,1311200000,701200000,1869900000,1656400000,1168700000,5299300000,1097700000,6.86,-1564000000,11.98,6.39
2025-12-28,LEG,1.61,4172900000.0,6.86,-1153900000,0.765,7.17,,None,251200000,251200000,,,,,,,,,2000000,142500000,None,4386500000,4386500000,343500000,None,None,529600000,None,None,171100000,,0.2,0.0183,,,,1.785,-0.01,375900000,547000000,0.3,2015-09-30,815400000,749700000.0,912800000,356200000,104900000,200300000,200300000,None,46700000,None,504600000,None,None,989100000,None,None,251300000,None,None,None,0.068,,479100000,433700000,94300000,404100000,None,179900000,None,,,,,-4.11,1.525,0.359,,,,,,,,0.0538,,543700000,2025-10-27,quarterly,0.29,USD,pre-market,25000000,2173400000,0.0408,0.262,-0.059,30.2,468800000,992500000,3400000,0,9.22,9.96,-3.3333,3066200000,1379700000,751000000,1965800000,1686500000,1214800000,5299300000,1100400000,6.86,-1538800000,11.98,6.39
2025-12-28,LEG,1.61,4172900000.0,6.86,-1152100000,0.765,7.17,,None,275100000,275100000,,,,,,,,,2000000,143400000,None,4386500000,4386500000,358600000,None,None,549600000,None,None,171100000,,0.2,0.0183,,,,1.785,-0.01,375900000,547000000,0.3,2015-06-30,822700000,749700000.0,912800000,356200000,104900000,207000000,207000000,None,46700000,None,510800000,None,None,831700000,None,None,251300000,None,None,None,0.068,,479100000,433700000,100700000,403700000,None,187300000,None,,,,,-4.11,1.525,0.359,,,,,,,,0.0538,,538600000,2025-10-27,quarterly,0.29,USD,pre-market,25000000,2123000000,0.0408,0.262,-0.059,30.2,468800000,1033400000,201700000,0,9.22,9.96,-3.3333,3143700000,1436200000,964000000,2033700000,1707500000,1069700000,5299300000,1110000000,6.86,-1502900000,11.98,6.39
2025-12-28,LEG,1.61,4172900000.0,6.86,-1138300000,0.765,7.17,,None,262200000,262200000,,,,,,,,,2000000,143800000,None,4386500000,4386500000,357500000,None,None,532000000,None,None,171100000,,0.2,0.0183,,,,1.785,-0.01,375900000,547000000,0.3,2015-03-31,809000000,749700000.0,912800000,356200000,104900000,211900000,211900000,None,46700000,None,506200000,None,None,798000000,None,None,251300000,None,None,None,0.068,,479100000,433700000,108900000,393400000,None,184900000,None,,,,,-4.11,1.525,0.359,,,,,,,,0.0538,,533200000,2025-10-27,quarterly,0.29,USD,pre-market,25000000,2089000000,0.0408,0.262,-0.059,30.2,468800000,1000200000,202200000,0,9.22,9.96,-3.3333,3103200000,1409300000,953100000,1986800000,1693900000,1033700000,5299300000,1116400000,6.86,-1450100000,11.98,6.39
2025-12-28,LEG,1.61,4172900000.0,6.86,-1193800000,0.765,7.17,,None,332800000,332800000,,,,,,,,,2000000,143100000,None,4386500000,4386500000,369800000,None,201700000,523300000,None,None,171100000,,0.2,0.0183,,,,1.785,-0.01,375900000,547000000,0.3,2014-12-31,829400000,749700000.0,912800000,356200000,104900000,204700000,204700000,None,46700000,None,481600000,None,None,766700000,None,6700000,251300000,None,None,None,0.068,,479100000,433700000,91800000,386000000,None,185000000,None,,,,,-4.11,1.525,0.359,,,,,,,,0.0538,,558900000,2025-10-27,quarterly,0.29,USD,pre-market,25000000,2061300000,0.0408,0.262,-0.059,30.2,468800000,968400000,201700000,0,9.22,9.96,-3.3333,3140600000,1429600000,992200000,1985700000,1711000000,993500000,5299300000,1154900000,6.86,-1416600000,11.98,6.39
2025-12-28,LEG,1.61,4172900000.0,6.86,-1202000000,0.765,7.17,,None,242900000,242900000,,,,,,,,,2000000,142500000,None,4386500000,4386500000,356900000,None,None,584400000,None,None,171100000,,0.2,0.0183,,,,1.785,-0.01,375900000,547000000,0.3,2014-09-30,831500000,749700000.0,912800000,356200000,104900000,213100000,213100000,None,46700000,None,476500000,None,None,619200000,None,None,251300000,None,None,None,0.068,,479100000,433700000,131200000,405900000,None,130000000,None,,,,,-4.11,1.525,0.359,,,,,,,,0.0538,,546600000,2025-10-27,quarterly,0.29,USD,pre-market,25000000,2084800000,0.0408,0.262,-0.059,30.2,468800000,1000800000,381600000,0,9.22,9.96,-3.3333,3184700000,1435000000,1144400000,1956100000,1749700000,811700000,5299300000,1228600000,6.86,-1407100000,11.98,6.39
2025-12-28,LEG,1.61,4172900000.0,6.86,-1287600000,0.765,7.17,,None,304200000,304200000,,,,,,,,,2000000,141400000,None,4386500000,4386500000,376700000,None,None,603400000,None,None,171100000,,0.2,0.0183,,,,1.785,-0.01,375900000,547000000,0.3,2014-06-30,842100000,749700000.0,912800000,356200000,104900000,203500000,203500000,None,46700000,None,527100000,None,None,926000000,None,None,251300000,None,None,None,0.068,,479100000,433700000,54800000,306800000,None,133600000,None,,,,,-4.11,1.525,0.359,,,,,,,,0.0538,,582600000,2025-10-27,quarterly,0.29,USD,pre-market,25000000,2080500000,0.0408,0.262,-0.059,30.2,468800000,1107300000,181300000,0,9.22,9.96,-3.3333,3243400000,1489500000,864800000,1981000000,1753900000,1116200000,5299300000,1262400000,6.86,-1406400000,11.98,6.39
2025-12-28,LEG,1.61,4172900000.0,6.86,-1266800000,0.765,7.17,,None,268600000,268600000,,,,,,,,,2000000,144000000,None,4386500000,4386500000,350200000,None,None,573900000,None,None,171100000,,0.2,0.0183,,,,1.785,-0.01,375900000,547000000,0.3,2014-03-31,926600000,749700000.0,912800000,356200000,104900000,199100000,199100000,None,46700000,None,519500000,None,None,811000000,None,None,251300000,None,None,None,0.068,,479100000,433700000,47800000,302400000,None,130600000,None,,,,,-4.11,1.525,0.359,,,,,,,,0.0538,,564300000,2025-10-27,quarterly,0.29,USD,pre-market,25000000,2146800000,0.0408,0.262,-0.059,30.2,468800000,992400000,181400000,0,9.22,9.96,-3.3333,3221500000,1409800000,834000000,1850600000,1811700000,1016600000,5299300000,1370900000,6.86,-1341000000,11.98,6.39
2025-12-28,LEG,1.61,4172900000.0,6.86,-1266600000,0.765,7.17,,None,272700000,272700000,,,,,,,,,2000000,145900000,None,4386500000,4386500000,339300000,None,None,467400000,None,None,171100000,,0.2,0.0183,,,,1.785,-0.01,375900000,547000000,0.3,2013-12-31,926800000,749700000.0,912800000,356200000,104900000,203400000,203400000,None,46700000,None,495900000,None,None,688400000,None,None,251300000,None,None,None,0.068,,479100000,433700000,45700000,274600000,None,127700000,None,,,,,-4.11,1.525,0.359,,,,,,,,0.0538,,574600000,2025-10-27,quarterly,0.29,USD,pre-market,25000000,2136400000,0.0408,0.262,-0.059,30.2,468800000,869500000,181100000,0,9.22,9.96,-3.3333,3108100000,1281700000,829500000,1708900000,1826400000,879400000,5299300000,1399200000,6.86,-1320700000,11.98,6.39
2025-12-28,LEG,1.61,4172900000.0,6.86,-1261800000,0.765,7.17,,None,298900000,298900000,,,,,,,,,2000000,147000000,None,4386500000,4386500000,326200000,None,None,574700000,None,None,171100000,,0.2,0.0183,,,,1.785,-0.01,375900000,547000000,0.3,2013-09-30,992200000,749700000.0,912800000,356200000,104900000,210700000,210700000,None,46700000,None,488900000,None,None,957500000,None,None,251300000,None,None,None,0.068,,479100000,433700000,45400000,311500000,None,158200000,None,,,,,-4.11,1.525,0.359,,,,,,,,0.0538,,579900000,2025-10-27,quarterly,0.29,USD,pre-market,25000000,2174000000,0.0408,0.262,-0.059,30.2,468800000,958600000,1100000,0,9.22,9.96,-3.3333,3305100000,1407900000,638800000,1841400000,1897200000,1202600000,5299300000,1463700000,6.86,-1263900000,11.98,6.39
2025-12-28,LEG,1.61,4172900000.0,6.86,-1241700000,0.765,7.17,,None,280300000,280300000,,,,,,,,,2000000,148100000,None,4386500000,4386500000,338300000,None,None,553000000,None,None,171100000,,0.2,0.0183,,,,1.785,-0.01,375900000,547000000,0.3,2013-06-30,982900000,749700000.0,912800000,356200000,104900000,209600000,209600000,None,46700000,None,510400000,None,None,973900000,None,None,251300000,None,None,None,0.068,,479100000,433700000,43500000,290600000,None,158500000,None,,,,,-4.11,1.525,0.359,,,,,,,,0.0538,,562100000,2025-10-27,quarterly,0.29,USD,pre-market,25000000,2146300000,0.0408,0.262,-0.059,30.2,468800000,975700000,1800000,0,9.22,9.96,-3.3333,3278700000,1387200000,630700000,1845000000,1891500000,1214300000,5299300000,1433700000,6.86,-1238300000,11.98,6.39
2025-12-28,LEG,1.61,4172900000.0,6.86,-1245700000,0.765,7.17,,None,449400000,449400000,,,,,,,,,2000000,148000000,None,4386500000,4386500000,320000000,None,None,528600000,None,None,171100000,,0.2,0.0183,,,,1.785,-0.01,375900000,547000000,0.3,2013-03-31,984200000,749700000.0,912800000,356200000,104900000,211300000,211300000,None,46700000,None,502500000,None,None,953800000,None,None,251300000,None,None,None,0.068,,479100000,433700000,44200000,271200000,None,162300000,None,,,,,-4.11,1.525,0.359,,,,,,,,0.0538,,566800000,2025-10-27,quarterly,0.29,USD,pre-market,25000000,2117200000,0.0408,0.262,-0.059,30.2,468800000,1155200000,201400000,0,9.22,9.96,-3.3333,3427900000,1524700000,792600000,1988000000,1903200000,1195400000,5299300000,1439900000,6.86,-1204900000,11.98,6.39
2025-12-28,LEG,1.61,4172900000.0,6.86,-1237400000,0.765,7.17,,None,359100000,359100000,,,,,,,,,2000000,147200000,None,4386500000,4386500000,285400000,None,None,446200000,None,None,171100000,,0.2,0.0183,,,,1.785,-0.01,375900000,547000000,0.3,2012-12-31,991500000,749700000.0,912800000,356200000,104900000,206300000,206300000,None,46700000,None,489000000,None,None,853900000,None,None,251300000,None,None,None,0.068,,479100000,433700000,44800000,215700000,None,158200000,None,,,,,-4.11,1.525,0.359,,,,,,,,0.0538,,572800000,2025-10-27,quarterly,0.29,USD,pre-market,25000000,2109600000,0.0408,0.262,-0.059,30.2,468800000,1055400000,201500000,0,9.22,9.96,-3.3333,3254900000,1339100000,731000000,1812700000,1915800000,1081700000,5299300000,1442200000,6.86,-1206700000,11.98,6.39
2025-12-28,LEG,1.61,4172900000.0,6.86,-1240800000,0.765,7.17,,None,264900000,264900000,,,,,,,,,2000000,146100000,None,4386500000,4386500000,292000000,None,None,589700000,None,None,171100000,,0.2,0.0183,,,,1.785,-0.01,375900000,547000000,0.3,2012-09-30,985100000,749700000.0,912800000,356200000,104900000,205300000,205300000,None,46700000,None,471200000,None,None,860200000,None,None,251300000,None,None,None,0.068,,479100000,433700000,52900000,301900000,None,127500000,None,,,,,-4.11,1.525,0.359,,,,,,,,0.0538,,575400000,2025-10-27,quarterly,0.29,USD,pre-market,25000000,2079400000,0.0408,0.262,-0.059,30.2,468800000,1062000000,201800000,0,9.22,9.96,-3.3333,3245900000,1378700000,795700000,1845100000,1867200000,1049400000,5299300000,1400800000,6.86,-1224100000,11.98,6.39
2025-12-28,LEG,1.61,4172900000.0,6.86,-1209300000,0.765,7.17,,None,271200000,271200000,,,,,,,,,2000000,145400000,None,4386500000,4386500000,320200000,None,None,557600000,None,None,171100000,,0.2,0.0183,,,,1.785,-0.01,375900000,547000000,0.3,2012-06-30,976600000,749700000.0,912800000,356200000,104900000,209100000,209100000,None,46700000,None,517600000,None,None,821000000,None,None,251300000,None,None,None,0.068,,479100000,433700000,70400000,358700000,None,130900000,None,,,,,-4.11,1.525,0.359,,,,,,,,0.0538,,581100000,2025-10-27,quarterly,0.29,USD,pre-market,25000000,2055600000,0.0408,0.262,-0.059,30.2,468800000,1022900000,201900000,0,9.22,9.96,-3.3333,3240100000,1400100000,880800000,1893100000,1840000000,1012300000,5299300000,1347000000,6.86,-1232600000,11.98,6.39
2025-12-28,LEG,1.61,4172900000.0,6.86,-1208800000,0.765,7.17,,None,261200000,261200000,,,,,,,,,2000000,145100000,None,4386500000,4386500000,298200000,None,None,571600000,None,None,171100000,,0.2,0.0183,,,,1.785,-0.01,375900000,547000000,0.3,2012-03-31,985100000,749700000.0,912800000,356200000,104900000,215400000,215400000,None,46700000,None,473300000,None,None,1046800000,None,None,251300000,None,None,None,0.068,,479100000,433700000,44100000,325400000,None,132100000,None,,,,,-4.11,1.525,0.359,,,,,,,,0.0538,,592400000,2025-10-27,quarterly,0.29,USD,pre-market,25000000,2031100000,0.0408,0.262,-0.059,30.2,468800000,1049300000,2500000,0,9.22,9.96,-3.3333,3212700000,1350200000,626100000,1869500000,1862500000,1243400000,5299300000,1343200000,6.86,-1239500000,11.98,6.39
2025-12-28,LEG,1.61,4172900000.0,6.86,-1193200000,0.765,7.17,,None,236300000,236300000,,,,,,,,,2000000,143600000,None,4386500000,4386500000,256600000,None,None,503600000,None,None,171100000,,0.2,0.0183,,,,1.785,-0.01,375900000,547000000,0.3,2011-12-31,926600000,749700000.0,912800000,356200000,104900000,116600000,116600000,None,46700000,None,441000000,None,None,833300000,None,None,251300000,None,None,None,0.068,,479100000,433700000,43100000,316600000,None,130300000,None,,,,,-4.11,1.525,0.359,,,,,,,,0.0538,,580600000,2025-10-27,quarterly,0.29,USD,pre-market,25000000,2027400000,0.0408,0.262,-0.059,30.2,468800000,835800000,2500000,0,9.22,9.96,-3.3333,2915100000,1224000000,586000000,1607400000,1691100000,1021400000,5299300000,1297200000,6.86,-1254300000,11.98,6.39
2025-12-28,LEG,1.61,4172900000.0,6.86,-1203800000,0.765,7.17,,None,276700000,276700000,,,,,,,,,2000000,145100000,None,4386500000,4386500000,232100000,None,None,546600000,None,None,171100000,,0.2,0.0183,,,,1.785,-0.01,375900000,547000000,0.3,2011-09-30,924800000,749700000.0,912800000,356200000,104900000,139700000,139700000,None,46700000,None,448900000,None,None,897300000,None,None,251300000,None,None,None,0.068,,479100000,433700000,36200000,308000000,None,113200000,None,,,,,-4.11,1.525,0.359,,,,,,,,0.0538,,600900000,2025-10-27,quarterly,0.29,USD,pre-market,25000000,2058800000,0.0408,0.262,-0.059,30.2,468800000,907100000,9800000,0,9.22,9.96,-3.3333,3079300000,1308400000,549900000,1563800000,1770900000,1013900000,5299300000,1515500000,6.86,-1261300000,11.98,6.39
2025-12-28,LEG,1.61,4172900000.0,6.86,-1211800000,0.765,7.17,,None,203300000,203300000,,,,,,,,,2000000,147400000,None,4386500000,4386500000,282300000,None,None,567900000,None,None,171100000,,0.2,0.0183,,,,1.785,-0.01,375900000,547000000,0.3,2011-06-30,946700000,749700000.0,912800000,356200000,104900000,143300000,143300000,None,46700000,None,507100000,None,None,856600000,None,None,251300000,None,None,None,0.068,,479100000,433700000,39600000,293300000,None,129200000,None,,,,,-4.11,1.525,0.359,,,,,,,,0.0538,,618000000,2025-10-27,quarterly,0.29,USD,pre-market,25000000,2053700000,0.0408,0.262,-0.059,30.2,468800000,858800000,2200000,0,9.22,9.96,-3.3333,3094700000,1317900000,577800000,1640000000,1776800000,1062200000,5299300000,1454700000,6.86,-1214500000,11.98,6.39
2025-12-28,LEG,1.61,4172900000.0,6.86,-1197800000,0.765,7.17,,None,247200000,247200000,,,,,,,,,2000000,154300000,None,4386500000,4386500000,301800000,None,None,575600000,None,None,171100000,,0.2,0.0183,,,,1.785,-0.01,375900000,547000000,0.3,2011-03-31,940200000,749700000.0,912800000,356200000,104900000,147900000,147900000,None,46700000,None,438600000,None,None,821900000,None,None,251300000,None,None,None,0.068,,479100000,433700000,46300000,254900000,None,127500000,None,,,,,-4.11,1.525,0.359,,,,,,,,0.0538,,616100000,2025-10-27,quarterly,0.29,USD,pre-market,25000000,2038100000,0.0408,0.262,-0.059,30.2,468800000,832200000,10000000,0,9.22,9.96,-3.3333,3090700000,1279500000,566700000,1551200000,1811200000,984500000,5299300000,1539500000,6.86,-1180900000,11.98,6.39
2025-12-28,LEG,1.61,4172900000.0,6.86,-1173900000,0.765,7.17,,None,244500000,244500000,,,,,,,,,2000000,152600000,None,4386500000,4386500000,226400000,None,None,478900000,None,None,171100000,,0.2,0.0183,,,,1.785,-0.01,375900000,547000000,0.3,2010-12-31,930300000,749700000.0,912800000,356200000,104900000,152300000,152300000,None,46700000,None,435300000,None,None,762200000,None,None,251300000,None,None,None,0.068,,479100000,433700000,60400000,294400000,None,121900000,None,,,,,-4.11,1.525,0.359,,,,,,,,0.0538,,649100000,2025-10-27,quarterly,0.29,USD,pre-market,25000000,2033300000,0.0408,0.262,-0.059,30.2,468800000,764400000,2200000,0,9.22,9.96,-3.3333,3001000000,1219100000,523000000,1476600000,1781900000,953600000,5299300000,1507300000,6.86,-1093000000,11.98,6.39
2025-12-28,LEG,1.61,4172900000.0,6.86,-1153500000,0.765,7.17,,None,276700000,276700000,,,,,,,,,2000000,152900000,None,4386500000,4386500000,232100000,None,None,546600000,None,None,171100000,,0.2,0.0183,,,,1.785,-0.01,375900000,547000000,0.3,2010-09-30,916100000,749700000.0,912800000,356200000,104900000,156000000,156000000,None,46700000,None,448900000,None,None,833500000,None,None,251300000,None,None,None,0.068,,479100000,433700000,36200000,308000000,None,121800000,None,,,,,-4.11,1.525,0.359,,,,,,,,0.0538,,646000000,2025-10-27,quarterly,0.29,USD,pre-market,25000000,2039100000,0.0408,0.262,-0.059,30.2,468800000,843300000,9800000,0,9.22,9.96,-3.3333,3079300000,1308400000,549900000,1563800000,1770900000,1013900000,5299300000,1491600000,6.86,-1085800000,11.98,6.39
2025-12-28,LEG,1.61,4172900000.0,6.86,-1131100000,0.765,7.17,,None,243500000,243500000,,,,,,,,,2000000,153800000,None,4386500000,4386500000,256900000,None,None,537200000,None,None,171100000,,0.2,0.0183,,,,1.785,-0.01,375900000,547000000,0.3,2010-06-30,904200000,749700000.0,912800000,356200000,104900000,160400000,160400000,None,46700000,None,451500000,None,None,854800000,None,None,251300000,None,None,None,0.068,,479100000,433700000,74800000,304700000,None,117800000,None,,,,,-4.11,1.525,0.359,,,,,,,,0.0538,,651900000,2025-10-27,quarterly,0.29,USD,pre-market,25000000,2032300000,0.0408,0.262,-0.059,30.2,468800000,864800000,10000000,18700000,9.22,9.96,-3.3333,3079300000,1307000000,571600000,1591000000,1772300000,1019400000,5299300000,1465200000,6.86,-1083200000,11.98,6.39
2025-12-28,LEG,1.61,4172900000.0,6.86,None,0.765,7.17,,None,247200000,247200000,,,,,,,,,2000000,154300000,None,4386500000,4386500000,240600000,None,None,545400000,None,None,171100000,,0.2,0.0183,,,,1.785,-0.01,375900000,547000000,0.3,2010-03-31,922100000,749700000.0,912800000,356200000,104900000,165400000,165400000,None,46700000,None,438600000,None,None,822200000,None,None,251300000,None,None,None,0.068,,479100000,433700000,48300000,316100000,None,None,None,,,,,-4.11,1.525,0.359,,,,,,,,0.0538,,641400000,2025-10-27,quarterly,0.29,USD,pre-market,25000000,2018900000,0.0408,0.262,-0.059,30.2,468800000,832200000,10000000,16800000,9.22,9.96,-3.3333,3090700000,1279500000,566700000,1551200000,1811200000,984500000,5299300000,1517900000,6.86,-1051800000,11.98,6.39
2025-12-28,LEG,1.61,4172900000.0,6.86,None,0.765,7.17,,None,260500000,260500000,,,,,,,,,2000000,152600000,None,4386500000,4386500000,199400000,None,None,469500000,None,None,171100000,,0.2,0.0183,,,,1.785,-0.01,375900000,547000000,0.3,2009-12-31,928200000,749700000.0,912800000,356200000,104900000,171100000,171100000,None,46700000,None,409100000,None,None,789300000,None,None,251300000,None,None,None,0.068,,479100000,433700000,74500000,325600000,None,None,None,,,,,-4.11,1.525,0.359,,,,,,,,0.0538,,668600000,2025-10-27,quarterly,0.29,USD,pre-market,25000000,2013300000,0.0408,0.262,-0.059,30.2,468800000,799400000,10100000,None,9.22,9.96,-3.3333,3061200000,1213600000,535100000,1485700000,1847600000,950600000,5299300000,1554000000,6.86,-1033800000,11.98,6.39
2025-12-28,LEG,1.61,4172900000.0,6.86,None,0.765,7.17,,None,221500000,221500000,,,,,,,,,2000000,160500000,None,4386500000,4386500000,209300000,None,None,575900000,None,None,171100000,,0.2,0.0183,,,,1.785,-0.01,375900000,547000000,0.3,2009-09-30,917900000,749700000.0,912800000,356200000,104900000,176200000,176200000,None,46700000,None,397400000,None,None,772400000,None,None,251300000,None,None,None,0.068,,479100000,433700000,56100000,327900000,None,None,None,,,,,-4.11,1.525,0.359,,,,,,,,0.0538,,664000000,2025-10-27,quarterly,0.29,USD,pre-market,25000000,2017800000,0.0408,0.262,-0.059,30.2,468800000,774300000,1900000,18500000,9.22,9.96,-3.3333,3095400000,1250900000,539100000,1466500000,1844500000,927400000,5299300000,1609400000,6.86,-965700000,11.98,6.39
2025-12-28,LEG,1.61,4172900000.0,6.86,None,0.765,7.17,,None,222200000,222200000,,,,,,,,,2000000,161800000,None,4386500000,4386500000,186400000,None,None,526500000,None,None,171100000,,0.2,0.0183,,,,1.785,-0.01,375900000,547000000,0.3,2009-06-30,905800000,749700000.0,912800000,356200000,104900000,181200000,181200000,None,46700000,None,411100000,None,None,772800000,None,None,251300000,None,None,None,0.068,,479100000,433700000,60400000,298900000,None,None,None,,,,,-4.11,1.525,0.359,,,,,,,,0.0538,,685600000,2025-10-27,quarterly,0.29,USD,pre-market,25000000,2004300000,0.0408,0.262,-0.059,30.2,468800000,789800000,17000000,25300000,9.22,9.96,-3.3333,3069400000,1220200000,502300000,1403700000,1849200000,901400000,5299300000,1646300000,6.86,-891800000,11.98,6.39
2025-12-28,LEG,1.61,4172900000.0,6.86,None,0.765,7.17,,None,160200000,160200000,,,,,,,,,2000000,161400000,None,4386500000,4386500000,159900000,None,None,526200000,None,None,171100000,,0.2,0.0183,,,,1.785,-0.01,375900000,547000000,0.3,2009-03-31,880900000,749700000.0,912800000,356200000,104900000,182400000,182400000,None,46700000,None,452700000,None,None,793200000,None,None,251300000,None,None,None,0.068,,479100000,433700000,64300000,312100000,None,None,None,,,,,-4.11,1.525,0.359,,,,,,,,0.0538,,671400000,2025-10-27,quarterly,0.29,USD,pre-market,25000000,2025400000,0.0408,0.262,-0.059,30.2,468800000,810300000,17100000,27900000,9.22,9.96,-3.3333,3020600000,1203400000,489100000,1399600000,1817200000,910500000,5299300000,1603300000,6.86,-889600000,11.98,6.39
2025-12-28,LEG,1.61,4172900000.0,6.86,None,0.765,7.17,,None,164700000,164700000,,,,,,,,,2000000,161100000,None,4386500000,4386500000,175300000,None,None,550500000,None,None,171100000,,0.2,0.0183,,,,1.785,-0.01,375900000,547000000,0.3,2008-12-31,875600000,749700000.0,912800000,356200000,104900000,197400000,197400000,None,46700000,None,495000000,None,None,851200000,None,None,251300000,None,None,None,0.068,,479100000,433700000,96600000,326500000,None,None,None,,,,,-4.11,1.525,0.359,,,,,,,,0.0538,,681400000,2025-10-27,quarterly,0.29,USD,pre-market,25000000,2062100000,0.0408,0.262,-0.059,30.2,468800000,873600000,22400000,None,9.22,9.96,-3.3333,3161900000,1306800000,524200000,1508900000,1855100000,984700000,5299300000,1653000000,6.86,-918600000,11.98,6.39
2025-12-28,LEG,1.61,4172900000.0,6.86,None,0.765,7.17,,None,211400000,211400000,,,,,,,,,2000000,166100000,None,4386500000,4386500000,271400000,None,None,743100000,None,None,171100000,,0.2,0.0183,,,,1.785,-0.01,375900000,547000000,0.3,2008-09-30,922700000,749700000.0,912800000,356200000,104900000,220500000,220500000,None,46700000,None,644800000,None,None,998200000,None,None,251300000,None,None,None,0.068,,479100000,433700000,115200000,397300000,None,None,None,,,,,-4.11,1.525,0.359,,,,,,,,0.0538,,722400000,2025-10-27,quarterly,0.29,USD,pre-market,25000000,2120100000,0.0408,0.262,-0.059,30.2,468800000,1015300000,17100000,None,9.22,9.96,-3.3333,3730500000,1714500000,685800000,1831000000,2016000000,1145200000,5299300000,1899500000,6.86,-902900000,11.98,6.39
2025-12-28,LEG,1.61,4172900000.0,6.86,None,0.765,7.17,,None,203100000,203100000,,,,,,,,,2000000,171500000,None,4386500000,4386500000,278800000,None,None,706700000,None,None,171100000,,0.2,0.0183,,,,1.785,-0.01,375900000,547000000,0.3,2008-06-30,938700000,749700000.0,912800000,356200000,104900000,223700000,223700000,None,46700000,None,669200000,None,None,1227900000,None,None,251300000,None,None,None,0.068,,479100000,433700000,386900000,455200000,None,None,None,,,,,-4.11,1.525,0.359,,,,,,,,0.0538,,739600000,2025-10-27,quarterly,0.29,USD,pre-market,25000000,2127800000,0.0408,0.262,-0.059,30.2,468800000,1239300000,11400000,None,9.22,9.96,-3.3333,4218600000,1965900000,745400000,2138000000,2252700000,1392600000,5299300000,2080600000,6.86,-756200000,11.98,6.39
2025-12-28,LEG,1.61,4172900000.0,6.86,None,0.765,7.17,,None,188100000,188100000,,,,,,,,,2000000,173200000,None,4386500000,4386500000,242200000,None,None,685800000,None,None,171100000,,0.2,0.0183,,,,1.785,-0.01,375900000,547000000,0.3,2008-03-31,927900000,749700000.0,912800000,356200000,104900000,227500000,227500000,None,46700000,None,599200000,None,None,1095800000,None,None,251300000,None,None,None,0.068,,479100000,433700000,397500000,456100000,None,None,None,,,,,-4.11,1.525,0.359,,,,,,,,0.0538,,736400000,2025-10-27,quarterly,0.29,USD,pre-market,25000000,2123500000,0.0408,0.262,-0.059,30.2,468800000,1170000000,74200000,None,9.22,9.96,-3.3333,4103000000,1870600000,772500000,2015800000,2232400000,1243300000,5299300000,2087200000,6.86,-712100000,11.98,6.39
2025-12-28,LEG,1.61,4172900000.0,6.86,None,0.765,7.17,,None,205400000,205400000,,,,,,,,,2000000,173000000,None,4386500000,4386500000,227600000,None,None,640200000,None,None,171100000,,0.2,0.0183,,,,1.785,-0.01,375900000,547000000,0.3,2007-12-31,931300000,749700000.0,912800000,356200000,104900000,232200000,232200000,None,46700000,None,599200000,None,None,1000600000,None,None,251300000,None,None,None,0.068,,479100000,433700000,389600000,483300000,None,None,None,,,,,-4.11,1.525,0.359,,,,,,,,0.0538,,726900000,2025-10-27,quarterly,0.29,USD,pre-market,25000000,2122300000,0.0408,0.262,-0.059,30.2,468800000,1089300000,88700000,None,9.22,9.96,-3.3333,4072500000,1834400000,799600000,1939800000,2238100000,1140200000,5299300000,2132700000,6.86,-685100000,11.98,6.39
2025-12-28,LEG,1.61,4172900000.0,6.86,None,0.765,7.17,,None,188300000,188300000,,,,,,,,,2000000,177400000,None,4386500000,4386500000,269800000,None,None,877100000,None,None,171100000,,0.2,0.0183,,,,1.785,-0.01,375900000,547000000,0.3,2007-09-30,1193100000,749700000.0,912800000,356200000,104900000,223400000,223400000,None,46700000,None,754100000,None,None,1067500000,None,None,251300000,None,None,None,0.068,,479100000,433700000,65500000,393400000,None,None,None,,,,,-4.11,1.525,0.359,,,,,,,,0.0538,,964700000,2025-10-27,quarterly,0.29,USD,pre-market,25000000,2377900000,0.0408,0.262,-0.059,30.2,468800000,1159800000,92300000,None,9.22,9.96,-3.3333,4342200000,1885000000,755500000,1995100000,2457200000,1239600000,5299300000,2347100000,6.86,-660700000,11.98,6.39
2025-12-28,LEG,1.61,4172900000.0,6.86,None,0.765,7.17,,None,168200000,168200000,,,,,,,,,2000000,182600000,None,4386500000,4386500000,290400000,None,None,869500000,None,None,171100000,,0.2,0.0183,,,,1.785,-0.01,375900000,547000000,0.3,2007-06-30,1169100000,749700000.0,912800000,356200000,104900000,242900000,242900000,None,46700000,None,811800000,None,None,1054800000,None,None,251300000,None,None,None,0.068,,479100000,433700000,75200000,386500000,None,None,None,,,,,-4.11,1.525,0.359,,,,,,,,0.0538,,962900000,2025-10-27,quarterly,0.29,USD,pre-market,25000000,2343400000,0.0408,0.262,-0.059,30.2,468800000,1137600000,82800000,None,9.22,9.96,-3.3333,4378400000,1924700000,759700000,1988900000,2453700000,1229200000,5299300000,2389500000,6.86,-565400000,11.98,6.39
2025-12-28,LEG,1.61,4172900000.0,6.86,None,0.765,7.17,,None,234600000,234600000,,,,,,,,,2000000,183700000,None,4386500000,4386500000,272100000,None,None,869600000,None,None,171100000,,0.2,0.0183,,,,1.785,-0.01,375900000,547000000,0.3,2007-03-31,1158900000,749700000.0,912800000,356200000,104900000,245400000,245400000,None,46700000,None,808000000,None,None,1139100000,None,None,251300000,None,None,None,0.068,,479100000,433700000,69200000,417600000,None,None,None,,,,,-4.11,1.525,0.359,,,,,,,,0.0538,,965000000,2025-10-27,quarterly,0.29,USD,pre-market,25000000,2315700000,0.0408,0.262,-0.059,30.2,468800000,1188300000,49200000,None,9.22,9.96,-3.3333,4434200000,1981400000,738900000,2053500000,2452800000,1314600000,5299300000,2380700000,6.86,-504900000,11.98,6.39
2025-12-28,LEG,1.61,4172900000.0,6.86,None,0.765,7.17,,None,131900000,131900000,,,,,,,,,2000000,183000000,None,4386500000,4386500000,259000000,None,None,853800000,None,None,171100000,,0.2,0.0183,,,,1.785,-0.01,375900000,547000000,0.3,2006-12-31,1149300000,749700000.0,912800000,356200000,104900000,182900000,182900000,None,46700000,None,826300000,None,None,1060000000,None,None,251300000,None,None,None,0.068,,479100000,433700000,82100000,380200000,None,None,None,,,,,-4.11,1.525,0.359,,,,,,,,0.0538,,962800000,2025-10-27,quarterly,0.29,USD,pre-market,25000000,2270700000,0.0408,0.262,-0.059,30.2,468800000,1112000000,52000000,None,9.22,9.96,-3.3333,4265300000,1894100000,691200000,1914200000,2371200000,1223000000,5299300000,2351100000,6.86,-490600000,11.98,6.39
2025-12-28,LEG,1.61,4172900000.0,6.86,None,0.765,7.17,,None,94100000,94100000,,,,,,,,,2000000,186300000,None,4386500000,4386500000,287800000,None,None,968300000,None,None,171100000,,0.2,0.0183,,,,1.785,-0.01,375900000,547000000,0.3,2006-09-30,1144700000,749700000.0,912800000,356200000,104900000,168400000,168400000,None,46700000,None,806900000,None,None,1048700000,None,None,251300000,None,None,None,0.068,,479100000,433700000,78400000,423200000,None,None,None,,,,,-4.11,1.525,0.359,,,,,,,,0.0538,,962500000,2025-10-27,quarterly,0.29,USD,pre-market,25000000,2231600000,0.0408,0.262,-0.059,30.2,468800000,1099700000,51000000,None,9.22,9.96,-3.3333,4314000000,1947700000,762000000,1967300000,2366300000,1205300000,5299300000,2346700000,6.86,-463600000,11.98,6.39
2025-12-28,LEG,1.61,4172900000.0,6.86,None,0.765,7.17,,None,94800000,94800000,,,,,,,,,2000000,187900000,None,4386500000,4386500000,291800000,None,None,930000000,None,None,171100000,,0.2,0.0183,,,,1.785,-0.01,375900000,547000000,0.3,2006-06-30,1139500000,749700000.0,912800000,356200000,104900000,176900000,176900000,None,46700000,None,806200000,None,None,1032200000,None,None,251300000,None,None,None,0.068,,479100000,433700000,76400000,411900000,None,None,None,,,,,-4.11,1.525,0.359,,,,,,,,0.0538,,970400000,2025-10-27,quarterly,0.29,USD,pre-market,25000000,2178600000,0.0408,0.262,-0.059,30.2,468800000,1082900000,50700000,None,9.22,9.96,-3.3333,4276100000,1907400000,754400000,1948300000,2368700000,1193900000,5299300000,2327800000,6.86,-422400000,11.98,6.39
2025-12-28,LEG,1.61,4172900000.0,6.86,None,0.765,7.17,,None,130300000,130300000,,,,,,,,,2000000,188200000,None,4386500000,4386500000,283100000,None,None,888200000,None,None,171100000,,0.2,0.0183,,,,1.785,-0.01,375900000,547000000,0.3,2006-03-31,1107100000,749700000.0,912800000,356200000,104900000,134500000,134500000,None,46700000,None,771600000,None,None,920900000,None,None,251300000,None,None,None,0.068,,479100000,433700000,72600000,422000000,None,None,None,,,,,-4.11,1.525,0.359,,,,,,,,0.0538,,962700000,2025-10-27,quarterly,0.29,USD,pre-market,25000000,2125600000,0.0408,0.262,-0.059,30.2,468800000,1019600000,98700000,None,9.22,9.96,-3.3333,4148000000,1862700000,803800000,1868800000,2285300000,1065000000,5299300000,2279200000,6.86,-384500000,11.98,6.39
2025-12-28,LEG,1.61,4172900000.0,6.86,None,0.765,7.17,,None,64900000,64900000,,,,,,,,,2000000,187400000,None,4386500000,4386500000,254200000,None,None,847600000,None,None,171100000,,0.2,0.0183,,,,1.785,-0.01,375900000,547000000,0.3,2005-12-31,1102500000,749700000.0,912800000,356200000,104900000,133500000,133500000,None,46700000,None,767100000,None,None,921600000,None,None,251300000,None,None,None,0.068,,479100000,433700000,83700000,327500000,None,None,None,,,,,-4.11,1.525,0.359,,,,,,,,0.0538,,971100000,2025-10-27,quarterly,0.29,USD,pre-market,25000000,2093100000,0.0408,0.262,-0.059,30.2,468800000,1077900000,156300000,None,9.22,9.96,-3.3333,4052600000,1763300000,738000000,1803600000,2289300000,1065600000,5299300000,2249000000,6.86,-376800000,11.98,6.39
2025-12-28,LEG,1.61,4172900000.0,6.86,None,0.765,7.17,,None,251800000,251800000,,,,,,,,,2000000,193800000,None,4386500000,4386500000,278400000,None,None,898600000,None,None,171100000,,0.2,0.0183,,,,1.785,-0.01,375900000,547000000,0.3,2005-09-30,1047100000,749700000.0,912800000,356200000,104900000,82300000,82300000,None,46700000,None,759100000,None,None,898000000,None,None,251300000,None,None,None,0.068,,479100000,433700000,67100000,391700000,None,None,None,,,,,-4.11,1.525,0.359,,,,,,,,0.0538,,949600000,2025-10-27,quarterly,0.29,USD,pre-market,25000000,2077500000,0.0408,0.262,-0.059,30.2,468800000,994800000,96800000,None,9.22,9.96,-3.3333,4136400000,1976600000,766900000,1812700000,2159800000,1045800000,5299300000,2323700000,6.86,-295100000,11.98,6.39
2025-12-28,LEG,1.61,4172900000.0,6.86,None,0.765,7.17,,184500000,350200000,350200000,,,,,,,,,2000000,137300000,None,4386500000,4386500000,497700000,None,1300000,559400000,None,None,171100000,,0.2,0.0183,,,,1.785,-0.01,375900000,547000000,0.3,2024-12-31,794400000,749700000.0,912800000,356200000,104900000,140400000,140400000,None,46700000,None,722600000,None,None,1862800000,None,51400000,251300000,None,None,None,0.068,,479100000,433700000,58300000,263100000,None,10900000,None,,,,,-4.11,1.525,0.359,,,,,,,,0.0538,,903700000,2025-10-27,annual,0.29,USD,pre-market,25000000,2064500000,0.0408,0.262,-0.059,30.2,468800000,2048600000,54700000,None,9.22,9.96,-3.3333,3661600000,1690500000,846400000,2971400000,1971100000,2125000000,5299300000,689400000,6.86,None,11.98,6.39
2025-12-28,LEG,1.61,4172900000.0,6.86,None,0.765,7.17,,207800000,365500000,365500000,,,,,,,,,2000000,136300000,None,4386500000,4386500000,536200000,None,308000000,637300000,None,None,171100000,,0.2,0.0183,,,,1.785,-0.01,375900000,547000000,0.3,2023-12-31,1489800000,749700000.0,912800000,356200000,104900000,167500000,167500000,None,46700000,None,819700000,None,None,1679600000,None,46800000,251300000,None,None,None,0.068,,479100000,433700000,58900000,328100000,None,17200000,None,,,,,-4.11,1.525,0.359,,,,,,,,0.0538,,978400000,2025-10-27,annual,0.29,USD,pre-market,25000000,2661100000,0.0408,0.262,-0.059,30.2,468800000,2195400000,365300000,None,9.22,9.96,-3.3333,4634500000,1881400000,1262600000,3300500000,2753100000,2037900000,5299300000,1333300000,6.86,None,11.98,6.39
2025-12-28,LEG,1.61,4172900000.0,6.86,-1496100000,0.765,7.17,,203100000,316500000,316500000,,,,,,,,,2000000,136500000,None,4386500000,4386500000,518400000,None,9400000,675000000,None,None,171100000,,0.2,0.0183,,,,1.785,-0.01,375900000,547000000,0.3,2022-12-31,1474400000,749700000.0,912800000,356200000,104900000,675400000,675400000,None,46700000,None,907500000,None,None,2074200000,None,39700000,251300000,None,None,None,0.068,,479100000,433700000,59000000,343500000,None,279700000,None,,,,,-4.11,1.525,0.359,,,,,,,,0.0538,,967400000,2025-10-27,annual,0.29,USD,pre-market,25000000,3046000000,0.0408,0.262,-0.059,30.2,468800000,2286700000,58900000,None,9.22,9.96,-3.3333,5186100000,1958000000,968100000,3544700000,3228100000,2576600000,5299300000,1640700000,6.86,None,11.98,6.39
2025-12-28,LEG,1.61,4172900000.0,6.86,-1469700000,0.765,7.17,,197500000,361700000,361700000,,,,,,,,,2000000,136700000,None,4386500000,4386500000,613800000,None,300600000,651500000,None,None,171100000,,0.2,0.0183,,,,1.785,-0.01,375900000,547000000,0.3,2021-12-31,1449600000,749700000.0,912800000,356200000,104900000,818300000,818300000,None,46700000,None,993200000,None,None,1789700000,None,47400000,251300000,None,None,None,0.068,,479100000,433700000,58900000,321000000,None,315900000,None,,,,,-4.11,1.525,0.359,,,,,,,,0.0538,,974100000,2025-10-27,annual,0.29,USD,pre-market,25000000,2973000000,0.0408,0.262,-0.059,30.2,468800000,2287800000,345100000,None,9.22,9.96,-3.3333,5307300000,2065300000,1335700000,3658700000,3242000000,2323000000,5299300000,1648600000,6.86,-1846600000,11.98,6.39
2025-12-28,LEG,1.61,4172900000.0,6.86,-1395900000,0.765,7.17,,164500000,348900000,348900000,,,,,,,,,2000000,135900000,None,4386500000,4386500000,552200000,None,50900000,563600000,None,None,171100000,,0.2,0.0183,,,,1.785,-0.01,375900000,547000000,0.3,2020-12-31,1388800000,749700000.0,912800000,356200000,104900000,806700000,806700000,None,46700000,None,645500000,None,None,1849300000,None,46300000,251300000,None,None,None,0.068,,479100000,433700000,54100000,309400000,None,314200000,None,,,,,-4.11,1.525,0.359,,,,,,,,0.0538,,784800000,2025-10-27,annual,0.29,USD,pre-market,25000000,2762400000,0.0408,0.262,-0.059,30.2,468800000,2064700000,93300000,None,9.22,9.96,-3.3333,4754000000,1612100000,1006000000,3363700000,3141900000,2357700000,5299300000,1390300000,6.86,-1865400000,11.98,6.39
2025-12-28,LEG,1.61,4172900000.0,6.86,-1320500000,0.765,7.17,,160900000,247600000,247600000,,,,,,,,,2000000,135400000,None,4386500000,4386500000,463400000,None,51100000,591900000,None,None,171100000,,0.2,0.0183,,,,1.785,-0.01,375900000,547000000,0.3,2019-12-31,1406300000,749700000.0,912800000,356200000,104900000,764000000,764000000,None,46700000,None,636700000,None,None,2066500000,None,42500000,251300000,None,None,None,0.068,,479100000,433700000,61900000,340400000,None,295100000,None,,,,,-4.11,1.525,0.359,,,,,,,,0.0538,,830800000,2025-10-27,annual,0.29,USD,pre-market,25000000,2734500000,0.0408,0.262,-0.059,30.2,468800000,2278500000,90400000,None,9.22,9.96,-3.3333,4816400000,1538100000,928100000,3503900000,3278300000,2575800000,5299300000,1312500000,6.86,-1883800000,11.98,6.39
2025-12-28,LEG,1.61,4172900000.0,6.86,-1252400000,0.765,7.17,,None,268100000,268100000,,,,,,,,,2000000,135200000,None,4386500000,4386500000,465400000,None,1200000,571600000,None,None,171100000,,0.2,0.0183,,,,1.785,-0.01,375900000,547000000,0.3,2018-12-31,833800000,749700000.0,912800000,356200000,104900000,178700000,178700000,None,46700000,None,633900000,None,None,1167800000,None,37500000,251300000,None,None,None,0.068,,479100000,433700000,51000000,328900000,None,155300000,None,,,,,-4.11,1.525,0.359,,,,,,,,0.0538,,728500000,2025-10-27,annual,0.29,USD,pre-market,25000000,2613800000,0.0408,0.262,-0.059,30.2,468800000,1169000000,1200000,None,9.22,9.96,-3.3333,3382000000,1524600000,815700000,2224400000,1857400000,1408700000,5299300000,1157600000,6.86,-1908300000,11.98,6.39
2025-12-28,LEG,1.61,4172900000.0,6.86,-1213300000,0.765,7.17,,None,526100000,526100000,,,,,,,,,2000000,137300000,None,4386500000,4386500000,430300000,None,153800000,595100000,None,None,171100000,,0.2,0.0183,,,,1.785,-0.01,375900000,547000000,0.3,2017-12-31,822200000,749700000.0,912800000,356200000,104900000,169100000,169100000,None,46700000,None,571100000,None,None,1097900000,None,38700000,251300000,None,None,None,0.068,,479100000,433700000,74200000,369000000,None,202900000,None,,,,,-4.11,1.525,0.359,,,,,,,,0.0538,,663900000,2025-10-27,annual,0.29,USD,pre-market,25000000,2511300000,0.0408,0.262,-0.059,30.2,468800000,1251700000,153800000,0,9.22,9.96,-3.3333,3517800000,1733500000,943200000,2327000000,1784300000,1383800000,5299300000,1190800000,6.86,-1828300000,11.98,6.39
2025-12-28,LEG,1.61,4172900000.0,6.86,-1165400000,0.765,7.17,,None,281900000,281900000,,,,,,,,,2000000,140000000,None,4386500000,4386500000,351100000,None,3600000,486600000,None,None,171100000,,0.2,0.0183,,,,1.785,-0.01,375900000,547000000,0.3,2016-12-31,791300000,749700000.0,912800000,356200000,104900000,164900000,164900000,None,46700000,None,519600000,None,None,956200000,None,32100000,251300000,None,None,None,0.068,,479100000,433700000,36800000,330700000,None,173000000,None,,,,,-4.11,1.525,0.359,,,,,,,,0.0538,,565500000,2025-10-27,annual,0.29,USD,pre-market,25000000,2410500000,0.0408,0.262,-0.059,30.2,468800000,959800000,3600000,0,9.22,9.96,-3.3333,2984100000,1324900000,706600000,1890100000,1659200000,1183500000,5299300000,1094000000,6.86,-1713500000,11.98,6.39
2025-12-28,LEG,1.61,4172900000.0,6.86,-1146500000,0.765,7.17,,None,253200000,253200000,,,,,,,,,2000000,142900000,None,4386500000,4386500000,307200000,None,3400000,520200000,None,None,171100000,,0.2,0.0183,,,,1.785,-0.01,375900000,547000000,0.3,2015-12-31,806100000,749700000.0,912800000,356200000,104900000,188400000,188400000,None,46700000,None,504600000,None,None,941500000,None,7100000,251300000,None,None,None,0.068,,479100000,433700000,33200000,366700000,None,184700000,None,,,,,-4.11,1.525,0.359,,,,,,,,0.0538,,540800000,2025-10-27,annual,0.29,USD,pre-market,25000000,2209200000,0.0408,0.262,-0.059,30.2,468800000,948800000,3400000,0,9.22,9.96,-3.3333,2967600000,1311200000,701200000,1869900000,1656400000,1168700000,5299300000,1097700000,6.86,-1564000000,11.98,6.39
2025-12-28,LEG,1.61,4172900000.0,6.86,-1193800000,0.765,7.17,,None,332800000,332800000,,,,,,,,,2000000,143200000,None,4386500000,4386500000,369800000,None,201700000,523300000,None,None,171100000,,0.2,0.0183,,,,1.785,-0.01,375900000,547000000,0.3,2014-12-31,829400000,749700000.0,912800000,356200000,104900000,204700000,204700000,None,46700000,None,481600000,None,None,766700000,None,6700000,251300000,None,None,None,0.068,,479100000,433700000,91900000,398700000,None,185000000,None,,,,,-4.11,1.525,0.359,,,,,,,,0.0538,,558900000,2025-10-27,annual,0.29,USD,pre-market,25000000,2061300000,0.0408,0.262,-0.059,30.2,468800000,968400000,201700000,0,9.22,9.96,-3.3333,3140600000,1429600000,992200000,1985700000,1711000000,993500000,5299300000,1154900000,6.86,-1416600000,11.98,6.39
2025-12-28,LEG,1.61,4172900000.0,6.86,-1266600000,0.765,7.17,,None,272700000,272700000,,,,,,,,,2000000,145200000,None,4386500000,4386500000,339300000,None,None,467400000,None,None,171100000,,0.2,0.0183,,,,1.785,-0.01,375900000,547000000,0.3,2013-12-31,926800000,749700000.0,912800000,356200000,104900000,203400000,203400000,None,46700000,None,495900000,None,None,688400000,None,None,251300000,None,None,None,0.068,,479100000,433700000,45700000,287700000,None,127700000,None,,,,,-4.11,1.525,0.359,,,,,,,,0.0538,,574600000,2025-10-27,annual,0.29,USD,pre-market,25000000,2136400000,0.0408,0.262,-0.059,30.2,468800000,869500000,181100000,0,9.22,9.96,-3.3333,3108100000,1281700000,829500000,1708900000,1826400000,879400000,5299300000,1399200000,6.86,-1320700000,11.98,6.39
2025-12-28,LEG,1.61,4172900000.0,6.86,-1237400000,0.765,7.17,,None,359100000,359100000,,,,,,,,,2000000,146000000,None,4386500000,4386500000,285400000,None,None,446200000,None,None,171100000,,0.2,0.0183,,,,1.785,-0.01,375900000,547000000,0.3,2012-12-31,991500000,749700000.0,912800000,356200000,104900000,206300000,206300000,None,46700000,None,489000000,None,None,853900000,None,None,251300000,None,None,None,0.068,,479100000,433700000,44800000,224800000,None,158200000,None,,,,,-4.11,1.525,0.359,,,,,,,,0.0538,,572800000,2025-10-27,annual,0.29,USD,pre-market,25000000,2109600000,0.0408,0.262,-0.059,30.2,468800000,1055400000,201500000,0,9.22,9.96,-3.3333,3254900000,1339100000,731000000,1812700000,1915800000,1081700000,5299300000,1442200000,6.86,-1206700000,11.98,6.39
2025-12-28,LEG,1.61,4172900000.0,6.86,-1193200000,0.765,7.17,,None,236300000,236300000,,,,,,,,,2000000,147000000,None,4386500000,4386500000,256600000,None,None,503600000,None,None,171100000,,0.2,0.0183,,,,1.785,-0.01,375900000,547000000,0.3,2011-12-31,926600000,749700000.0,912800000,356200000,104900000,116600000,116600000,None,46700000,None,441000000,None,None,833300000,None,None,251300000,None,None,None,0.068,,479100000,433700000,43100000,326900000,None,130300000,None,,,,,-4.11,1.525,0.359,,,,,,,,0.0538,,580600000,2025-10-27,annual,0.29,USD,pre-market,25000000,2027400000,0.0408,0.262,-0.059,30.2,468800000,835800000,2500000,0,9.22,9.96,-3.3333,2915100000,1224000000,586000000,1607400000,1691100000,1021400000,5299300000,1307700000,6.86,-1254300000,11.98,6.39
2025-12-28,LEG,1.61,4172900000.0,6.86,-1173900000,0.765,7.17,,None,244500000,244500000,,,,,,,,,2000000,153268185,None,4386500000,4386500000,226400000,None,None,478900000,None,None,171100000,,0.2,0.0183,,,,1.785,-0.01,375900000,547000000,0.3,2010-12-31,930300000,749700000.0,912800000,356200000,104900000,152300000,152300000,None,46700000,None,435300000,None,None,762200000,None,None,251300000,None,None,None,0.068,,479100000,433700000,60400000,294400000,None,121900000,None,,,,,-4.11,1.525,0.359,,,,,,,,0.0538,,649100000,2025-10-27,annual,0.29,USD,pre-market,25000000,2033300000,0.0408,0.262,-0.059,30.2,468800000,764400000,2200000,0,9.22,9.96,-3.3333,3001000000,1219100000,523000000,1476600000,1781900000,953600000,5299300000,1507300000,6.86,-1093000000,11.98,6.39
2025-12-28,LEG,1.61,4172900000.0,6.86,None,0.765,7.17,,None,260500000,260500000,,,,,,,,,2000000,159964623,None,4386500000,4386500000,199400000,None,None,469500000,None,None,171100000,,0.2,0.0183,,,,1.785,-0.01,375900000,547000000,0.3,2009-12-31,928200000,749700000.0,912800000,356200000,104900000,171100000,171100000,None,46700000,None,409100000,None,None,789300000,None,None,251300000,None,None,None,0.068,,479100000,433700000,74500000,325600000,None,None,None,,,,,-4.11,1.525,0.359,,,,,,,,0.0538,,668600000,2025-10-27,annual,0.29,USD,pre-market,25000000,2013300000,0.0408,0.262,-0.059,30.2,468800000,799400000,10100000,None,9.22,9.96,-3.3333,3061200000,1213600000,535100000,1485700000,1847600000,950600000,5299300000,1554000000,6.86,-1033800000,11.98,6.39
2025-12-28,LEG,1.61,4172900000.0,6.86,None,0.765,7.17,,None,164700000,164700000,,,,,,,,,2000000,168186330,None,4386500000,4386500000,175300000,None,None,550500000,None,None,171100000,,0.2,0.0183,,,,1.785,-0.01,375900000,547000000,0.3,2008-12-31,875600000,749700000.0,912800000,356200000,104900000,197400000,197400000,None,46700000,None,495000000,None,None,851200000,None,None,251300000,None,None,None,0.068,,479100000,433700000,96600000,326500000,None,None,None,,,,,-4.11,1.525,0.359,,,,,,,,0.0538,,681400000,2025-10-27,annual,0.29,USD,pre-market,25000000,2062100000,0.0408,0.262,-0.059,30.2,468800000,873600000,22400000,None,9.22,9.96,-3.3333,3161900000,1306800000,524200000,1508900000,1855100000,984700000,5299300000,1653000000,6.86,-918600000,11.98,6.39
2025-12-28,LEG,1.61,4172900000.0,6.86,None,0.765,7.17,,None,205400000,205400000,,,,,,,,,2000000,179827758,None,4386500000,4386500000,227600000,None,None,640200000,None,None,171100000,,0.2,0.0183,,,,1.785,-0.01,375900000,547000000,0.3,2007-12-31,931300000,749700000.0,912800000,356200000,104900000,232200000,232200000,None,46700000,None,599200000,None,None,1000600000,None,None,251300000,None,None,None,0.068,,479100000,433700000,389600000,483300000,None,None,None,,,,,-4.11,1.525,0.359,,,,,,,,0.0538,,726900000,2025-10-27,annual,0.29,USD,pre-market,25000000,2122300000,0.0408,0.262,-0.059,30.2,468800000,1089300000,88700000,None,9.22,9.96,-3.3333,4072500000,1834400000,799600000,1939800000,2238100000,1140200000,5299300000,2132700000,6.86,-685100000,11.98,6.39
2025-12-28,LEG,1.61,4172900000.0,6.86,None,0.765,7.17,,None,131900000,131900000,,,,,,,,,2000000,186521739,None,4386500000,4386500000,259000000,None,None,853800000,None,None,171100000,,0.2,0.0183,,,,1.785,-0.01,375900000,547000000,0.3,2006-12-31,1149300000,749700000.0,912800000,356200000,104900000,182900000,182900000,None,46700000,None,826300000,None,None,1060000000,None,None,251300000,None,None,None,0.068,,479100000,433700000,82100000,380200000,None,None,None,,,,,-4.11,1.525,0.359,,,,,,,,0.0538,,962800000,2025-10-27,annual,0.29,USD,pre-market,25000000,2270700000,0.0408,0.262,-0.059,30.2,468800000,1112000000,52000000,None,9.22,9.96,-3.3333,4265300000,1894100000,691200000,1914200000,2371200000,1223000000,5299300000,2351100000,6.86,-490600000,11.98,6.39
2025-12-28,LEG,1.61,4172900000.0,6.86,None,0.765,7.17,,None,64900000,64900000,,,,,,,,,2000000,193307692,None,4386500000,4386500000,254200000,None,None,847600000,None,None,171100000,,0.2,0.0183,,,,1.785,-0.01,375900000,547000000,0.3,2005-12-31,1102500000,749700000.0,912800000,356200000,104900000,133500000,133500000,None,46700000,None,767100000,None,None,921600000,None,None,251300000,None,None,None,0.068,,479100000,433700000,83700000,385200000,None,None,None,,,,,-4.11,1.525,0.359,,,,,,,,0.0538,,971100000,2025-10-27,annual,0.29,USD,pre-market,25000000,2093100000,0.0408,0.262,-0.059,30.2,468800000,1077900000,98600000,None,9.22,9.96,-3.3333,4052600000,1763300000,738000000,1803600000,2289300000,1065600000,5299300000,2249000000,6.86,-376800000,11.98,6.39
2025-12-28,LEG,1.61,4172900000.0,6.86,None,0.765,7.17,15800000,None,64900000,64900000,-312900000,277800000,None,None,6300000,None,None,None,2000000,193307692,None,4386500000,4386500000,254200000,None,None,847600000,None,None,171100000,29400000,0.2,0.0183,6700000,6700000,None,1.785,-0.01,375900000,547000000,0.3,2025-09-30,1102500000,749700000.0,912800000,356200000,104900000,133500000,133500000,None,46700000,None,767100000,None,None,921600000,None,None,127200000,None,None,None,0.068,125900000,479100000,433700000,83700000,385200000,None,None,None,None,None,None,None,-4.11,1.525,0.359,None,None,None,None,None,-100000,None,0.0538,None,971100000,2025-10-27,quarterly,0.29,USD,pre-market,25000000,2093100000,0.0408,0.262,-0.059,30.2,468800000,1077900000,98600000,None,9.22,9.96,-3.3333,4052600000,1763300000,738000000,1803600000,2289300000,1065600000,5299300000,2249000000,6.86,-376800000,11.98,6.39
2025-12-28,LEG,1.61,4172900000.0,6.86,None,0.765,7.17,8500000,None,64900000,64900000,-153800000,16399999,None,None,29600000,None,None,None,2000000,193307692,None,4386500000,4386500000,254200000,None,None,847600000,None,None,171100000,29700000,0.2,0.0183,6800000,6800000,None,1.785,-0.01,375900000,547000000,0.3,2025-06-30,1102500000,749700000.0,912800000,356200000,104900000,133500000,133500000,None,46700000,None,767100000,None,None,921600000,None,None,52500000,None,None,None,0.068,84000000,479100000,433700000,83700000,385200000,None,None,None,None,None,None,None,-4.11,1.525,0.359,None,None,None,None,None,-300000,None,0.0538,None,971100000,2025-10-27,quarterly,0.29,USD,pre-market,25000000,2093100000,0.0408,0.262,-0.059,30.2,468800000,1077900000,98600000,None,9.22,9.96,-3.3333,4052600000,1763300000,738000000,1803600000,2289300000,1065600000,5299300000,2249000000,6.86,-376800000,11.98,6.39
2025-12-28,LEG,1.61,4172900000.0,6.86,None,0.765,7.17,13300000,None,64900000,64900000,60000000,-6100000,None,None,-12400000,None,None,None,2000000,193307692,None,4386500000,4386500000,254200000,None,None,847600000,None,None,171100000,31600000,0.2,0.0183,6700000,6700000,None,1.785,-0.01,375900000,547000000,0.3,2025-03-31,1102500000,749700000.0,912800000,356200000,104900000,133500000,133500000,None,46700000,None,767100000,None,None,921600000,None,None,30600000,None,None,None,0.068,6800000,479100000,433700000,83700000,385200000,None,None,None,None,None,None,None,-4.11,1.525,0.359,None,None,None,None,None,-2000000,None,0.0538,None,971100000,2025-10-27,quarterly,0.29,USD,pre-market,25000000,2093100000,0.0408,0.262,-0.059,30.2,468800000,1077900000,98600000,None,9.22,9.96,-3.3333,4052600000,1763300000,738000000,1803600000,2289300000,1065600000,5299300000,2249000000,6.86,-376800000,11.98,6.39
2025-12-28,LEG,1.61,4172900000.0,6.86,None,0.765,7.17,21800000,None,64900000,64900000,-23400000,-17800000,None,None,4200000,None,None,None,2000000,193307692,None,4386500000,4386500000,254200000,None,None,847600000,None,None,171100000,33800000,0.2,0.0183,6600000,6600000,None,1.785,-0.01,375900000,547000000,0.3,2024-12-31,1102500000,749700000.0,912800000,356200000,104900000,133500000,133500000,None,46700000,None,767100000,None,None,921600000,None,None,14200000,None,None,None,0.068,122300000,479100000,433700000,83700000,385200000,None,None,None,None,None,None,None,-4.11,1.525,0.359,None,None,None,None,None,-400000,None,0.0538,None,971100000,2025-10-27,quarterly,0.29,USD,pre-market,25000000,2093100000,0.0408,0.262,-0.059,30.2,468800000,1077900000,98600000,None,9.22,9.96,-3.3333,4052600000,1763300000,738000000,1803600000,2289300000,1065600000,5299300000,2249000000,6.86,-376800000,11.98,6.39
2025-12-28,LEG,1.61,4172900000.0,6.86,None,0.765,7.17,18400000,None,64900000,64900000,-129500000,-200000,None,None,5400000,None,None,None,2000000,193307692,None,4386500000,4386500000,254200000,None,None,847600000,None,None,171100000,36400000,0.2,0.0183,6700000,6700000,None,1.785,-0.01,375900000,547000000,0.3,2024-09-30,1102500000,749700000.0,912800000,356200000,104900000,133500000,133500000,None,46700000,None,767100000,None,None,921600000,None,None,44900000,None,None,None,0.068,95500000,479100000,433700000,83700000,385200000,None,None,None,None,None,None,None,-4.11,1.525,0.359,None,None,None,None,None,-200000,None,0.0538,None,971100000,2025-10-27,quarterly,0.29,USD,pre-market,25000000,2093100000,0.0408,0.262,-0.059,30.2,468800000,1077900000,98600000,None,9.22,9.96,-3.3333,4052600000,1763300000,738000000,1803600000,2289300000,1065600000,5299300000,2249000000,6.86,-376800000,11.98,6.39
2025-12-28,LEG,1.61,4172900000.0,6.86,None,0.765,7.17,15500000,None,64900000,64900000,-135200000,-8200000,None,None,34300000,None,None,None,2000000,193307692,None,4386500000,4386500000,254200000,None,None,847600000,None,None,171100000,32700000,0.2,0.0183,61700000,61700000,None,1.785,-0.01,375900000,547000000,0.3,2024-06-30,1102500000,749700000.0,912800000,356200000,104900000,133500000,133500000,None,46700000,None,767100000,None,None,921600000,None,None,-602200000,None,None,None,0.068,94000000,479100000,433700000,83700000,385200000,None,None,None,None,None,None,None,-4.11,1.525,0.359,None,None,None,None,None,-200000,None,0.0538,None,971100000,2025-10-27,quarterly,0.29,USD,pre-market,25000000,2093100000,0.0408,0.262,-0.059,30.2,468800000,1077900000,98600000,None,9.22,9.96,-3.3333,4052600000,1763300000,738000000,1803600000,2289300000,1065600000,5299300000,2249000000,6.86,-376800000,11.98,6.39
2025-12-28,LEG,1.61,4172900000.0,6.86,None,0.765,7.17,25900000,None,64900000,64900000,18100000,-10400000,None,None,800000,None,None,None,2000000,193307692,None,4386500000,4386500000,254200000,None,None,847600000,None,None,171100000,32800000,0.2,0.0183,61300000,61300000,None,1.785,-0.01,375900000,547000000,0.3,2024-03-31,1102500000,749700000.0,912800000,356200000,104900000,133500000,133500000,None,46700000,None,767100000,None,None,921600000,None,None,31600000,None,None,None,0.068,-6100000,479100000,433700000,83700000,385200000,None,None,None,None,None,None,None,-4.11,1.525,0.359,None,None,None,None,None,-4100000,None,0.0538,None,971100000,2025-10-27,quarterly,0.29,USD,pre-market,25000000,2093100000,0.0408,0.262,-0.059,30.2,468800000,1077900000,98600000,None,9.22,9.96,-3.3333,4052600000,1763300000,738000000,1803600000,2289300000,1065600000,5299300000,2249000000,6.86,-376800000,11.98,6.39
2025-12-28,LEG,1.61,4172900000.0,6.86,None,0.765,7.17,23400000,None,64900000,64900000,-48000000,-13900000,None,None,20000000,None,None,None,2000000,193307692,None,4386500000,4386500000,254200000,None,None,847600000,None,None,171100000,44800000,0.2,0.0183,61300000,61300000,None,1.785,-0.01,375900000,547000000,0.3,2023-12-31,1102500000,749700000.0,912800000,356200000,104900000,133500000,133500000,None,46700000,None,767100000,None,None,921600000,None,None,-297300000,None,None,None,0.068,146100000,479100000,433700000,83700000,385200000,None,None,None,None,None,None,None,-4.11,1.525,0.359,None,None,None,None,None,-500000,None,0.0538,None,971100000,2025-10-27,quarterly,0.29,USD,pre-market,25000000,2093100000,0.0408,0.262,-0.059,30.2,468800000,1077900000,98600000,None,9.22,9.96,-3.3333,4052600000,1763300000,738000000,1803600000,2289300000,1065600000,5299300000,2249000000,6.86,-376800000,11.98,6.39
2025-12-28,LEG,1.61,4172900000.0,6.86,None,0.765,7.17,22200000,None,64900000,64900000,-121400000,-77400000,None,None,16900000,None,None,None,2000000,193307692,None,4386500000,4386500000,254200000,None,None,847600000,None,None,171100000,45000000,0.2,0.0183,61200000,61200000,None,1.785,-0.01,375900000,547000000,0.3,2023-09-30,1102500000,749700000.0,912800000,356200000,104900000,133500000,133500000,None,46700000,None,767100000,None,None,921600000,None,None,52900000,None,None,None,0.068,143800000,479100000,433700000,83700000,385200000,None,None,None,None,None,None,None,-4.11,1.525,0.359,None,None,None,None,None,-200000,None,0.0538,None,971100000,2025-10-27,quarterly,0.29,USD,pre-market,25000000,2093100000,0.0408,0.262,-0.059,30.2,468800000,1077900000,98600000,None,9.22,9.96,-3.3333,4052600000,1763300000,738000000,1803600000,2289300000,1065600000,5299300000,2249000000,6.86,-376800000,11.98,6.39
2025-12-28,LEG,1.61,4172900000.0,6.86,None,0.765,7.17,30500000,None,64900000,64900000,-157000000,-26200000,-64900000,None,35900000,None,None,11000000,2000000,193307692,None,4386500000,4386500000,254200000,None,None,847600000,None,None,171100000,44700000,0.2,0.0183,58600000,58600000,None,1.785,-0.01,375900000,547000000,0.3,2023-06-30,1102500000,749700000.0,912800000,356200000,104900000,133500000,133500000,None,46700000,None,767100000,None,None,921600000,None,None,54200000,None,None,None,0.068,110600000,479100000,433700000,83700000,385200000,None,None,None,None,None,None,None,-4.11,1.525,0.359,None,None,None,None,None,-100000,None,0.0538,None,971100000,2025-10-27,quarterly,0.29,USD,pre-market,25000000,2093100000,0.0408,0.262,-0.059,30.2,468800000,1077900000,98600000,None,9.22,9.96,-3.3333,4052600000,1763300000,738000000,1803600000,2289300000,1065600000,5299300000,2249000000,6.86,-376800000,11.98,6.39
2025-12-28,LEG,1.61,4172900000.0,6.86,None,0.765,7.17,37700000,None,64900000,64900000,-35000000,-36400000,24700000,None,4700000,None,None,-38400000,2000000,193307692,None,4386500000,4386500000,254200000,None,None,847600000,None,None,171100000,45400000,0.2,0.0183,58300000,58300000,None,1.785,-0.01,375900000,547000000,0.3,2023-03-31,1102500000,749700000.0,912800000,356200000,104900000,133500000,133500000,None,46700000,None,767100000,None,None,921600000,None,None,53500000,None,None,None,0.068,96700000,479100000,433700000,83700000,385200000,None,None,None,None,None,None,None,-4.11,1.525,0.359,None,None,None,None,None,-5200000,None,0.0538,None,971100000,2025-10-27,quarterly,0.29,USD,pre-market,25000000,2093100000,0.0408,0.262,-0.059,30.2,468800000,1077900000,98600000,None,9.22,9.96,-3.3333,4052600000,1763300000,738000000,1803600000,2289300000,1065600000,5299300000,2249000000,6.86,-376800000,11.98,6.39
2025-12-28,LEG,1.61,4172900000.0,6.86,None,0.765,7.17,34800000,None,64900000,64900000,-106300000,-55800000,84400000,None,79700000,None,None,82100000,2000000,193307692,None,4386500000,4386500000,254200000,None,None,847600000,None,None,171100000,45500000,0.2,0.0183,58400000,58400000,None,1.785,-0.01,375900000,547000000,0.3,2022-12-31,1102500000,749700000.0,912800000,356200000,104900000,133500000,133500000,None,46700000,None,767100000,None,None,921600000,None,None,52800000,None,None,None,0.068,247100000,479100000,433700000,83700000,385200000,None,None,None,None,None,None,None,-4.11,1.525,0.359,None,None,None,None,None,-60300000,None,0.0538,None,971100000,2025-10-27,quarterly,0.29,USD,pre-market,25000000,2093100000,0.0408,0.262,-0.059,30.2,468800000,1077900000,98600000,None,9.22,9.96,-3.3333,4052600000,1763300000,738000000,1803600000,2289300000,1065600000,5299300000,2249000000,6.86,-376800000,11.98,6.39
2025-12-28,LEG,1.61,4172900000.0,6.86,None,0.765,7.17,24700000,None,64900000,64900000,-11900000,-87400000,-33800000,None,72200000,None,None,-15700000,2000000,193307692,None,4386500000,4386500000,254200000,None,None,847600000,None,None,171100000,44100000,0.2,0.0183,58700000,58700000,None,1.785,-0.01,375900000,547000000,0.3,2022-09-30,1102500000,749700000.0,912800000,356200000,104900000,133500000,133500000,None,46700000,None,767100000,None,None,921600000,None,None,71500000,None,None,None,0.068,65500000,479100000,433700000,83700000,385200000,None,None,None,None,None,None,None,-4.11,1.525,0.359,None,None,None,None,None,-3400000,None,0.0538,None,971100000,2025-10-27,quarterly,0.29,USD,pre-market,25000000,2093100000,0.0408,0.262,-0.059,30.2,468800000,1077900000,98600000,None,9.22,9.96,-3.3333,4052600000,1763300000,738000000,1803600000,2289300000,1065600000,5299300000,2249000000,6.86,-376800000,11.98,6.39
2025-12-28,LEG,1.61,4172900000.0,6.86,None,0.765,7.17,22100000,None,64900000,64900000,-110300000,-21700000,-42200000,None,2500000,None,None,-35200000,2000000,193307692,None,4386500000,4386500000,254200000,None,None,847600000,None,None,171100000,44500000,0.2,0.0183,56100000,56100000,None,1.785,-0.01,375900000,547000000,0.3,2022-06-30,1102500000,749700000.0,912800000,356200000,104900000,133500000,133500000,None,46700000,None,767100000,None,None,921600000,None,None,95200000,None,None,None,0.068,89800000,479100000,433700000,83700000,385200000,None,None,None,None,None,None,None,-4.11,1.525,0.359,None,None,None,None,None,-35300000,None,0.0538,None,971100000,2025-10-27,quarterly,0.29,USD,pre-market,25000000,2093100000,0.0408,0.262,-0.059,30.2,468800000,1077900000,98600000,None,9.22,9.96,-3.3333,4052600000,1763300000,738000000,1803600000,2289300000,1065600000,5299300000,2249000000,6.86,-376800000,11.98,6.39
2025-12-28,LEG,1.61,4172900000.0,6.86,None,0.765,7.17,18700000,None,64900000,64900000,-57100000,-16300000,-34400000,None,-58300000,None,None,-57800000,2000000,193307692,None,4386500000,4386500000,254200000,None,None,847600000,None,None,171100000,45700000,0.2,0.0183,56000000,56000000,None,1.785,-0.01,375900000,547000000,0.3,2022-03-31,1102500000,749700000.0,912800000,356200000,104900000,133500000,133500000,None,46700000,None,767100000,None,None,921600000,None,None,90400000,None,None,None,0.068,39000000,479100000,433700000,83700000,385200000,None,None,None,None,None,None,None,-4.11,1.525,0.359,None,None,None,None,None,-21600000,None,0.0538,None,971100000,2025-10-27,quarterly,0.29,USD,pre-market,25000000,2093100000,0.0408,0.262,-0.059,30.2,468800000,1077900000,98600000,None,9.22,9.96,-3.3333,4052600000,1763300000,738000000,1803600000,2289300000,1065600000,5299300000,2249000000,6.86,-376800000,11.98,6.39
2025-12-28,LEG,1.61,4172900000.0,6.86,None,0.765,7.17,30800000,None,64900000,64900000,-27600000,-37300000,126000000,None,-26700000,None,None,49600000,2000000,193307692,None,4386500000,4386500000,254200000,None,None,847600000,None,None,171100000,46500000,0.2,0.0183,56000000,56000000,None,1.785,-0.01,375900000,547000000,0.3,2021-12-31,1102500000,749700000.0,912800000,356200000,104900000,133500000,133500000,None,46700000,None,767100000,None,None,921600000,None,None,105600000,None,None,None,0.068,190900000,479100000,433700000,83700000,385200000,None,None,None,None,None,None,None,-4.11,1.525,0.359,None,None,None,None,None,-100000,None,0.0538,None,971100000,2025-10-27,quarterly,0.29,USD,pre-market,25000000,2093100000,0.0408,0.262,-0.059,30.2,468800000,1077900000,98600000,None,9.22,9.96,-3.3333,4052600000,1763300000,738000000,1803600000,2289300000,1065600000,5299300000,2249000000,6.86,-376800000,11.98,6.39
2025-12-28,LEG,1.61,4172900000.0,6.86,None,0.765,7.17,26800000,None,64900000,64900000,-23800000,-20000000,6300000,None,-85500000,None,None,-3700000,2000000,193307692,None,4386500000,4386500000,254200000,None,None,847600000,None,None,171100000,46600000,0.2,0.0183,56000000,56000000,None,1.785,-0.01,375900000,547000000,0.3,2021-09-30,1102500000,749700000.0,912800000,356200000,104900000,133500000,133500000,None,46700000,None,767100000,None,None,921600000,None,None,97200000,None,None,None,0.068,50100000,479100000,433700000,83700000,385200000,None,None,None,None,None,None,None,-4.11,1.525,0.359,None,None,None,None,None,-300000,None,0.0538,None,971100000,2025-10-27,quarterly,0.29,USD,pre-market,25000000,2093100000,0.0408,0.262,-0.059,30.2,468800000,1077900000,98600000,None,9.22,9.96,-3.3333,4052600000,1763300000,738000000,1803600000,2289300000,1065600000,5299300000,2249000000,6.86,-376800000,11.98,6.39
2025-12-28,LEG,1.61,4172900000.0,6.86,None,0.765,7.17,25000000,None,64900000,64900000,-30500000,-119000000,-108600000,None,-85600000,None,None,-86100000,2000000,193307692,None,4386500000,4386500000,254200000,None,None,847600000,None,None,171100000,48100000,0.2,0.0183,53300000,53300000,None,1.785,-0.01,375900000,547000000,0.3,2021-06-30,1102500000,749700000.0,912800000,356200000,104900000,133500000,133500000,None,46700000,None,767100000,None,None,921600000,None,None,112300000,None,None,None,0.068,40900000,479100000,433700000,83700000,385200000,None,None,None,None,None,None,None,-4.11,1.525,0.359,None,None,None,None,None,-700000,None,0.0538,None,971100000,2025-10-27,quarterly,0.29,USD,pre-market,25000000,2093100000,0.0408,0.262,-0.059,30.2,468800000,1077900000,98600000,None,9.22,9.96,-3.3333,4052600000,1763300000,738000000,1803600000,2289300000,1065600000,5299300000,2249000000,6.86,-376800000,11.98,6.39
2025-12-28,LEG,1.61,4172900000.0,6.86,None,0.765,7.17,24000000,None,64900000,64900000,49100000,-49900000,-11400000,None,-107200000,None,None,-34800000,2000000,193307692,None,4386500000,4386500000,254200000,None,None,847600000,None,None,171100000,46100000,0.2,0.0183,53000000,53000000,None,1.785,-0.01,375900000,547000000,0.3,2021-03-31,1102500000,749700000.0,912800000,356200000,104900000,133500000,133500000,None,46700000,None,767100000,None,None,921600000,None,None,87500000,None,None,None,0.068,-10600000,479100000,433700000,83700000,385200000,None,None,None,None,None,None,None,-4.11,1.525,0.359,None,None,None,None,None,-8700000,None,0.0538,None,971100000,2025-10-27,quarterly,0.29,USD,pre-market,25000000,2093100000,0.0408,0.262,-0.059,30.2,468800000,1077900000,98600000,None,9.22,9.96,-3.3333,4052600000,1763300000,738000000,1803600000,2289300000,1065600000,5299300000,2249000000,6.86,-376800000,11.98,6.39
2025-12-28,LEG,1.61,4172900000.0,6.86,None,0.765,7.17,13900000,None,64900000,64900000,-116700000,-10400000,91700000,None,-58200000,None,None,94100000,2000000,193307692,None,4386500000,4386500000,254200000,None,None,847600000,None,None,171100000,48400000,0.2,0.0183,53000000,53000000,None,1.785,-0.01,375900000,547000000,0.3,2020-12-31,1102500000,749700000.0,912800000,356200000,104900000,133500000,133500000,None,46700000,None,767100000,None,None,921600000,None,None,103200000,None,None,None,0.068,218800000,479100000,433700000,83700000,385200000,None,None,None,None,None,None,None,-4.11,1.525,0.359,None,None,None,None,None,-500000,None,0.0538,None,971100000,2025-10-27,quarterly,0.29,USD,pre-market,25000000,2093100000,0.0408,0.262,-0.059,30.2,468800000,1077900000,98600000,None,9.22,9.96,-3.3333,4052600000,1763300000,738000000,1803600000,2289300000,1065600000,5299300000,2249000000,6.86,-376800000,11.98,6.39
2025-12-28,LEG,1.61,4172900000.0,6.86,None,0.765,7.17,9300000,None,64900000,64900000,-227600000,-3800000,29900000,None,-10600000,None,None,-56600000,2000000,193307692,None,4386500000,4386500000,254200000,None,None,847600000,None,None,171100000,47000000,0.2,0.0183,52900000,52900000,None,1.785,-0.01,375900000,547000000,0.3,2020-09-30,1102500000,749700000.0,912800000,356200000,104900000,133500000,133500000,None,46700000,None,767100000,None,None,921600000,None,None,107100000,None,None,None,0.068,261300000,479100000,433700000,83700000,385200000,None,None,None,None,None,None,None,-4.11,1.525,0.359,None,None,None,None,None,-1800000,None,0.0538,None,971100000,2025-10-27,quarterly,0.29,USD,pre-market,25000000,2093100000,0.0408,0.262,-0.059,30.2,468800000,1077900000,98600000,None,9.22,9.96,-3.3333,4052600000,1763300000,738000000,1803600000,2289300000,1065600000,5299300000,2249000000,6.86,-376800000,11.98,6.39
2025-12-28,LEG,1.61,4172900000.0,6.86,None,0.765,7.17,18800000,None,64900000,64900000,-396400000,-17500000,-301800000,None,79900000,None,None,-6100000,2000000,193307692,None,4386500000,4386500000,254200000,None,None,847600000,None,None,171100000,46500000,0.2,0.0183,52900000,52900000,None,1.785,-0.01,375900000,547000000,0.3,2020-06-30,1102500000,749700000.0,912800000,356200000,104900000,133500000,133500000,None,46700000,None,767100000,None,None,921600000,None,None,-6100000,None,None,None,0.068,112100000,479100000,433700000,83700000,385200000,None,None,None,None,None,None,None,-4.11,1.525,0.359,None,None,None,None,None,-100000,None,0.0538,None,971100000,2025-10-27,quarterly,0.29,USD,pre-market,25000000,2093100000,0.0408,0.262,-0.059,30.2,468800000,1077900000,98600000,None,9.22,9.96,-3.3333,4052600000,1763300000,738000000,1803600000,2289300000,1065600000,5299300000,2249000000,6.86,-376800000,11.98,6.39
2025-12-28,LEG,1.61,4172900000.0,6.86,None,0.765,7.17,24200000,None,64900000,64900000,279000000,-17300000,272100000,None,-33000000,None,None,-7100000,2000000,193307692,None,4386500000,4386500000,254200000,None,None,847600000,None,None,171100000,47500000,0.2,0.0183,52700000,52700000,None,1.785,-0.01,375900000,547000000,0.3,2020-03-31,1102500000,749700000.0,912800000,356200000,104900000,133500000,133500000,None,46700000,None,767100000,None,None,921600000,None,None,44100000,None,None,None,0.068,10400000,479100000,433700000,83700000,385200000,None,None,None,None,None,None,None,-4.11,1.525,0.359,None,None,None,None,None,-8200000,None,0.0538,None,971100000,2025-10-27,quarterly,0.29,USD,pre-market,25000000,2093100000,0.0408,0.262,-0.059,30.2,468800000,1077900000,98600000,None,9.22,9.96,-3.3333,4052600000,1763300000,738000000,1803600000,2289300000,1065600000,5299300000,2249000000,6.86,-376800000,11.98,6.39
2025-12-28,LEG,1.61,4172900000.0,6.86,None,0.765,7.17,40100000,None,64900000,64900000,-183300000,-68700000,-600000,None,5800000,None,None,98400000,2000000,193307692,None,4386500000,4386500000,254200000,None,None,847600000,None,None,171100000,47200000,0.2,0.0183,52600000,52600000,None,1.785,-0.01,375900000,547000000,0.3,2019-12-31,1102500000,749700000.0,912800000,356200000,104900000,133500000,133500000,None,46700000,None,767100000,None,None,921600000,None,None,86900000,None,None,None,0.068,251400000,479100000,433700000,83700000,385200000,None,None,None,None,None,None,None,-4.11,1.525,0.359,None,None,None,None,None,-4600000,None,0.0538,None,971100000,2025-10-27,quarterly,0.29,USD,pre-market,25000000,2093100000,0.0408,0.262,-0.059,30.2,468800000,1077900000,98600000,None,9.22,9.96,-3.3333,4052600000,1763300000,738000000,1803600000,2289300000,1065600000,5299300000,2249000000,6.86,-376800000,11.98,6.39
2025-12-28,LEG,1.61,4172900000.0,6.86,None,0.765,7.17,32500000,None,64900000,64900000,-221100000,-29200000,-38100000,None,14200000,None,None,12800000,2000000,193307692,None,4386500000,4386500000,254200000,None,None,847600000,None,None,171100000,48400000,0.2,0.0183,52600000,52600000,None,1.785,-0.01,375900000,547000000,0.3,2019-09-30,1102500000,749700000.0,912800000,356200000,104900000,133500000,133500000,None,46700000,None,767100000,None,None,921600000,None,None,99600000,None,None,None,0.068,212900000,479100000,433700000,83700000,385200000,None,None,None,None,None,None,None,-4.11,1.525,0.359,None,None,None,None,None,-2600000,None,0.0538,None,971100000,2025-10-27,quarterly,0.29,USD,pre-market,25000000,2093100000,0.0408,0.262,-0.059,30.2,468800000,1077900000,98600000,None,9.22,9.96,-3.3333,4052600000,1763300000,738000000,1803600000,2289300000,1065600000,5299300000,2249000000,6.86,-376800000,11.98,6.39
2025-12-28,LEG,1.61,4172900000.0,6.86,None,0.765,7.17,38700000,None,64900000,64900000,-98500000,-36900000,24400000,None,19400000,None,None,-40800000,2000000,193307692,None,4386500000,4386500000,254200000,None,None,847600000,None,None,171100000,50000000,0.2,0.0183,49800000,49800000,None,1.785,-0.01,375900000,547000000,0.3,2019-06-30,1102500000,749700000.0,912800000,356200000,104900000,133500000,133500000,None,46700000,None,767100000,None,None,921600000,None,None,86300000,None,None,None,0.068,172300000,479100000,433700000,83700000,385200000,None,None,None,None,None,None,None,-4.11,1.525,0.359,None,None,None,None,None,-700000,None,0.0538,None,971100000,2025-10-27,quarterly,0.29,USD,pre-market,25000000,2093100000,0.0408,0.262,-0.059,30.2,468800000,1077900000,98600000,None,9.22,9.96,-3.3333,4052600000,1763300000,738000000,1803600000,2289300000,1065600000,5299300000,2249000000,6.86,-376800000,11.98,6.39
2025-12-28,LEG,1.61,4172900000.0,6.86,None,0.765,7.17,31800000,None,64900000,64900000,1237700000,-1275900000,-4800000,4300000,13900000,None,None,-17400000,2000000,193307692,None,4386500000,4386500000,254200000,None,None,847600000,None,None,171100000,46300000,0.2,0.0183,49600000,49600000,None,1.785,-0.01,375900000,547000000,0.3,2019-03-31,1102500000,749700000.0,912800000,356200000,104900000,133500000,133500000,None,46700000,None,767100000,None,None,921600000,None,None,61100000,None,None,None,0.068,31400000,479100000,433700000,83700000,385200000,None,None,None,None,None,None,None,-4.11,1.525,0.359,None,None,None,None,None,-8500000,None,0.0538,None,971100000,2025-10-27,quarterly,0.29,USD,pre-market,25000000,2093100000,0.0408,0.262,-0.059,30.2,468800000,1077900000,98600000,None,9.22,9.96,-3.3333,4052600000,1763300000,738000000,1803600000,2289300000,1065600000,5299300000,2249000000,6.86,-376800000,11.98,6.39
2025-12-28,LEG,1.61,4172900000.0,6.86,None,0.765,7.17,37000000,None,64900000,64900000,-234500000,-37100000,-95400000,-2400000,-8500000,None,None,50400000,2000000,193307692,None,4386500000,4386500000,254200000,None,None,847600000,None,None,171100000,35100000,0.2,0.0183,49500000,49500000,None,1.785,-0.01,375900000,547000000,0.3,2018-12-31,1102500000,749700000.0,912800000,356200000,104900000,133500000,133500000,None,46700000,None,767100000,None,None,921600000,None,None,53100000,None,None,None,0.068,189200000,479100000,433700000,83700000,385200000,None,None,None,None,None,None,None,-4.11,1.525,0.359,None,None,None,None,None,-200000,None,0.0538,None,971100000,2025-10-27,quarterly,0.29,USD,pre-market,25000000,2093100000,0.0408,0.262,-0.059,30.2,468800000,1077900000,98600000,None,9.22,9.96,-3.3333,4052600000,1763300000,738000000,1803600000,2289300000,1065600000,5299300000,2249000000,6.86,-376800000,11.98,6.39
2025-12-28,LEG,1.61,4172900000.0,6.86,None,0.765,7.17,41400000,None,64900000,64900000,-140500000,-57300000,-82900000,-9600000,7600000,None,None,10100000,2000000,193307692,None,4386500000,4386500000,254200000,None,None,847600000,None,None,171100000,33800000,0.2,0.0183,49400000,49400000,None,1.785,-0.01,375900000,547000000,0.3,2018-09-30,1102500000,749700000.0,912800000,356200000,104900000,133500000,133500000,None,46700000,None,767100000,None,None,921600000,None,None,90000000,None,None,None,0.068,126500000,479100000,433700000,83700000,385200000,None,None,None,None,None,None,None,-4.11,1.525,0.359,None,None,None,None,None,-4400000,None,0.0538,None,971100000,2025-10-27,quarterly,0.29,USD,pre-market,25000000,2093100000,0.0408,0.262,-0.059,30.2,468800000,1077900000,98600000,None,9.22,9.96,-3.3333,4052600000,1763300000,738000000,1803600000,2289300000,1065600000,5299300000,2249000000,6.86,-376800000,11.98,6.39
2025-12-28,LEG,1.61,4172900000.0,6.86,None,0.765,7.17,40900000,None,64900000,64900000,-83700000,-45000000,-48200000,-21900000,-32300000,None,None,-47100000,2000000,193307692,None,4386500000,4386500000,254200000,None,None,847600000,None,None,171100000,33800000,0.2,0.0183,47300000,47300000,None,1.785,-0.01,375900000,547000000,0.3,2018-06-30,1102500000,749700000.0,912800000,356200000,104900000,133500000,133500000,None,46700000,None,767100000,None,None,921600000,None,None,85000000,None,None,None,0.068,80500000,479100000,433700000,83700000,385200000,None,None,None,None,None,None,None,-4.11,1.525,0.359,None,None,None,None,None,-52600000,None,0.0538,None,971100000,2025-10-27,quarterly,0.29,USD,pre-market,25000000,2093100000,0.0408,0.262,-0.059,30.2,468800000,1077900000,98600000,None,9.22,9.96,-3.3333,4052600000,1763300000,738000000,1803600000,2289300000,1065600000,5299300000,2249000000,6.86,-376800000,11.98,6.39
2025-12-28,LEG,1.61,4172900000.0,6.86,None,0.765,7.17,40300000,None,64900000,64900000,48900000,-124500000,-31500000,10300000,-21100000,None,None,-39200000,2000000,193307692,None,4386500000,4386500000,254200000,None,None,847600000,None,None,171100000,33400000,0.2,0.0183,47500000,47500000,None,1.785,-0.01,375900000,547000000,0.3,2018-03-31,1102500000,749700000.0,912800000,356200000,104900000,133500000,133500000,None,46700000,None,767100000,None,None,921600000,None,None,77900000,None,None,None,0.068,44100000,479100000,433700000,83700000,385200000,None,None,None,None,None,None,None,-4.11,1.525,0.359,None,None,None,None,None,-55200000,None,0.0538,None,971100000,2025-10-27,quarterly,0.29,USD,pre-market,25000000,2093100000,0.0408,0.262,-0.059,30.2,468800000,1077900000,98600000,None,9.22,9.96,-3.3333,4052600000,1763300000,738000000,1803600000,2289300000,1065600000,5299300000,2249000000,6.86,-376800000,11.98,6.39
2025-12-28,LEG,1.61,4172900000.0,6.86,None,0.765,7.17,40400000,None,64900000,64900000,8900000,-7900000,183200000,6000000,-8600000,None,None,38700000,2000000,193307692,None,4386500000,4386500000,254200000,None,None,847600000,None,None,171100000,31500000,0.2,0.0183,47600000,47600000,None,1.785,-0.01,375900000,547000000,0.3,2017-12-31,1102500000,749700000.0,912800000,356200000,104900000,133500000,133500000,None,46700000,None,767100000,None,None,921600000,None,None,36400000,None,None,None,0.068,182200000,479100000,433700000,83700000,385200000,None,None,None,None,None,None,None,-4.11,1.525,0.359,None,None,None,None,None,-800000,None,0.0538,None,971100000,2025-10-27,quarterly,0.29,USD,pre-market,25000000,2093100000,0.0408,0.262,-0.059,30.2,468800000,1077900000,98600000,None,9.22,9.96,-3.3333,4052600000,1763300000,738000000,1803600000,2289300000,1065600000,5299300000,2249000000,6.86,-376800000,11.98,6.39
2025-12-28,LEG,1.61,4172900000.0,6.86,None,0.765,7.17,39900000,None,64900000,64900000,-68500000,-29100000,7800000,9700000,12300000,None,None,-6900000,2000000,193307692,None,4386500000,4386500000,254200000,None,None,847600000,None,None,171100000,32200000,0.2,0.0183,47600000,47600000,None,1.785,-0.01,375900000,547000000,0.3,2017-09-30,1102500000,749700000.0,912800000,356200000,104900000,133500000,133500000,None,46700000,None,767100000,None,None,921600000,None,None,82600000,None,None,None,0.068,105400000,479100000,433700000,83700000,385200000,None,None,None,None,None,None,None,-4.11,1.525,0.359,None,None,None,None,None,-41600000,None,0.0538,None,971100000,2025-10-27,quarterly,0.29,USD,pre-market,25000000,2093100000,0.0408,0.262,-0.059,30.2,468800000,1077900000,98600000,None,9.22,9.96,-3.3333,4052600000,1763300000,738000000,1803600000,2289300000,1065600000,5299300000,2249000000,6.86,-376800000,11.98,6.39
2025-12-28,LEG,1.61,4172900000.0,6.86,None,0.765,7.17,44800000,None,64900000,64900000,13500000,-45400000,66500000,10300000,-21700000,None,None,-12700000,2000000,193307692,None,4386500000,4386500000,254200000,None,None,847600000,None,None,171100000,31900000,0.2,0.0183,45000000,45000000,None,1.785,-0.01,375900000,547000000,0.3,2017-06-30,1102500000,749700000.0,912800000,356200000,104900000,133500000,133500000,None,46700000,None,767100000,None,None,921600000,None,None,87600000,None,None,None,0.068,98400000,479100000,433700000,83700000,385200000,None,None,None,None,None,None,None,-4.11,1.525,0.359,None,None,None,None,None,-11000000,None,0.0538,None,971100000,2025-10-27,quarterly,0.29,USD,pre-market,25000000,2093100000,0.0408,0.262,-0.059,30.2,468800000,1077900000,98600000,None,9.22,9.96,-3.3333,4052600000,1763300000,738000000,1803600000,2289300000,1065600000,5299300000,2249000000,6.86,-376800000,11.98,6.39
2025-12-28,LEG,1.61,4172900000.0,6.86,None,0.765,7.17,34300000,None,64900000,64900000,-100000,-70900000,-13300000,4000000,-30100000,None,None,-59700000,2000000,193307692,None,4386500000,4386500000,254200000,None,None,847600000,None,None,171100000,30300000,0.2,0.0183,45400000,45400000,None,1.785,-0.01,375900000,547000000,0.3,2017-03-31,1102500000,749700000.0,912800000,356200000,104900000,133500000,133500000,None,46700000,None,767100000,None,None,921600000,None,None,86100000,None,None,None,0.068,57700000,479100000,433700000,83700000,385200000,None,None,None,None,None,None,None,-4.11,1.525,0.359,None,None,None,None,None,-104200000,None,0.0538,None,971100000,2025-10-27,quarterly,0.29,USD,pre-market,25000000,2093100000,0.0408,0.262,-0.059,30.2,468800000,1077900000,98600000,None,9.22,9.96,-3.3333,4052600000,1763300000,738000000,1803600000,2289300000,1065600000,5299300000,2249000000,6.86,-376800000,11.98,6.39
2025-12-28,LEG,1.61,4172900000.0,6.86,None,0.765,7.17,40900000,None,64900000,64900000,-191800000,-10500000,-35400000,-14400000,-13000000,None,None,44400000,2000000,193307692,None,4386500000,4386500000,254200000,None,None,847600000,None,None,171100000,29000000,0.2,0.0183,45400000,45400000,None,1.785,-0.01,375900000,547000000,0.3,2016-12-31,1102500000,749700000.0,912800000,356200000,104900000,133500000,133500000,None,46700000,None,767100000,None,None,921600000,None,None,81700000,None,None,None,0.068,166900000,479100000,433700000,83700000,385200000,None,None,None,None,None,None,None,-4.11,1.525,0.359,None,None,None,None,None,-16600000,None,0.0538,None,971100000,2025-10-27,quarterly,0.29,USD,pre-market,25000000,2093100000,0.0408,0.262,-0.059,30.2,468800000,1077900000,98600000,None,9.22,9.96,-3.3333,4052600000,1763300000,738000000,1803600000,2289300000,1065600000,5299300000,2249000000,6.86,-376800000,11.98,6.39
2025-12-28,LEG,1.61,4172900000.0,6.86,None,0.765,7.17,25200000,None,64900000,64900000,-55000000,-36100000,32500000,300000,4000000,None,None,-14600000,2000000,193307692,None,4386500000,4386500000,254200000,None,None,847600000,None,None,171100000,29200000,0.2,0.0183,45500000,45500000,None,1.785,-0.01,375900000,547000000,0.3,2016-09-30,1102500000,749700000.0,912800000,356200000,104900000,133500000,133500000,None,46700000,None,767100000,None,None,921600000,None,None,93600000,None,None,None,0.068,123600000,479100000,433700000,83700000,385200000,None,None,None,None,None,None,None,-4.11,1.525,0.359,None,None,None,None,None,-17900000,None,0.0538,None,971100000,2025-10-27,quarterly,0.29,USD,pre-market,25000000,2093100000,0.0408,0.262,-0.059,30.2,468800000,1077900000,98600000,None,9.22,9.96,-3.3333,4052600000,1763300000,738000000,1803600000,2289300000,1065600000,5299300000,2249000000,6.86,-376800000,11.98,6.39
2025-12-28,LEG,1.61,4172900000.0,6.86,None,0.765,7.17,30200000,None,64900000,64900000,-137200000,21000000,34600000,-8200000,-10400000,None,None,-22400000,2000000,193307692,None,4386500000,4386500000,254200000,None,None,847600000,None,None,171100000,28900000,0.2,0.0183,43000000,43000000,None,1.785,-0.01,375900000,547000000,0.3,2016-06-30,1102500000,749700000.0,912800000,356200000,104900000,133500000,133500000,None,46700000,None,767100000,None,None,921600000,None,None,119800000,None,None,None,0.068,150800000,479100000,433700000,83700000,385200000,None,None,None,None,None,None,None,-4.11,1.525,0.359,None,None,None,None,None,-56900000,None,0.0538,None,971100000,2025-10-27,quarterly,0.29,USD,pre-market,25000000,2093100000,0.0408,0.262,-0.059,30.2,468800000,1077900000,98600000,None,9.22,9.96,-3.3333,4052600000,1763300000,738000000,1803600000,2289300000,1065600000,5299300000,2249000000,6.86,-376800000,11.98,6.39
2025-12-28,LEG,1.61,4172900000.0,6.86,None,0.765,7.17,27700000,None,64900000,64900000,-72500000,-41800000,-3000000,2600000,-13900000,None,None,-4000000,2000000,193307692,None,4386500000,4386500000,254200000,None,None,847600000,None,None,171100000,28300000,0.2,0.0183,43500000,43500000,None,1.785,-0.01,375900000,547000000,0.3,2016-03-31,1102500000,749700000.0,912800000,356200000,104900000,133500000,133500000,None,46700000,None,767100000,None,None,921600000,None,None,91100000,None,None,None,0.068,111300000,479100000,433700000,83700000,385200000,None,None,None,None,None,None,None,-4.11,1.525,0.359,None,None,None,None,None,-106600000,None,0.0538,None,971100000,2025-10-27,quarterly,0.29,USD,pre-market,25000000,2093100000,0.0408,0.262,-0.059,30.2,468800000,1077900000,98600000,None,9.22,9.96,-3.3333,4052600000,1763300000,738000000,1803600000,2289300000,1065600000,5299300000,2249000000,6.86,-376800000,11.98,6.39
2025-12-28,LEG,1.61,4172900000.0,6.86,None,0.765,7.17,24700000,None,64900000,64900000,-99900000,8900000,2000000,-8400000,-7100000,None,None,9000000,2000000,193307692,None,4386500000,4386500000,254200000,None,None,847600000,None,None,171100000,28200000,0.2,0.0183,43600000,43600000,None,1.785,-0.01,375900000,547000000,0.3,2015-12-31,1102500000,749700000.0,912800000,356200000,104900000,133500000,133500000,None,46700000,None,767100000,None,None,921600000,None,None,81800000,None,None,None,0.068,102300000,479100000,433700000,83700000,385200000,None,None,None,None,None,None,None,-4.11,1.525,0.359,None,None,None,None,None,-29000000,None,0.0538,None,971100000,2025-10-27,quarterly,0.29,USD,pre-market,25000000,2093100000,0.0408,0.262,-0.059,30.2,468800000,1077900000,98600000,None,9.22,9.96,-3.3333,4052600000,1763300000,738000000,1803600000,2289300000,1065600000,5299300000,2249000000,6.86,-376800000,11.98,6.39
2025-12-28,LEG,1.61,4172900000.0,6.86,None,0.765,7.17,27200000,None,64900000,64900000,-128900000,-24900000,-23900000,-5600000,1000000,None,None,15500000,2000000,193307692,None,4386500000,4386500000,254200000,None,None,847600000,None,None,171100000,28500000,0.2,0.0183,42500000,42500000,None,1.785,-0.01,375900000,547000000,0.3,2015-09-30,1102500000,749700000.0,912800000,356200000,104900000,133500000,133500000,None,46700000,None,767100000,None,None,921600000,None,None,96100000,None,None,None,0.068,129900000,479100000,433700000,83700000,385200000,None,None,None,None,None,None,None,-4.11,1.525,0.359,None,None,None,None,None,-42700000,None,0.0538,None,971100000,2025-10-27,quarterly,0.29,USD,pre-market,25000000,2093100000,0.0408,0.262,-0.059,30.2,468800000,1077900000,98600000,None,9.22,9.96,-3.3333,4052600000,1763300000,738000000,1803600000,2289300000,1065600000,5299300000,2249000000,6.86,-376800000,11.98,6.39
2025-12-28,LEG,1.61,4172900000.0,6.86,None,0.765,7.17,29600000,None,64900000,64900000,-62600000,-19300000,12900000,1600000,-6200000,None,None,-12400000,2000000,193307692,None,4386500000,4386500000,254200000,None,None,847600000,None,None,171100000,26900000,0.2,0.0183,42800000,42800000,None,1.785,-0.01,375900000,547000000,0.3,2015-06-30,1102500000,749700000.0,912800000,356200000,104900000,133500000,133500000,None,46700000,None,767100000,None,None,921600000,None,None,78500000,None,None,None,0.068,94800000,479100000,433700000,83700000,385200000,None,None,None,None,None,None,None,-4.11,1.525,0.359,None,None,None,None,None,-55900000,None,0.0538,None,971100000,2025-10-27,quarterly,0.29,USD,pre-market,25000000,2093100000,0.0408,0.262,-0.059,30.2,468800000,1077900000,98600000,None,9.22,9.96,-3.3333,4052600000,1763300000,738000000,1803600000,2289300000,1065600000,5299300000,2249000000,6.86,-376800000,11.98,6.39
2025-12-28,LEG,1.61,4172900000.0,6.86,None,0.765,7.17,21700000,None,64900000,64900000,-75100000,-27600000,-70600000,-7500000,-36800000,None,None,-28500000,2000000,193307692,None,4386500000,4386500000,254200000,None,None,847600000,None,None,171100000,29600000,0.2,0.0183,42700000,42700000,None,1.785,-0.01,375900000,547000000,0.3,2015-03-31,1102500000,749700000.0,912800000,356200000,104900000,133500000,133500000,None,46700000,None,767100000,None,None,921600000,None,None,72800000,None,None,None,0.068,32100000,479100000,433700000,83700000,385200000,None,None,None,None,None,None,None,-4.11,1.525,0.359,None,None,None,None,None,-63900000,None,0.0538,None,971100000,2025-10-27,quarterly,0.29,USD,pre-market,25000000,2093100000,0.0408,0.262,-0.059,30.2,468800000,1077900000,98600000,None,9.22,9.96,-3.3333,4052600000,1763300000,738000000,1803600000,2289300000,1065600000,5299300000,2249000000,6.86,-376800000,11.98,6.39
2025-12-28,LEG,1.61,4172900000.0,6.86,None,0.765,7.17,31100000,None,64900000,64900000,-109500000,33200000,89900000,-7300000,-15700000,None,None,57500000,2000000,193307692,None,4386500000,4386500000,254200000,None,None,847600000,None,None,171100000,30300000,0.2,0.0183,42600000,42600000,None,1.785,-0.01,375900000,547000000,0.3,2014-12-31,1102500000,749700000.0,912800000,356200000,104900000,133500000,133500000,None,46700000,None,767100000,None,None,921600000,None,None,21600000,None,None,None,0.068,166200000,479100000,433700000,83700000,385200000,None,None,None,None,None,None,None,-4.11,1.525,0.359,None,None,None,None,None,-20700000,None,0.0538,None,971100000,2025-10-27,quarterly,0.29,USD,pre-market,25000000,2093100000,0.0408,0.262,-0.059,30.2,468800000,1077900000,98600000,None,9.22,9.96,-3.3333,4052600000,1763300000,738000000,1803600000,2289300000,1065600000,5299300000,2249000000,6.86,-376800000,11.98,6.39
2025-12-28,LEG,1.61,4172900000.0,6.86,None,0.765,7.17,24600000,None,64900000,64900000,-152200000,-41400000,-61300000,-4400000,19000000,None,None,-18300000,2000000,193307692,None,4386500000,4386500000,254200000,None,None,847600000,None,None,171100000,29200000,0.2,0.0183,41200000,41200000,None,1.785,-0.01,375900000,547000000,0.3,2014-09-30,1102500000,749700000.0,912800000,356200000,104900000,133500000,133500000,None,46700000,None,767100000,None,None,921600000,None,None,49000000,None,None,None,0.068,132300000,479100000,433700000,83700000,385200000,None,None,None,None,None,None,None,-4.11,1.525,0.359,None,None,None,None,None,-10900000,None,0.0538,None,971100000,2025-10-27,quarterly,0.29,USD,pre-market,25000000,2093100000,0.0408,0.262,-0.059,30.2,468800000,1077900000,98600000,None,9.22,9.96,-3.3333,4052600000,1763300000,738000000,1803600000,2289300000,1065600000,5299300000,2249000000,6.86,-376800000,11.98,6.39
2025-12-28,LEG,1.61,4172900000.0,6.86,None,0.765,7.17,23300000,None,64900000,64900000,3700000,-71200000,35600000,-100000,2400000,None,None,-40400000,2000000,193307692,None,4386500000,4386500000,254200000,None,None,847600000,None,None,171100000,29500000,0.2,0.0183,41700000,41700000,None,1.785,-0.01,375900000,547000000,0.3,2014-06-30,1102500000,749700000.0,912800000,356200000,104900000,133500000,133500000,None,46700000,None,767100000,None,None,921600000,None,None,-23100000,None,None,None,0.068,103100000,479100000,433700000,83700000,385200000,None,None,None,None,None,None,None,-4.11,1.525,0.359,None,None,None,None,None,-68100000,None,0.0538,None,971100000,2025-10-27,quarterly,0.29,USD,pre-market,25000000,2093100000,0.0408,0.262,-0.059,30.2,468800000,1077900000,98600000,None,9.22,9.96,-3.3333,4052600000,1763300000,738000000,1803600000,2289300000,1065600000,5299300000,2249000000,6.86,-376800000,11.98,6.39
2025-12-28,LEG,1.61,4172900000.0,6.86,None,0.765,7.17,15100000,None,64900000,64900000,24200000,-8600000,-4100000,-3700000,-27600000,None,None,-96500000,2000000,193307692,None,4386500000,4386500000,254200000,None,None,847600000,None,None,171100000,28900000,0.2,0.0183,42000000,42000000,None,1.785,-0.01,375900000,547000000,0.3,2014-03-31,1102500000,749700000.0,912800000,356200000,104900000,133500000,133500000,None,46700000,None,767100000,None,None,921600000,None,None,53700000,None,None,None,0.068,-19700000,479100000,433700000,83700000,385200000,None,None,None,None,None,None,None,-4.11,1.525,0.359,None,None,None,None,None,-50000000,None,0.0538,None,971100000,2025-10-27,quarterly,0.29,USD,pre-market,25000000,2093100000,0.0408,0.262,-0.059,30.2,468800000,1077900000,98600000,None,9.22,9.96,-3.3333,4052600000,1763300000,738000000,1803600000,2289300000,1065600000,5299300000,2249000000,6.86,-376800000,11.98,6.39
2025-12-28,LEG,1.61,4172900000.0,6.86,None,0.765,7.17,20600000,None,64900000,64900000,-184400000,-19900000,-26200000,3700000,-8200000,None,None,105500000,2000000,193307692,None,4386500000,4386500000,254200000,None,None,847600000,None,None,171100000,34300000,0.2,0.0183,42300000,42300000,None,1.785,-0.01,375900000,547000000,0.3,2013-12-31,1102500000,749700000.0,912800000,356200000,104900000,133500000,133500000,None,46700000,None,767100000,None,None,921600000,None,None,6300000,None,None,None,0.068,178100000,479100000,433700000,83700000,385200000,None,None,None,None,None,None,None,-4.11,1.525,0.359,None,None,None,None,None,-55700000,None,0.0538,None,971100000,2025-10-27,quarterly,0.29,USD,pre-market,25000000,2093100000,0.0408,0.262,-0.059,30.2,468800000,1077900000,98600000,None,9.22,9.96,-3.3333,4052600000,1763300000,738000000,1803600000,2289300000,1065600000,5299300000,2249000000,6.86,-376800000,11.98,6.39
2025-12-28,LEG,1.61,4172900000.0,6.86,None,0.765,7.17,18100000,None,64900000,64900000,-86100000,-10900000,18600000,4100000,38700000,None,None,-6500000,2000000,193307692,None,4386500000,4386500000,254200000,None,None,847600000,None,None,171100000,29200000,0.2,0.0183,41200000,41200000,None,1.785,-0.01,375900000,547000000,0.3,2013-09-30,1102500000,749700000.0,912800000,356200000,104900000,133500000,133500000,None,46700000,None,767100000,None,None,921600000,None,None,72000000,None,None,None,0.068,115600000,479100000,433700000,83700000,385200000,None,None,None,None,None,None,None,-4.11,1.525,0.359,None,None,None,None,None,-31500000,None,0.0538,None,971100000,2025-10-27,quarterly,0.29,USD,pre-market,25000000,2093100000,0.0408,0.262,-0.059,30.2,468800000,1077900000,98600000,None,9.22,9.96,-3.3333,4052600000,1763300000,738000000,1803600000,2289300000,1065600000,5299300000,2249000000,6.86,-376800000,11.98,6.39
2025-12-28,LEG,1.61,4172900000.0,6.86,None,0.765,7.17,22100000,None,64900000,64900000,-248700000,-19600000,-169100000,1000000,-17600000,None,None,-32600000,2000000,193307692,None,4386500000,4386500000,254200000,None,None,847600000,None,None,171100000,29800000,0.2,0.0183,41400000,41400000,None,1.785,-0.01,375900000,547000000,0.3,2013-06-30,1102500000,749700000.0,912800000,356200000,104900000,133500000,133500000,None,46700000,None,767100000,None,None,921600000,None,None,71900000,None,None,None,0.068,99200000,479100000,433700000,83700000,385200000,None,None,None,None,None,None,None,-4.11,1.525,0.359,None,None,None,None,None,-40600000,None,0.0538,None,971100000,2025-10-27,quarterly,0.29,USD,pre-market,25000000,2093100000,0.0408,0.262,-0.059,30.2,468800000,1077900000,98600000,None,9.22,9.96,-3.3333,4052600000,1763300000,738000000,1803600000,2289300000,1065600000,5299300000,2249000000,6.86,-376800000,11.98,6.39
2025-12-28,LEG,1.61,4172900000.0,6.86,None,0.765,7.17,19800000,None,64900000,64900000,84300000,-18000000,90300000,-2500000,-17000000,None,None,-79700000,2000000,193307692,None,4386500000,4386500000,254200000,None,None,847600000,None,None,171100000,28000000,0.2,0.0183,14400000,14400000,None,1.785,-0.01,375900000,547000000,0.3,2013-03-31,1102500000,749700000.0,912800000,356200000,104900000,133500000,133500000,None,46700000,None,767100000,None,None,921600000,None,None,49500000,None,None,None,0.068,24000000,479100000,433700000,83700000,385200000,None,None,None,None,None,None,None,-4.11,1.525,0.359,None,None,None,None,None,-41600000,None,0.0538,None,971100000,2025-10-27,quarterly,0.29,USD,pre-market,25000000,2093100000,0.0408,0.262,-0.059,30.2,468800000,1077900000,98600000,None,9.22,9.96,-3.3333,4052600000,1763300000,738000000,1803600000,2289300000,1065600000,5299300000,2249000000,6.86,-376800000,11.98,6.39
2025-12-28,LEG,1.61,4172900000.0,6.86,None,0.765,7.17,17500000,None,64900000,64900000,-82200000,-32300000,94200000,2300000,-18900000,None,None,147800000,2000000,193307692,None,4386500000,4386500000,254200000,None,None,847600000,None,None,171100000,28400000,0.2,0.0183,82000000,82000000,None,1.785,-0.01,375900000,547000000,0.3,2012-12-31,1102500000,749700000.0,912800000,356200000,104900000,133500000,133500000,None,46700000,None,767100000,None,None,921600000,None,None,74000000,None,None,None,0.068,208700000,479100000,433700000,83700000,385200000,None,None,None,None,None,None,None,-4.11,1.525,0.359,None,None,None,None,None,-14300000,None,0.0538,None,971100000,2025-10-27,quarterly,0.29,USD,pre-market,25000000,2093100000,0.0408,0.262,-0.059,30.2,468800000,1077900000,98600000,None,9.22,9.96,-3.3333,4052600000,1763300000,738000000,1803600000,2289300000,1065600000,5299300000,2249000000,6.86,-376800000,11.98,6.39
2025-12-28,LEG,1.61,4172900000.0,6.86,None,0.765,7.17,16200000,None,64900000,64900000,-43500000,-57500000,10400000,4000000,45800000,None,None,-42100000,2000000,193307692,None,4386500000,4386500000,254200000,None,None,847600000,None,None,171100000,30000000,0.2,0.0183,39300000,39300000,None,1.785,-0.01,375900000,547000000,0.3,2012-09-30,1102500000,749700000.0,912800000,356200000,104900000,133500000,133500000,None,46700000,None,767100000,None,None,921600000,None,None,66600000,None,None,None,0.068,94700000,479100000,433700000,83700000,385200000,None,None,None,None,None,None,None,-4.11,1.525,0.359,None,None,None,None,None,-8500000,None,0.0538,None,971100000,2025-10-27,quarterly,0.29,USD,pre-market,25000000,2093100000,0.0408,0.262,-0.059,30.2,468800000,1077900000,98600000,None,9.22,9.96,-3.3333,4052600000,1763300000,738000000,1803600000,2289300000,1065600000,5299300000,2249000000,6.86,-376800000,11.98,6.39
2025-12-28,LEG,1.61,4172900000.0,6.86,None,0.765,7.17,19700000,None,64900000,64900000,-63700000,-18700000,-6700000,-5500000,-51400000,None,None,11400000,2000000,193307692,None,4386500000,4386500000,254200000,None,None,847600000,None,None,171100000,28700000,0.2,0.0183,39200000,39200000,None,1.785,-0.01,375900000,547000000,0.3,2012-06-30,1102500000,749700000.0,912800000,356200000,104900000,133500000,133500000,None,46700000,None,767100000,None,None,921600000,None,None,65400000,None,None,None,0.068,81200000,479100000,433700000,83700000,385200000,None,None,None,None,None,None,None,-4.11,1.525,0.359,None,None,None,None,None,-1200000,None,0.0538,None,971100000,2025-10-27,quarterly,0.29,USD,pre-market,25000000,2093100000,0.0408,0.262,-0.059,30.2,468800000,1077900000,98600000,None,9.22,9.96,-3.3333,4052600000,1763300000,738000000,1803600000,2289300000,1065600000,5299300000,2249000000,6.86,-376800000,11.98,6.39
2025-12-28,LEG,1.61,4172900000.0,6.86,None,0.765,7.17,17600000,None,64900000,64900000,163700000,-206800000,24900000,2900000,-14600000,None,None,-56500000,2000000,193307692,None,4386500000,4386500000,254200000,None,None,847600000,None,None,171100000,29000000,0.2,0.0183,39000000,39000000,None,1.785,-0.01,375900000,547000000,0.3,2012-03-31,1102500000,749700000.0,912800000,356200000,104900000,133500000,133500000,None,46700000,None,767100000,None,None,921600000,None,None,44500000,None,None,None,0.068,65100000,479100000,433700000,83700000,385200000,None,None,None,None,None,None,None,-4.11,1.525,0.359,None,None,None,None,None,-6000000,None,0.0538,None,971100000,2025-10-27,quarterly,0.29,USD,pre-market,25000000,2093100000,0.0408,0.262,-0.059,30.2,468800000,1077900000,98600000,None,9.22,9.96,-3.3333,4052600000,1763300000,738000000,1803600000,2289300000,1065600000,5299300000,2249000000,6.86,-376800000,11.98,6.39
2025-12-28,LEG,1.61,4172900000.0,6.86,None,0.765,7.17,18300000,None,64900000,64900000,-96400000,-13900000,17500000,900000,12800000,None,None,71200000,2000000,193307692,None,4386500000,4386500000,254200000,None,None,847600000,None,None,171100000,28700000,0.2,0.0183,38900000,38900000,None,1.785,-0.01,375900000,547000000,0.3,2011-12-31,1102500000,749700000.0,912800000,356200000,104900000,133500000,133500000,None,46700000,None,767100000,None,None,921600000,None,None,9300000,None,None,None,0.068,126900000,479100000,433700000,83700000,385200000,None,None,None,None,None,None,None,-4.11,1.525,0.359,None,None,None,None,None,-200000,None,0.0538,None,971100000,2025-10-27,quarterly,0.29,USD,pre-market,25000000,2093100000,0.0408,0.262,-0.059,30.2,468800000,1077900000,98600000,None,9.22,9.96,-3.3333,4052600000,1763300000,738000000,1803600000,2289300000,1065600000,5299300000,2249000000,6.86,-376800000,11.98,6.39
2025-12-28,LEG,1.61,4172900000.0,6.86,None,0.765,7.17,18900000,None,64900000,64900000,-66400000,-19100000,15500000,-4600000,41900000,None,None,-18300000,2000000,193307692,None,4386500000,4386500000,254200000,None,None,847600000,None,None,171100000,27900000,0.2,0.0183,38200000,38200000,None,1.785,-0.01,375900000,547000000,0.3,2011-09-30,1102500000,749700000.0,912800000,356200000,104900000,133500000,133500000,None,46700000,None,767100000,None,None,921600000,None,None,45300000,None,None,None,0.068,101000000,479100000,433700000,83700000,385200000,None,None,None,None,None,None,None,-4.11,1.525,0.359,None,None,None,None,None,-52300000,None,0.0538,None,971100000,2025-10-27,quarterly,0.29,USD,pre-market,25000000,2093100000,0.0408,0.262,-0.059,30.2,468800000,1077900000,98600000,None,9.22,9.96,-3.3333,4052600000,1763300000,738000000,1803600000,2289300000,1065600000,5299300000,2249000000,6.86,-376800000,11.98,6.39
2025-12-28,LEG,1.61,4172900000.0,6.86,None,0.765,7.17,24300000,None,64900000,64900000,-57800000,-20000000,7900000,3600000,-43700000,None,None,5800000,2000000,193307692,None,4386500000,4386500000,254200000,None,None,847600000,None,None,171100000,28400000,0.2,0.0183,40100000,40100000,None,1.785,-0.01,375900000,547000000,0.3,2011-06-30,1102500000,749700000.0,912800000,356200000,104900000,133500000,133500000,None,46700000,None,767100000,None,None,921600000,None,None,54900000,None,None,None,0.068,49900000,479100000,433700000,83700000,385200000,None,None,None,None,None,None,None,-4.11,1.525,0.359,None,None,None,None,None,-59100000,None,0.0538,None,971100000,2025-10-27,quarterly,0.29,USD,pre-market,25000000,2093100000,0.0408,0.262,-0.059,30.2,468800000,1077900000,98600000,None,9.22,9.96,-3.3333,4052600000,1763300000,738000000,1803600000,2289300000,1065600000,5299300000,2249000000,6.86,-376800000,11.98,6.39
2025-12-28,LEG,1.61,4172900000.0,6.86,None,0.765,7.17,13500000,None,64900000,64900000,-60500000,-3900000,-49100000,3200000,-27300000,None,None,-88200000,2000000,193307692,None,4386500000,4386500000,254200000,None,None,847600000,None,None,171100000,31900000,0.2,0.0183,38700000,38700000,None,1.785,-0.01,375900000,547000000,0.3,2011-03-31,1102500000,749700000.0,912800000,356200000,104900000,133500000,133500000,None,46700000,None,767100000,None,None,921600000,None,None,46900000,None,None,None,0.068,51100000,479100000,433700000,83700000,385200000,None,None,None,None,None,None,None,-4.11,1.525,0.359,None,None,None,None,None,-113700000,None,0.0538,None,971100000,2025-10-27,quarterly,0.29,USD,pre-market,25000000,2093100000,0.0408,0.262,-0.059,30.2,468800000,1077900000,98600000,None,9.22,9.96,-3.3333,4052600000,1763300000,738000000,1803600000,2289300000,1065600000,5299300000,2249000000,6.86,-376800000,11.98,6.39
2025-12-28,LEG,1.61,4172900000.0,6.86,None,0.765,7.17,19100000,None,64900000,64900000,-147000000,-46000000,None,None,22800000,None,None,None,2000000,193307692,None,4386500000,4386500000,254200000,None,None,847600000,None,None,171100000,31600000,0.2,0.0183,39500000,39500000,None,1.785,-0.01,375900000,547000000,0.3,2010-12-31,1102500000,749700000.0,912800000,356200000,104900000,133500000,133500000,None,46700000,None,767100000,None,None,921600000,None,None,32500000,None,None,None,0.068,154100000,479100000,433700000,83700000,385200000,None,None,None,None,None,None,None,-4.11,1.525,0.359,None,None,None,None,None,-30000000,None,0.0538,None,971100000,2025-10-27,quarterly,0.29,USD,pre-market,25000000,2093100000,0.0408,0.262,-0.059,30.2,468800000,1077900000,98600000,None,9.22,9.96,-3.3333,4052600000,1763300000,738000000,1803600000,2289300000,1065600000,5299300000,2249000000,6.86,-376800000,11.98,6.39
2025-12-28,LEG,1.61,4172900000.0,6.86,None,0.765,7.17,18600000,None,64900000,64900000,-61300000,-19100000,None,None,1800000,None,None,None,2000000,193307692,None,4386500000,4386500000,254200000,None,None,847600000,None,None,171100000,30000000,0.2,0.0183,38200000,38200000,None,1.785,-0.01,375900000,547000000,0.3,2010-09-30,1102500000,749700000.0,912800000,356200000,104900000,133500000,133500000,None,46700000,None,767100000,None,None,921600000,None,None,49300000,None,None,None,0.068,90500000,479100000,433700000,83700000,385200000,None,None,None,None,None,None,None,-4.11,1.525,0.359,None,None,None,None,None,-11000000,None,0.0538,None,971100000,2025-10-27,quarterly,0.29,USD,pre-market,25000000,2093100000,0.0408,0.262,-0.059,30.2,468800000,1077900000,98600000,None,9.22,9.96,-3.3333,4052600000,1763300000,738000000,1803600000,2289300000,1065600000,5299300000,2249000000,6.86,-376800000,11.98,6.39
2025-12-28,LEG,1.61,4172900000.0,6.86,None,0.765,7.17,16500000,None,64900000,64900000,-50400000,-14800000,None,None,-19300000,None,None,None,2000000,193307692,None,4386500000,4386500000,254200000,None,None,847600000,None,None,171100000,29300000,0.2,0.0183,38500000,38500000,None,1.785,-0.01,375900000,547000000,0.3,2010-06-30,1102500000,749700000.0,912800000,356200000,104900000,133500000,133500000,None,46700000,None,767100000,None,None,921600000,None,None,54100000,None,None,None,0.068,66800000,479100000,433700000,83700000,385200000,None,None,None,None,None,None,None,-4.11,1.525,0.359,None,None,None,None,None,-55100000,None,0.0538,None,971100000,2025-10-27,quarterly,0.29,USD,pre-market,25000000,2093100000,0.0408,0.262,-0.059,30.2,468800000,1077900000,98600000,None,9.22,9.96,-3.3333,4052600000,1763300000,738000000,1803600000,2289300000,1065600000,5299300000,2249000000,6.86,-376800000,11.98,6.39
2025-12-28,LEG,1.61,4172900000.0,6.86,None,0.765,7.17,13500000,None,64900000,64900000,-54900000,-4300000,None,None,-36500000,None,None,None,2000000,193307692,None,4386500000,4386500000,254200000,None,None,847600000,None,None,171100000,31900000,0.2,0.0183,38700000,38700000,None,1.785,-0.01,375900000,547000000,0.3,2010-03-31,1102500000,749700000.0,912800000,356200000,104900000,133500000,133500000,None,46700000,None,767100000,None,None,921600000,None,None,46900000,None,None,None,0.068,51100000,479100000,433700000,83700000,385200000,None,None,None,None,None,None,None,-4.11,1.525,0.359,None,None,None,None,None,-34000000,None,0.0538,None,971100000,2025-10-27,quarterly,0.29,USD,pre-market,25000000,2093100000,0.0408,0.262,-0.059,30.2,468800000,1077900000,98600000,None,9.22,9.96,-3.3333,4052600000,1763300000,738000000,1803600000,2289300000,1065600000,5299300000,2249000000,6.86,-376800000,11.98,6.39
2025-12-28,LEG,1.61,4172900000.0,6.86,None,0.765,7.17,17600000,None,64900000,64900000,-83800000,-15100000,None,None,-12300000,None,None,None,2000000,193307692,None,4386500000,4386500000,254200000,None,None,847600000,None,None,171100000,33000000,0.2,0.0183,39700000,39700000,None,1.785,-0.01,375900000,547000000,0.3,2009-12-31,1102500000,749700000.0,912800000,356200000,104900000,133500000,133500000,None,46700000,None,767100000,None,None,921600000,None,None,37100000,None,None,None,0.068,134900000,479100000,433700000,83700000,385200000,None,None,None,None,None,None,None,-4.11,1.525,0.359,None,None,None,None,None,-84900000,None,0.0538,None,971100000,2025-10-27,quarterly,0.29,USD,pre-market,25000000,2093100000,0.0408,0.262,-0.059,30.2,468800000,1077900000,98600000,None,9.22,9.96,-3.3333,4052600000,1763300000,738000000,1803600000,2289300000,1065600000,5299300000,2249000000,6.86,-376800000,11.98,6.39
2025-12-28,LEG,1.61,4172900000.0,6.86,None,0.765,7.17,13900000,None,64900000,64900000,-128300000,-14300000,None,None,13800000,None,None,None,2000000,193307692,None,4386500000,4386500000,254200000,None,None,847600000,None,None,171100000,32500000,0.2,0.0183,39200000,39200000,None,1.785,-0.01,375900000,547000000,0.3,2009-09-30,1102500000,749700000.0,912800000,356200000,104900000,133500000,133500000,None,46700000,None,767100000,None,None,921600000,None,None,55700000,None,None,None,0.068,142000000,479100000,433700000,83700000,385200000,None,None,None,None,None,None,None,-4.11,1.525,0.359,None,None,None,None,None,-80100000,None,0.0538,None,971100000,2025-10-27,quarterly,0.29,USD,pre-market,25000000,2093100000,0.0408,0.262,-0.059,30.2,468800000,1077900000,98600000,None,9.22,9.96,-3.3333,4052600000,1763300000,738000000,1803600000,2289300000,1065600000,5299300000,2249000000,6.86,-376800000,11.98,6.39
2025-12-28,LEG,1.61,4172900000.0,6.86,None,0.765,7.17,29800000,None,64900000,64900000,-92400000,-28300000,None,None,45800000,None,None,None,2000000,193307692,None,4386500000,4386500000,254200000,None,None,847600000,None,None,171100000,33400000,0.2,0.0183,39200000,39200000,None,1.785,-0.01,375900000,547000000,0.3,2009-06-30,1102500000,749700000.0,912800000,356200000,104900000,133500000,133500000,None,46700000,None,767100000,None,None,921600000,None,None,19200000,None,None,None,0.068,173600000,479100000,433700000,83700000,385200000,None,None,None,None,None,None,None,-4.11,1.525,0.359,None,None,None,None,None,-11700000,None,0.0538,None,971100000,2025-10-27,quarterly,0.29,USD,pre-market,25000000,2093100000,0.0408,0.262,-0.059,30.2,468800000,1077900000,98600000,None,9.22,9.96,-3.3333,4052600000,1763300000,738000000,1803600000,2289300000,1065600000,5299300000,2249000000,6.86,-376800000,11.98,6.39
2025-12-28,LEG,1.61,4172900000.0,6.86,None,0.765,7.17,21700000,None,64900000,64900000,-104200000,-14800000,None,None,40300000,None,None,None,2000000,193307692,None,4386500000,4386500000,254200000,None,None,847600000,None,None,171100000,31400000,0.2,0.0183,39100000,39100000,None,1.785,-0.01,375900000,547000000,0.3,2009-03-31,1102500000,749700000.0,912800000,356200000,104900000,133500000,133500000,None,46700000,None,767100000,None,None,921600000,None,None,3000000,None,None,None,0.068,114800000,479100000,433700000,83700000,385200000,None,None,None,None,None,None,None,-4.11,1.525,0.359,None,None,None,None,None,-15300000,None,0.0538,None,971100000,2025-10-27,quarterly,0.29,USD,pre-market,25000000,2093100000,0.0408,0.262,-0.059,30.2,468800000,1077900000,98600000,None,9.22,9.96,-3.3333,4052600000,1763300000,738000000,1803600000,2289300000,1065600000,5299300000,2249000000,6.86,-376800000,11.98,6.39
2025-12-28,LEG,1.61,4172900000.0,6.86,None,0.765,7.17,27500000,None,64900000,64900000,-268600000,-4400000,None,None,117600000,None,None,None,2000000,193307692,None,4386500000,4386500000,254200000,None,None,847600000,None,None,171100000,34800000,0.2,0.0183,37400000,37400000,None,1.785,-0.01,375900000,547000000,0.3,2008-12-31,1102500000,749700000.0,912800000,356200000,104900000,133500000,133500000,None,46700000,None,767100000,None,None,921600000,None,None,-18000000,None,None,None,0.068,233100000,479100000,433700000,83700000,385200000,None,None,None,None,None,None,None,-4.11,1.525,0.359,None,None,None,None,None,-39600000,None,0.0538,None,971100000,2025-10-27,quarterly,0.29,USD,pre-market,25000000,2093100000,0.0408,0.262,-0.059,30.2,468800000,1077900000,98600000,None,9.22,9.96,-3.3333,4052600000,1763300000,738000000,1803600000,2289300000,1065600000,5299300000,2249000000,6.86,-376800000,11.98,6.39
2025-12-28,LEG,1.61,4172900000.0,6.86,None,0.765,7.17,26000000,None,64900000,64900000,-391100000,325800000,None,None,13600000,None,None,None,2000000,193307692,None,4386500000,4386500000,254200000,None,None,847600000,None,None,171100000,34400000,0.2,0.0183,42000000,42000000,None,1.785,-0.01,375900000,547000000,0.3,2008-09-30,1102500000,749700000.0,912800000,356200000,104900000,133500000,133500000,None,46700000,None,767100000,None,None,921600000,None,None,32700000,None,None,None,0.068,76600000,479100000,433700000,83700000,385200000,None,None,None,None,None,None,None,-4.11,1.525,0.359,None,None,None,None,None,-145100000,None,0.0538,None,971100000,2025-10-27,quarterly,0.29,USD,pre-market,25000000,2093100000,0.0408,0.262,-0.059,30.2,468800000,1077900000,98600000,None,9.22,9.96,-3.3333,4052600000,1763300000,738000000,1803600000,2289300000,1065600000,5299300000,2249000000,6.86,-376800000,11.98,6.39
2025-12-28,LEG,1.61,4172900000.0,6.86,None,0.765,7.17,31600000,None,64900000,64900000,-25600000,-35600000,None,None,-67700000,None,None,None,2000000,193307692,None,4386500000,4386500000,254200000,None,None,847600000,None,None,171100000,36200000,0.2,0.0183,42500000,42500000,None,1.785,-0.01,375900000,547000000,0.3,2008-06-30,1102500000,749700000.0,912800000,356200000,104900000,133500000,133500000,None,46700000,None,767100000,None,None,921600000,None,None,46300000,None,None,None,0.068,73400000,479100000,433700000,83700000,385200000,None,None,None,None,None,None,None,-4.11,1.525,0.359,None,None,None,None,None,-49200000,None,0.0538,None,971100000,2025-10-27,quarterly,0.29,USD,pre-market,25000000,2093100000,0.0408,0.262,-0.059,30.2,468800000,1077900000,98600000,None,9.22,9.96,-3.3333,4052600000,1763300000,738000000,1803600000,2289300000,1065600000,5299300000,2249000000,6.86,-376800000,11.98,6.39
2025-12-28,LEG,1.61,4172900000.0,6.86,None,0.765,7.17,33200000,None,64900000,64900000,-48200000,-22500000,None,None,-13600000,None,None,None,2000000,193307692,None,4386500000,4386500000,254200000,None,None,847600000,None,None,171100000,35000000,0.2,0.0183,43200000,43200000,None,1.785,-0.01,375900000,547000000,0.3,2008-03-31,1102500000,749700000.0,912800000,356200000,104900000,133500000,133500000,None,46700000,None,767100000,None,None,921600000,None,None,43400000,None,None,None,0.068,53100000,479100000,433700000,83700000,385200000,None,None,None,None,None,None,None,-4.11,1.525,0.359,None,None,None,None,None,-62600000,None,0.0538,None,971100000,2025-10-27,quarterly,0.29,USD,pre-market,25000000,2093100000,0.0408,0.262,-0.059,30.2,468800000,1077900000,98600000,None,9.22,9.96,-3.3333,4052600000,1763300000,738000000,1803600000,2289300000,1065600000,5299300000,2249000000,6.86,-376800000,11.98,6.39
2025-12-28,LEG,1.61,4172900000.0,6.86,None,0.765,7.17,40300000,None,64900000,64900000,-106500000,-59400000,None,None,1900000,None,None,None,2000000,193307692,None,4386500000,4386500000,254200000,None,None,847600000,None,None,171100000,48300000,0.2,0.0183,31100000,31100000,None,1.785,-0.01,375900000,547000000,0.3,2007-12-31,1102500000,749700000.0,912800000,356200000,104900000,133500000,133500000,None,46700000,None,767100000,None,None,921600000,None,None,-212600000,None,None,None,0.068,178200000,479100000,433700000,83700000,385200000,None,None,None,None,None,None,None,-4.11,1.525,0.359,None,None,None,None,None,-22500000,None,0.0538,None,971100000,2025-10-27,quarterly,0.29,USD,pre-market,25000000,2093100000,0.0408,0.262,-0.059,30.2,468800000,1077900000,98600000,None,9.22,9.96,-3.3333,4052600000,1763300000,738000000,1803600000,2289300000,1065600000,5299300000,2249000000,6.86,-376800000,11.98,6.39
2025-12-28,LEG,1.61,4172900000.0,6.86,None,0.765,7.17,37400000,None,64900000,64900000,-137000000,-38200000,None,None,52200000,None,None,None,2000000,193307692,None,4386500000,4386500000,254200000,None,None,847600000,None,None,171100000,44900000,0.2,0.0183,32200000,32200000,None,1.785,-0.01,375900000,547000000,0.3,2007-09-30,1102500000,749700000.0,912800000,356200000,104900000,133500000,133500000,None,46700000,None,767100000,None,None,921600000,None,None,65700000,None,None,None,0.068,194200000,479100000,433700000,83700000,385200000,None,None,None,None,None,None,None,-4.11,1.525,0.359,None,None,None,None,None,-123900000,None,0.0538,None,971100000,2025-10-27,quarterly,0.29,USD,pre-market,25000000,2093100000,0.0408,0.262,-0.059,30.2,468800000,1077900000,98600000,None,9.22,9.96,-3.3333,4052600000,1763300000,738000000,1803600000,2289300000,1065600000,5299300000,2249000000,6.86,-376800000,11.98,6.39
2025-12-28,LEG,1.61,4172900000.0,6.86,None,0.765,7.17,26900000,None,64900000,64900000,-145600000,-16700000,None,None,1000000,None,None,None,2000000,193307692,None,4386500000,4386500000,254200000,None,None,847600000,None,None,171100000,46700000,0.2,0.0183,30600000,30600000,None,1.785,-0.01,375900000,547000000,0.3,2007-06-30,1102500000,749700000.0,912800000,356200000,104900000,133500000,133500000,None,46700000,None,767100000,None,None,921600000,None,None,60000000,None,None,None,0.068,92700000,479100000,433700000,83700000,385200000,None,None,None,None,None,None,None,-4.11,1.525,0.359,None,None,None,None,None,-51700000,None,0.0538,None,971100000,2025-10-27,quarterly,0.29,USD,pre-market,25000000,2093100000,0.0408,0.262,-0.059,30.2,468800000,1077900000,98600000,None,9.22,9.96,-3.3333,4052600000,1763300000,738000000,1803600000,2289300000,1065600000,5299300000,2249000000,6.86,-376800000,11.98,6.39
2025-12-28,LEG,1.61,4172900000.0,6.86,None,0.765,7.17,44200000,None,64900000,64900000,-2400000,-43700000,None,None,10400000,None,None,None,2000000,193307692,None,4386500000,4386500000,254200000,None,None,847600000,None,None,171100000,43500000,0.2,0.0183,30900000,30900000,None,1.785,-0.01,375900000,547000000,0.3,2007-03-31,1102500000,749700000.0,912800000,356200000,104900000,133500000,133500000,None,46700000,None,767100000,None,None,921600000,None,None,75700000,None,None,None,0.068,148600000,479100000,433700000,83700000,385200000,None,None,None,None,None,None,None,-4.11,1.525,0.359,None,None,None,None,None,-39000000,None,0.0538,None,971100000,2025-10-27,quarterly,0.29,USD,pre-market,25000000,2093100000,0.0408,0.262,-0.059,30.2,468800000,1077900000,98600000,None,9.22,9.96,-3.3333,4052600000,1763300000,738000000,1803600000,2289300000,1065600000,5299300000,2249000000,6.86,-376800000,11.98,6.39
2025-12-28,LEG,1.61,4172900000.0,6.86,None,0.765,7.17,40500000,None,64900000,64900000,-74200000,-60600000,None,None,-26400000,None,None,None,2000000,193307692,None,4386500000,4386500000,254200000,None,None,847600000,None,None,171100000,43500000,0.2,0.0183,31000000,31000000,None,1.785,-0.01,375900000,547000000,0.3,2006-12-31,1102500000,749700000.0,912800000,356200000,104900000,133500000,133500000,None,46700000,None,767100000,None,None,921600000,None,None,70000000,None,None,None,0.068,169900000,479100000,433700000,83700000,385200000,None,None,None,None,None,None,None,-4.11,1.525,0.359,None,None,None,None,None,-37500000,None,0.0538,None,971100000,2025-10-27,quarterly,0.29,USD,pre-market,25000000,2093100000,0.0408,0.262,-0.059,30.2,468800000,1077900000,98600000,None,9.22,9.96,-3.3333,4052600000,1763300000,738000000,1803600000,2289300000,1065600000,5299300000,2249000000,6.86,-376800000,11.98,6.39
2025-12-28,LEG,1.61,4172900000.0,6.86,None,0.765,7.17,46000000,None,64900000,64900000,-58300000,-36300000,None,None,-3800000,None,None,None,2000000,193307692,None,4386500000,4386500000,254200000,None,None,847600000,None,None,171100000,43900000,0.2,0.0183,31100000,31100000,None,1.785,-0.01,375900000,547000000,0.3,2006-09-30,1102500000,749700000.0,912800000,356200000,104900000,133500000,133500000,None,46700000,None,767100000,None,None,921600000,None,None,84000000,None,None,None,0.068,93500000,479100000,433700000,83700000,385200000,None,None,None,None,None,None,None,-4.11,1.525,0.359,None,None,None,None,None,-45900000,None,0.0538,None,971100000,2025-10-27,quarterly,0.29,USD,pre-market,25000000,2093100000,0.0408,0.262,-0.059,30.2,468800000,1077900000,98600000,None,9.22,9.96,-3.3333,4052600000,1763300000,738000000,1803600000,2289300000,1065600000,5299300000,2249000000,6.86,-376800000,11.98,6.39
2025-12-28,LEG,1.61,4172900000.0,6.86,None,0.765,7.17,45900000,None,64900000,64900000,-9900000,-95500000,None,None,-27400000,None,None,None,2000000,193307692,None,4386500000,4386500000,254200000,None,None,847600000,None,None,171100000,44800000,0.2,0.0183,29500000,29500000,None,1.785,-0.01,375900000,547000000,0.3,2006-06-30,1102500000,749700000.0,912800000,356200000,104900000,133500000,133500000,None,46700000,None,767100000,None,None,921600000,None,None,84200000,None,None,None,0.068,67800000,479100000,433700000,83700000,385200000,None,None,None,None,None,None,None,-4.11,1.525,0.359,None,None,None,None,None,-45400000,None,0.0538,None,971100000,2025-10-27,quarterly,0.29,USD,pre-market,25000000,2093100000,0.0408,0.262,-0.059,30.2,468800000,1077900000,98600000,None,9.22,9.96,-3.3333,4052600000,1763300000,738000000,1803600000,2289300000,1065600000,5299300000,2249000000,6.86,-376800000,11.98,6.39
2025-12-28,LEG,1.61,4172900000.0,6.86,None,0.765,7.17,33900000,None,64900000,64900000,-43700000,-39100000,None,None,-3600000,None,None,None,2000000,193307692,None,4386500000,4386500000,254200000,None,None,847600000,None,None,171100000,43200000,0.2,0.0183,29500000,29500000,None,1.785,-0.01,375900000,547000000,0.3,2006-03-31,1102500000,749700000.0,912800000,356200000,104900000,133500000,133500000,None,46700000,None,767100000,None,None,921600000,None,None,62100000,None,None,None,0.068,147700000,479100000,433700000,83700000,385200000,None,None,None,None,None,None,None,-4.11,1.525,0.359,None,None,None,None,None,-21500000,None,0.0538,None,971100000,2025-10-27,quarterly,0.29,USD,pre-market,25000000,2093100000,0.0408,0.262,-0.059,30.2,468800000,1077900000,98600000,None,9.22,9.96,-3.3333,4052600000,1763300000,738000000,1803600000,2289300000,1065600000,5299300000,2249000000,6.86,-376800000,11.98,6.39
2025-12-28,LEG,1.61,4172900000.0,6.86,None,0.765,7.17,48700000,None,64900000,64900000,-156800000,-173400000,None,None,500000,None,None,None,2000000,193307692,None,4386500000,4386500000,254200000,None,None,847600000,None,None,171100000,44200000,0.2,0.0183,30400000,30400000,None,1.785,-0.01,375900000,547000000,0.3,2005-12-31,1102500000,749700000.0,912800000,356200000,104900000,133500000,133500000,None,46700000,None,767100000,None,None,921600000,None,None,45300000,None,None,None,0.068,147200000,479100000,433700000,83700000,385200000,None,None,None,None,None,None,None,-4.11,1.525,0.359,None,None,None,None,None,-104400000,None,0.0538,None,971100000,2025-10-27,quarterly,0.29,USD,pre-market,25000000,2093100000,0.0408,0.262,-0.059,30.2,468800000,1077900000,98600000,None,9.22,9.96,-3.3333,4052600000,1763300000,738000000,1803600000,2289300000,1065600000,5299300000,2249000000,6.86,-376800000,11.98,6.39
2025-12-28,LEG,1.61,4172900000.0,6.86,None,0.765,7.17,39800000,None,64900000,64900000,87100000,-52500000,None,None,45600000,None,None,None,2000000,193307692,None,4386500000,4386500000,254200000,None,None,847600000,None,None,171100000,44300000,0.2,0.0183,30400000,30400000,None,1.785,-0.01,375900000,547000000,0.3,2005-09-30,1102500000,749700000.0,912800000,356200000,104900000,133500000,133500000,None,46700000,None,767100000,None,None,921600000,None,None,54000000,None,None,None,0.068,145800000,479100000,433700000,83700000,385200000,None,None,None,None,None,None,None,-4.11,1.525,0.359,None,None,None,None,None,-35500000,None,0.0538,None,971100000,2025-10-27,quarterly,0.29,USD,pre-market,25000000,2093100000,0.0408,0.262,-0.059,30.2,468800000,1077900000,98600000,None,9.22,9.96,-3.3333,4052600000,1763300000,738000000,1803600000,2289300000,1065600000,5299300000,2249000000,6.86,-376800000,11.98,6.39
2025-12-28,LEG,1.61,4172900000.0,6.86,None,0.765,7.17,81600000,None,64900000,64900000,-270000000,-36600000,None,None,44700000,None,None,None,2000000,193307692,None,4386500000,4386500000,254200000,None,None,847600000,None,None,171100000,136000000,0.2,0.0183,136300000,136300000,None,1.785,-0.01,375900000,547000000,0.3,2024-12-31,1102500000,749700000.0,912800000,356200000,104900000,133500000,133500000,None,46700000,None,767100000,None,None,921600000,None,None,-511400000,None,None,None,0.068,305700000,479100000,433700000,83700000,385200000,None,None,None,None,None,None,None,-4.11,1.525,0.359,None,None,None,None,None,-4900000,None,0.0538,None,971100000,2025-10-27,annual,0.29,USD,pre-market,25000000,2093100000,0.0408,0.262,-0.059,30.2,468800000,1077900000,98600000,None,9.22,9.96,-3.3333,4052600000,1763300000,738000000,1803600000,2289300000,1065600000,5299300000,2249000000,6.86,-376800000,11.98,6.39
2025-12-28,LEG,1.61,4172900000.0,6.86,None,0.765,7.17,113800000,None,64900000,64900000,-358800000,-91300000,None,None,86500000,None,None,None,2000000,193307692,None,4386500000,4386500000,254200000,None,None,847600000,None,None,171100000,177900000,0.2,0.0183,239400000,239400000,None,1.785,-0.01,375900000,547000000,0.3,2023-12-31,1102500000,749700000.0,912800000,356200000,104900000,133500000,133500000,None,46700000,None,767100000,None,None,921600000,None,None,-136800000,None,None,None,0.068,497200000,479100000,433700000,83700000,385200000,None,None,None,None,None,None,None,-4.11,1.525,0.359,None,None,None,None,None,-6000000,None,0.0538,None,971100000,2025-10-27,annual,0.29,USD,pre-market,25000000,2093100000,0.0408,0.262,-0.059,30.2,468800000,1077900000,98600000,None,9.22,9.96,-3.3333,4052600000,1763300000,738000000,1803600000,2289300000,1065600000,5299300000,2249000000,6.86,-376800000,11.98,6.39
2025-12-28,LEG,1.61,4172900000.0,6.86,None,0.765,7.17,100300000,None,64900000,64900000,-284500000,-181200000,-26000000,None,96100000,None,None,-26600000,2000000,193307692,None,4386500000,4386500000,254200000,None,None,847600000,None,None,171100000,179800000,0.2,0.0183,229200000,229200000,None,1.785,-0.01,375900000,547000000,0.3,2022-12-31,1102500000,749700000.0,912800000,356200000,104900000,133500000,133500000,None,46700000,None,767100000,None,None,921600000,None,None,309900000,None,None,None,0.068,441400000,479100000,433700000,83700000,385200000,None,None,None,None,None,None,None,-4.11,1.525,0.359,None,None,None,None,None,-60300000,None,0.0538,None,971100000,2025-10-27,annual,0.29,USD,pre-market,25000000,2093100000,0.0408,0.262,-0.059,30.2,468800000,1077900000,98600000,None,9.22,9.96,-3.3333,4052600000,1763300000,738000000,1803600000,2289300000,1065600000,5299300000,2249000000,6.86,-376800000,11.98,6.39
2025-12-28,LEG,1.61,4172900000.0,6.86,None,0.765,7.17,106600000,None,64900000,64900000,-39700000,-220700000,12300000,None,-305000000,None,None,-75000000,2000000,193307692,None,4386500000,4386500000,254200000,None,None,847600000,None,None,171100000,187300000,0.2,0.0183,218300000,218300000,None,1.785,-0.01,375900000,547000000,0.3,2021-12-31,1102500000,749700000.0,912800000,356200000,104900000,133500000,133500000,None,46700000,None,767100000,None,None,921600000,None,None,402600000,None,None,None,0.068,271300000,479100000,433700000,83700000,385200000,None,None,None,None,None,None,None,-4.11,1.525,0.359,None,None,None,None,None,-6300000,None,0.0538,None,971100000,2025-10-27,annual,0.29,USD,pre-market,25000000,2093100000,0.0408,0.262,-0.059,30.2,468800000,1077900000,98600000,None,9.22,9.96,-3.3333,4052600000,1763300000,738000000,1803600000,2289300000,1065600000,5299300000,2249000000,6.86,-376800000,11.98,6.39
2025-12-28,LEG,1.61,4172900000.0,6.86,None,0.765,7.17,66200000,None,64900000,64900000,-448400000,-49000000,91900000,None,-19700000,None,None,24300000,2000000,193307692,None,4386500000,4386500000,254200000,None,None,847600000,None,None,171100000,189400000,0.2,0.0183,211500000,211500000,None,1.785,-0.01,375900000,547000000,0.3,2020-12-31,1102500000,749700000.0,912800000,356200000,104900000,133500000,133500000,None,46700000,None,767100000,None,None,921600000,None,None,247700000,None,None,None,0.068,602600000,479100000,433700000,83700000,385200000,None,None,None,None,None,None,None,-4.11,1.525,0.359,None,None,None,None,None,-9100000,None,0.0538,None,971100000,2025-10-27,annual,0.29,USD,pre-market,25000000,2093100000,0.0408,0.262,-0.059,30.2,468800000,1077900000,98600000,None,9.22,9.96,-3.3333,4052600000,1763300000,738000000,1803600000,2289300000,1065600000,5299300000,2249000000,6.86,-376800000,11.98,6.39
2025-12-28,LEG,1.61,4172900000.0,6.86,None,0.765,7.17,143100000,None,64900000,64900000,735300000,-1418200000,-19100000,None,53300000,None,None,53000000,2000000,193307692,None,4386500000,4386500000,254200000,None,None,847600000,None,None,171100000,191900000,0.2,0.0183,204600000,204600000,None,1.785,-0.01,375900000,547000000,0.3,2019-12-31,1102500000,749700000.0,912800000,356200000,104900000,133500000,133500000,None,46700000,None,767100000,None,None,921600000,None,None,333900000,None,None,None,0.068,668000000,479100000,433700000,83700000,385200000,None,None,None,None,None,None,None,-4.11,1.525,0.359,None,None,None,None,None,-7100000,None,0.0538,None,971100000,2025-10-27,annual,0.29,USD,pre-market,25000000,2093100000,0.0408,0.262,-0.059,30.2,468800000,1077900000,98600000,None,9.22,9.96,-3.3333,4052600000,1763300000,738000000,1803600000,2289300000,1065600000,5299300000,2249000000,6.86,-376800000,11.98,6.39
2025-12-28,LEG,1.61,4172900000.0,6.86,None,0.765,7.17,159600000,None,64900000,64900000,-387100000,-263900000,-258000000,-23600000,-54300000,None,None,-25800000,2000000,193307692,None,4386500000,4386500000,254200000,None,None,847600000,None,None,171100000,136100000,0.2,0.0183,193700000,193700000,None,1.785,-0.01,375900000,547000000,0.3,2018-12-31,1102500000,749700000.0,912800000,356200000,104900000,133500000,133500000,None,46700000,None,767100000,None,None,921600000,None,None,306100000,None,None,None,0.068,440300000,479100000,433700000,83700000,385200000,None,None,None,None,None,None,None,-4.11,1.525,0.359,None,None,None,None,None,-112400000,None,0.0538,None,971100000,2025-10-27,annual,0.29,USD,pre-market,25000000,2093100000,0.0408,0.262,-0.059,30.2,468800000,1077900000,98600000,None,9.22,9.96,-3.3333,4052600000,1763300000,738000000,1803600000,2289300000,1065600000,5299300000,2249000000,6.86,-376800000,11.98,6.39
2025-12-28,LEG,1.61,4172900000.0,6.86,None,0.765,7.17,159400000,None,64900000,64900000,-46200000,-153300000,244200000,30000000,-48100000,None,None,-40600000,2000000,193307692,None,4386500000,4386500000,254200000,None,None,847600000,None,None,171100000,125900000,0.2,0.0183,185600000,185600000,None,1.785,-0.01,375900000,547000000,0.3,2017-12-31,1102500000,749700000.0,912800000,356200000,104900000,133500000,133500000,None,46700000,None,767100000,None,None,921600000,None,None,292700000,None,None,None,0.068,443700000,479100000,433700000,83700000,385200000,None,None,None,None,None,None,None,-4.11,1.525,0.359,None,None,None,None,None,-157600000,None,0.0538,None,971100000,2025-10-27,annual,0.29,USD,pre-market,25000000,2093100000,0.0408,0.262,-0.059,30.2,468800000,1077900000,98600000,None,9.22,9.96,-3.3333,4052600000,1763300000,738000000,1803600000,2289300000,1065600000,5299300000,2249000000,6.86,-376800000,11.98,6.39
2025-12-28,LEG,1.61,4172900000.0,6.86,None,0.765,7.17,124000000,None,64900000,64900000,-456500000,-67400000,28700000,-19700000,-33300000,None,None,3400000,2000000,193307692,None,4386500000,4386500000,254200000,None,None,847600000,None,None,171100000,115400000,0.2,0.0183,177400000,177400000,None,1.785,-0.01,375900000,547000000,0.3,2016-12-31,1102500000,749700000.0,912800000,356200000,104900000,133500000,133500000,None,46700000,None,767100000,None,None,921600000,None,None,386200000,None,None,None,0.068,552600000,479100000,433700000,83700000,385200000,None,None,None,None,None,None,None,-4.11,1.525,0.359,None,None,None,None,None,-198000000,None,0.0538,None,971100000,2025-10-27,annual,0.29,USD,pre-market,25000000,2093100000,0.0408,0.262,-0.059,30.2,468800000,1077900000,98600000,None,9.22,9.96,-3.3333,4052600000,1763300000,738000000,1803600000,2289300000,1065600000,5299300000,2249000000,6.86,-376800000,11.98,6.39
2025-12-28,LEG,1.61,4172900000.0,6.86,None,0.765,7.17,103200000,None,64900000,64900000,-358100000,-62900000,-79600000,-19900000,-49100000,None,None,-16400000,2000000,193307692,None,4386500000,4386500000,254200000,None,None,847600000,None,None,171100000,113200000,0.2,0.0183,171600000,171600000,None,1.785,-0.01,375900000,547000000,0.3,2015-12-31,1102500000,749700000.0,912800000,356200000,104900000,133500000,133500000,None,46700000,None,767100000,None,None,921600000,None,None,329200000,None,None,None,0.068,359100000,479100000,433700000,83700000,385200000,None,None,None,None,None,None,None,-4.11,1.525,0.359,None,None,None,None,None,-191500000,None,0.0538,None,971100000,2025-10-27,annual,0.29,USD,pre-market,25000000,2093100000,0.0408,0.262,-0.059,30.2,468800000,1077900000,98600000,None,9.22,9.96,-3.3333,4052600000,1763300000,738000000,1803600000,2289300000,1065600000,5299300000,2249000000,6.86,-376800000,11.98,6.39
2025-12-28,LEG,1.61,4172900000.0,6.86,None,0.765,7.17,94100000,None,64900000,64900000,-233800000,-88000000,60100000,-15500000,-21900000,None,None,-97700000,2000000,193307692,None,4386500000,4386500000,254200000,None,None,847600000,None,None,171100000,117900000,0.2,0.0183,167500000,167500000,None,1.785,-0.01,375900000,547000000,0.3,2014-12-31,1102500000,749700000.0,912800000,356200000,104900000,133500000,133500000,None,46700000,None,767100000,None,None,921600000,None,None,101200000,None,None,None,0.068,381900000,479100000,433700000,83700000,385200000,None,None,None,None,None,None,None,-4.11,1.525,0.359,None,None,None,None,None,-149700000,None,0.0538,None,971100000,2025-10-27,annual,0.29,USD,pre-market,25000000,2093100000,0.0408,0.262,-0.059,30.2,468800000,1077900000,98600000,None,9.22,9.96,-3.3333,4052600000,1763300000,738000000,1803600000,2289300000,1065600000,5299300000,2249000000,6.86,-376800000,11.98,6.39
2025-12-28,LEG,1.61,4172900000.0,6.86,None,0.765,7.17,80600000,None,64900000,64900000,-434900000,-68400000,-86400000,6300000,-4100000,None,None,-13300000,2000000,193307692,None,4386500000,4386500000,254200000,None,None,847600000,None,None,171100000,122600000,0.2,0.0183,124900000,124900000,None,1.785,-0.01,375900000,547000000,0.3,2013-12-31,1102500000,749700000.0,912800000,356200000,104900000,133500000,133500000,None,46700000,None,767100000,None,None,921600000,None,None,199700000,None,None,None,0.068,416900000,479100000,433700000,83700000,385200000,None,None,None,None,None,None,None,-4.11,1.525,0.359,None,None,None,None,None,-169400000,None,0.0538,None,971100000,2025-10-27,annual,0.29,USD,pre-market,25000000,2093100000,0.0408,0.262,-0.059,30.2,468800000,1077900000,98600000,None,9.22,9.96,-3.3333,4052600000,1763300000,738000000,1803600000,2289300000,1065600000,5299300000,2249000000,6.86,-376800000,11.98,6.39
2025-12-28,LEG,1.61,4172900000.0,6.86,None,0.765,7.17,71000000,None,64900000,64900000,-37700000,-289200000,122800000,3700000,-39100000,None,None,60600000,2000000,193307692,None,4386500000,4386500000,254200000,None,None,847600000,None,None,171100000,116100000,0.2,0.0183,199500000,199500000,None,1.785,-0.01,375900000,547000000,0.3,2012-12-31,1102500000,749700000.0,912800000,356200000,104900000,133500000,133500000,None,46700000,None,767100000,None,None,921600000,None,None,250500000,None,None,None,0.068,449700000,479100000,433700000,83700000,385200000,None,None,None,None,None,None,None,-4.11,1.525,0.359,None,None,None,None,None,-30000000,None,0.0538,None,971100000,2025-10-27,annual,0.29,USD,pre-market,25000000,2093100000,0.0408,0.262,-0.059,30.2,468800000,1077900000,98600000,None,9.22,9.96,-3.3333,4052600000,1763300000,738000000,1803600000,2289300000,1065600000,5299300000,2249000000,6.86,-376800000,11.98,6.39
2025-12-28,LEG,1.61,4172900000.0,6.86,None,0.765,7.17,75000000,None,64900000,64900000,-282300000,-54800000,-8200000,3100000,-16300000,None,None,-29500000,2000000,193307692,None,4386500000,4386500000,254200000,None,None,847600000,None,None,171100000,116900000,0.2,0.0183,155900000,155900000,None,1.785,-0.01,375900000,547000000,0.3,2011-12-31,1102500000,749700000.0,912800000,356200000,104900000,133500000,133500000,None,46700000,None,767100000,None,None,921600000,None,None,156400000,None,None,None,0.068,328900000,479100000,433700000,83700000,385200000,None,None,None,None,None,None,None,-4.11,1.525,0.359,None,None,None,None,None,-225300000,None,0.0538,None,971100000,2025-10-27,annual,0.29,USD,pre-market,25000000,2093100000,0.0408,0.262,-0.059,30.2,468800000,1077900000,98600000,None,9.22,9.96,-3.3333,4052600000,1763300000,738000000,1803600000,2289300000,1065600000,5299300000,2249000000,6.86,-376800000,11.98,6.39
2025-12-28,LEG,1.61,4172900000.0,6.86,None,0.765,7.17,67700000,None,64900000,64900000,-313600000,-65100000,-16000000,200000,-31200000,None,None,-34700000,2000000,193307692,None,4386500000,4386500000,254200000,None,None,847600000,None,None,171100000,122800000,0.2,0.0183,154900000,154900000,None,1.785,-0.01,375900000,547000000,0.3,2010-12-31,1102500000,749700000.0,912800000,356200000,104900000,133500000,133500000,None,46700000,None,767100000,None,None,921600000,None,None,182800000,None,None,None,0.068,362500000,479100000,433700000,83700000,385200000,None,None,None,None,None,None,None,-4.11,1.525,0.359,None,None,None,None,None,-130100000,None,0.0538,None,971100000,2025-10-27,annual,0.29,USD,pre-market,25000000,2093100000,0.0408,0.262,-0.059,30.2,468800000,1077900000,98600000,None,9.22,9.96,-3.3333,4052600000,1763300000,738000000,1803600000,2289300000,1065600000,5299300000,2249000000,6.86,-376800000,11.98,6.39
2025-12-28,LEG,1.61,4172900000.0,6.86,None,0.765,7.17,83000000,None,64900000,64900000,-408700000,-72500000,None,None,87600000,None,None,None,2000000,193307692,None,4386500000,4386500000,254200000,None,None,847600000,None,None,171100000,130300000,0.2,0.0183,157200000,157200000,None,1.785,-0.01,375900000,547000000,0.3,2009-12-31,1102500000,749700000.0,912800000,356200000,104900000,133500000,133500000,None,46700000,None,767100000,None,None,921600000,None,None,115000000,None,None,None,0.068,565300000,479100000,433700000,83700000,385200000,None,None,None,None,None,None,None,-4.11,1.525,0.359,None,None,None,None,None,-192000000,None,0.0538,None,971100000,2025-10-27,annual,0.29,USD,pre-market,25000000,2093100000,0.0408,0.262,-0.059,30.2,468800000,1077900000,98600000,None,9.22,9.96,-3.3333,4052600000,1763300000,738000000,1803600000,2289300000,1065600000,5299300000,2249000000,6.86,-376800000,11.98,6.39
2025-12-28,LEG,1.61,4172900000.0,6.86,None,0.765,7.17,118300000,None,64900000,64900000,-733500000,263300000,None,None,49900000,None,None,None,2000000,193307692,None,4386500000,4386500000,254200000,None,None,847600000,None,None,171100000,140400000,0.2,0.0183,165100000,165100000,None,1.785,-0.01,375900000,547000000,0.3,2008-12-31,1102500000,749700000.0,912800000,356200000,104900000,133500000,133500000,None,46700000,None,767100000,None,None,921600000,None,None,104400000,None,None,None,0.068,436200000,479100000,433700000,83700000,385200000,None,None,None,None,None,None,None,-4.11,1.525,0.359,None,None,None,None,None,-296500000,None,0.0538,None,971100000,2025-10-27,annual,0.29,USD,pre-market,25000000,2093100000,0.0408,0.262,-0.059,30.2,468800000,1077900000,98600000,None,9.22,9.96,-3.3333,4052600000,1763300000,738000000,1803600000,2289300000,1065600000,5299300000,2249000000,6.86,-376800000,11.98,6.39
2025-12-28,LEG,1.61,4172900000.0,6.86,None,0.765,7.17,148800000,None,64900000,64900000,-391500000,-158000000,None,None,65500000,None,None,None,2000000,193307692,None,4386500000,4386500000,254200000,None,None,847600000,None,None,171100000,183400000,0.2,0.0183,124800000,124800000,None,1.785,-0.01,375900000,547000000,0.3,2007-12-31,1102500000,749700000.0,912800000,356200000,104900000,133500000,133500000,None,46700000,None,767100000,None,None,921600000,None,None,-11200000,None,None,None,0.068,613700000,479100000,433700000,83700000,385200000,None,None,None,None,None,None,None,-4.11,1.525,0.359,None,None,None,None,None,-237100000,None,0.0538,None,971100000,2025-10-27,annual,0.29,USD,pre-market,25000000,2093100000,0.0408,0.262,-0.059,30.2,468800000,1077900000,98600000,None,9.22,9.96,-3.3333,4052600000,1763300000,738000000,1803600000,2289300000,1065600000,5299300000,2249000000,6.86,-376800000,11.98,6.39
2025-12-28,LEG,1.61,4172900000.0,6.86,None,0.765,7.17,166300000,None,64900000,64900000,-186100000,-231500000,None,None,-61200000,None,None,None,2000000,193307692,None,4386500000,4386500000,254200000,None,None,847600000,None,None,171100000,175400000,0.2,0.0183,121100000,121100000,None,1.785,-0.01,375900000,547000000,0.3,2006-12-31,1102500000,749700000.0,912800000,356200000,104900000,133500000,133500000,None,46700000,None,767100000,None,None,921600000,None,None,300300000,None,None,None,0.068,478900000,479100000,433700000,83700000,385200000,None,None,None,None,None,None,None,-4.11,1.525,0.359,None,None,None,None,None,-150300000,None,0.0538,None,971100000,2025-10-27,annual,0.29,USD,pre-market,25000000,2093100000,0.0408,0.262,-0.059,30.2,468800000,1077900000,98600000,None,9.22,9.96,-3.3333,4052600000,1763300000,738000000,1803600000,2289300000,1065600000,5299300000,2249000000,6.86,-376800000,11.98,6.39
2025-12-28,LEG,1.61,4172900000.0,6.86,None,0.765,7.17,164200000,None,64900000,64900000,-532300000,-338500000,None,None,-50400000,None,None,None,2000000,193307692,None,4386500000,4386500000,254200000,None,None,847600000,None,None,171100000,171100000,0.2,0.0183,118400000,118400000,None,1.785,-0.01,375900000,547000000,0.3,2005-12-31,1102500000,749700000.0,912800000,356200000,104900000,133500000,133500000,None,46700000,None,767100000,None,None,921600000,None,None,251300000,None,None,None,0.068,448300000,479100000,433700000,83700000,385200000,None,None,None,None,None,None,None,-4.11,1.525,0.359,None,None,None,None,None,-236400000,None,0.0538,None,971100000,2025-10-27,annual,0.29,USD,pre-market,25000000,2093100000,0.0408,0.262,-0.059,30.2,468800000,1077900000,98600000,None,9.22,9.96,-3.3333,4052600000,1763300000,738000000,1803600000,2289300000,1065600000,5299300000,2249000000,6.86,-376800000,11.98,6.39
