date,symbol,eps,revenue_ttm,pe_ratio,accumulateddepreciationamortizationppe,beta,book_value,capitalexpenditures,capitalleaseobligations,cashandcashequivalentsatcarryingvalue,cashandshortterminvestments,cashflowfromfinancing,cashflowfrominvestment,changeincashandcashequivalents,changeinexchangerate,changeininventory,changeinoperatingassets,changeinoperatingliabilities,changeinreceivables,commonstock,commonstocksharesoutstanding,comprehensiveincomenetoftax,costofgoodsandservicessold,costofrevenue,currentaccountspayable,currentdebt,currentlongtermdebt,currentnetreceivables,deferredrevenue,depreciation,depreciationandamortization,depreciationdepletionandamortization,dividend_per_share,dividend_yield,dividendpayout,dividendpayoutcommonstock,dividendpayoutpreferredstock,earnings_growth_yoy,earnings_surprise,ebit,ebitda,estimated_eps,fiscaldateending,forward_pe,goodwill,gross_profit_ttm,grossprofit,incomebeforetax,incometaxexpense,intangibleassets,intangibleassetsexcludinggoodwill,interestanddebtexpense,interestexpense,interestincome,inventory,investmentincomenet,investments,longtermdebt,longtermdebtnoncurrent,longterminvestments,netincome,netincomefromcontinuingoperations,netinterestincome,noninterestincome,operating_margin_ttm,operatingcashflow,operatingexpenses,operatingincome,othercurrentassets,othercurrentliabilities,othernoncurrentassets,othernoncurrentliabilities,othernonoperatingincome,paymentsforoperatingactivities,paymentsforrepurchaseofcommonstock,paymentsforrepurchaseofequity,paymentsforrepurchaseofpreferredstock,peg_ratio,price_to_book,price_to_sales_ttm,proceedsfromissuanceofcommonstock,proceedsfromissuanceoflongtermdebtandcapitalsecuritiesnet,proceedsfromissuanceofpreferredstock,proceedsfromoperatingactivities,proceedsfromrepaymentsofshorttermdebt,proceedsfromrepurchaseofequity,proceedsfromsaleoftreasurystock,profit_margin,profitloss,propertyplantequipment,report_date,report_type,reported_eps,reportedcurrency,reporttime,researchanddevelopment,retainedearnings,return_on_assets_ttm,return_on_equity_ttm,revenue_growth_yoy,revenue_per_share_ttm,sellinggeneralandadministrative,shortlongtermdebttotal,shorttermdebt,shortterminvestments,sma_200,sma_50,surprise_pct,totalassets,totalcurrentassets,totalcurrentliabilities,totalliabilities,totalnoncurrentassets,totalnoncurrentliabilities,totalrevenue,totalshareholderequity,trailing_pe,treasurystock,week_52_high,week_52_low
1996-03-31,LHX,,,,,,,,,,,,,,,,,,,,,,,,,,,,,,,,,,,,,,0.0,,,0.28,,,,,,,,,,,,,,,,,,,,,,,,,,,,,,,,,,,,,,,,,,,,,,,,,1996-04-24,,0.28,,pre-market,,,,,,,,,,,,,0.0,,,,,,,,,,,,
1996-06-30,LHX,,,,,,,,,,,,,,,,,,,,,,,,,,,,,,,,,,,,,,0.01,,,0.38,,,,,,,,,,,,,,,,,,,,,,,,,,,,,,,,,,,,,,,,,,,,,,,,,1996-07-24,,0.39,,pre-market,,,,,,,,,,,,,2.6316,,,,,,,,,,,,
1996-09-30,LHX,,,,,,,,,,,,,,,,,,,,,,,,,,,,,,,,,,,,,,0.01,,,0.24,,,,,,,,,,,,,,,,,,,,,,,,,,,,,,,,,,,,,,,,,,,,,,,,,1996-10-23,,0.25,,pre-market,,,,,,,,,,,,,4.1667,,,,,,,,,,,,
1996-12-31,LHX,,,,,,,,,,,,,,,,,,,,,,,,,,,,,,,,,,,,,,0.0,,,0.29,,,,,,,,,,,,,,,,,,,,,,,,,,,,,,,,,,,,,,,,,,,,,,,,,1997-01-22,,0.29,,pre-market,,,,,,,,,,,,,0.0,,,,,,,,,,,,
1997-03-31,LHX,,,,,,,,,,,,,,,,,,,,,,,,,,,,,,,,,,,,,,0.03,,,0.32,,,,,,,,,,,,,,,,,,,,,,,,,,,,,,,,,,,,,,,,,,,,,,,,,1997-04-23,,0.35,,pre-market,,,,,,,,,,,,,9.375,,,,,,,,,,,,
1997-06-30,LHX,,,,,,,,,,,,,,,,,,,,,,,,,,,,,,,,,,,,,,0.01,,,0.42,,,,,,,,,,,,,,,,,,,,,,,,,,,,,,,,,,,,,,,,,,,,,,,,,1997-07-23,,0.43,,pre-market,,,,,,,,,,,,,2.381,,,,,,,,,,,,
1997-09-30,LHX,,,,,,,,,,,,,,,,,,,,,,,,,,,,,,,,,,,,,,0.01,,,0.27,,,,,,,,,,,,,,,,,,,,,,,,,,,,,,,,,,,,,,,,,,,,,,,,,1997-10-22,,0.28,,pre-market,,,,,,,,,,,,,3.7037,,,,,,,,,,,,
1997-12-31,LHX,,,,,,,,,,,,,,,,,,,,,,,,,,,,,,,,,,,,,,0.0,,,0.33,,,,,,,,,,,,,,,,,,,,,,,,,,,,,,,,,,,,,,,,,,,,,,,,,1998-01-21,,0.33,,pre-market,,,,,,,,,,,,,0.0,,,,,,,,,,,,
1998-03-31,LHX,,,,,,,,,,,,,,,,,,,,,,,,,,,,,,,,,,,,,,0.01,,,0.37,,,,,,,,,,,,,,,,,,,,,,,,,,,,,,,,,,,,,,,,,,,,,,,,,1998-04-22,,0.38,,pre-market,,,,,,,,,,,,,2.7027,,,,,,,,,,,,
1998-06-30,LHX,,,,,,,,,,,,,,,,,,,,,,,,,,,,,,,,,,,,,,0.01,,,0.44,,,,,,,,,,,,,,,,,,,,,,,,,,,,,,,,,,,,,,,,,,,,,,,,,1998-07-29,,0.45,,pre-market,,,,,,,,,,,,,2.2727,,,,,,,,,,,,
1998-09-30,LHX,,,,,,,,,,,,,,,,,,,,,,,,,,,,,,,,,,,,,,0.01,,,0.26,,,,,,,,,,,,,,,,,,,,,,,,,,,,,,,,,,,,,,,,,,,,,,,,,1998-10-21,,0.27,,pre-market,,,,,,,,,,,,,3.8462,,,,,,,,,,,,
1998-12-31,LHX,,,,,,,,,,,,,,,,,,,,,,,,,,,,,,,,,,,,,,0.02,,,0.31,,,,,,,,,,,,,,,,,,,,,,,,,,,,,,,,,,,,,,,,,,,,,,,,,1999-01-20,,0.33,,pre-market,,,,,,,,,,,,,6.4516,,,,,,,,,,,,
1999-03-31,LHX,,,,,,,,,,,,,,,,,,,,,,,,,,,,,,,,,,,,,,0.01,,,0.25,,,,,,,,,,,,,,,,,,,,,,,,,,,,,,,,,,,,,,,,,,,,,,,,,1999-04-21,,0.26,,pre-market,,,,,,,,,,,,,4.0,,,,,,,,,,,,
1999-06-30,LHX,,,,,,,,,,,,,,,,,,,,,,,,,,,,,,,,,,,,,,-0.26,,,0.28,,,,,,,,,,,,,,,,,,,,,,,,,,,,,,,,,,,,,,,,,,,,,,,,,1999-07-28,,0.02,,pre-market,,,,,,,,,,,,,-92.8571,,,,,,,,,,,,
1999-09-30,LHX,,,,,,,,,,,,,,,,,,,,,,,,,,,,,,,,,,,,,,0.0,,,0.06,,,,,,,,,,,,,,,,,,,,,,,,,,,,,,,,,,,,,,,,,,,,,,,,,1999-10-20,,0.06,,pre-market,,,,,,,,,,,,,0.0,,,,,,,,,,,,
1999-12-31,LHX,,,,,,,,,,,,,,,,,,,,,,,,,,,,,,,,,,,,,,0.01,,,0.08,,,,,,,,,,,,,,,,,,,,,,,,,,,,,,,,,,,,,,,,,,,,,,,,,2000-01-26,,0.09,,pre-market,,,,,,,,,,,,,12.5,,,,,,,,,,,,
2000-03-31,LHX,,,,,,,,,,,,,,,,,,,,,,,,,,,,,,,,,,,,,,0.02,,,0.13,,,,,,,,,,,,,,,,,,,,,,,,,,,,,,,,,,,,,,,,,,,,,,,,,2000-04-26,,0.15,,pre-market,,,,,,,,,,,,,15.3846,,,,,,,,,,,,
2000-06-30,LHX,,,,,,,,,,,,,,,,,,,,,,,,,,,,,,,,,,,,,,0.02,,,0.16,,,,,,,,,,,,,,,,,,,,,,,,,,,,,,,,,,,,,,,,,,,,,,,,,2000-07-26,,0.18,,pre-market,,,,,,,,,,,,,12.5,,,,,,,,,,,,
2000-09-30,LHX,,,,,,,,,,,,,,,,,,,,,,,,,,,,,,,,,,,,,,0.0,,,0.08,,,,,,,,,,,,,,,,,,,,,,,,,,,,,,,,,,,,,,,,,,,,,,,,,2000-10-25,,0.08,,pre-market,,,,,,,,,,,,,0.0,,,,,,,,,,,,
2000-12-31,LHX,,,,,,,,,,,,,,,,,,,,,,,,,,,,,,,,,,,,,,0.0,,,0.15,,,,,,,,,,,,,,,,,,,,,,,,,,,,,,,,,,,,,,,,,,,,,,,,,2001-01-24,,0.15,,pre-market,,,,,,,,,,,,,0.0,,,,,,,,,,,,
2001-03-31,LHX,,,,,,,,,,,,,,,,,,,,,,,,,,,,,,,,,,,,,,0.0,,,0.12,,,,,,,,,,,,,,,,,,,,,,,,,,,,,,,,,,,,,,,,,,,,,,,,,2001-04-18,,0.12,,pre-market,,,,,,,,,,,,,0.0,,,,,,,,,,,,
2001-06-30,LHX,,,,,,,,,,,,,,,,,,,,,,,,,,,,,,,,,,,,,,0.01,,,0.18,,,,,,,,,,,,,,,,,,,,,,,,,,,,,,,,,,,,,,,,,,,,,,,,,2001-07-25,,0.19,,pre-market,,,,,,,,,,,,,5.5556,,,,,,,,,,,,
2001-09-30,LHX,,,,,,,,,,,,,,,,,,,,,,,,,,,,,,,,,,,,,,0.0,,,0.13,,,,,,,,,,,,,,,,,,,,,,,,,,,,,,,,,,,,,,,,,,,,,,,,,2001-10-17,,0.13,,pre-market,,,,,,,,,,,,,0.0,,,,,,,,,,,,
2001-12-31,LHX,,,,,,,,,,,,,,,,,,,,,,,,,,,,,,,,,,,,,,0.01,,,0.14,,,,,,,,,,,,,,,,,,,,,,,,,,,,,,,,,,,,,,,,,,,,,,,,,2002-01-16,,0.15,,pre-market,,,,,,,,,,,,,7.1429,,,,,,,,,,,,
2002-03-31,LHX,,,,,,,,,,,,,,,,,,,,,,,,,,,,,,,,,,,,,,0.0,,,0.17,,,,,,,,,,,,,,,,,,,,,,,,,,,,,,,,,,,,,,,,,,,,,,,,,2002-04-17,,0.17,,pre-market,,,,,,,,,,,,,0.0,,,,,,,,,,,,
2002-06-30,LHX,,,,,,,,,,,,,,,,,,,,,,,,,,,,,,,,,,,,,,0.0,,,0.2,,,,,,,,,,,,,,,,,,,,,,,,,,,,,,,,,,,,,,,,,,,,,,,,,2002-07-24,,0.2,,pre-market,,,,,,,,,,,,,0.0,,,,,,,,,,,,
2002-09-30,LHX,,,,,,,,,,,,,,,,,,,,,,,,,,,,,,,,,,,,,,0.0,,,0.15,,,,,,,,,,,,,,,,,,,,,,,,,,,,,,,,,,,,,,,,,,,,,,,,,2002-10-16,,0.15,,pre-market,,,,,,,,,,,,,0.0,,,,,,,,,,,,
2002-12-31,LHX,,,,,,,,,,,,,,,,,,,,,,,,,,,,,,,,,,,,,,0.04,,,0.13,,,,,,,,,,,,,,,,,,,,,,,,,,,,,,,,,,,,,,,,,,,,,,,,,2003-01-15,,0.17,,pre-market,,,,,,,,,,,,,30.7692,,,,,,,,,,,,
2003-03-31,LHX,,,,,,,,,,,,,,,,,,,,,,,,,,,,,,,,,,,,,,0.01,,,0.16,,,,,,,,,,,,,,,,,,,,,,,,,,,,,,,,,,,,,,,,,,,,,,,,,2003-04-16,,0.17,,pre-market,,,,,,,,,,,,,6.25,,,,,,,,,,,,
2003-06-30,LHX,,,,,,,,,,,,,,,,,,,,,,,,,,,,,,,,,,,,,,0.01,,,0.19,,,,,,,,,,,,,,,,,,,,,,,,,,,,,,,,,,,,,,,,,,,,,,,,,2003-07-23,,0.2,,pre-market,,,,,,,,,,,,,5.2632,,,,,,,,,,,,
2003-09-30,LHX,,,,,,,,,,,,,,,,,,,,,,,,,,,,,,,,,,,,,,0.02,,,0.18,,,,,,,,,,,,,,,,,,,,,,,,,,,,,,,,,,,,,,,,,,,,,,,,,2003-10-21,,0.2,,pre-market,,,,,,,,,,,,,11.1111,,,,,,,,,,,,
2003-12-31,LHX,,,,,,,,,,,,,,,,,,,,,,,,,,,,,,,,,,,,,,0.0,,,0.25,,,,,,,,,,,,,,,,,,,,,,,,,,,,,,,,,,,,,,,,,,,,,,,,,2004-01-27,,0.25,,pre-market,,,,,,,,,,,,,0.0,,,,,,,,,,,,
2004-03-31,LHX,,,,,,,,,,,,,,,,,,,,,,,,,,,,,,,,,,,,,,0.02,,,0.25,,,,,,,,,,,,,,,,,,,,,,,,,,,,,,,,,,,,,,,,,,,,,,,,,2004-04-27,,0.27,,pre-market,,,,,,,,,,,,,8.0,,,,,,,,,,,,
2004-06-30,LHX,,,,,,,,,,,,,,,,,,,,,,,,,,,,,,,,,,,,,,0.01,,,0.27,,,,,,,,,,,,,,,,,,,,,,,,,,,,,,,,,,,,,,,,,,,,,,,,,2004-07-28,,0.28,,pre-market,,,,,,,,,,,,,3.7037,,,,,,,,,,,,
2004-09-30,LHX,,,,,,,,,,,,,,,,,,,,,,,,,,,,,,,,,,,,,,0.04,,,0.25,,,,,,,,,,,,,,,,,,,,,,,,,,,,,,,,,,,,,,,,,,,,,,,,,2004-10-20,,0.29,,pre-market,,,,,,,,,,,,,16.0,,,,,,,,,,,,
2004-12-31,LHX,,,,,,,,,,,,,,,,,,,,,,,,,,,,,,,,,,,,,,0.05,,,0.33,,,,,,,,,,,,,,,,,,,,,,,,,,,,,,,,,,,,,,,,,,,,,,,,,2005-01-26,,0.38,,pre-market,,,,,,,,,,,,,15.1515,,,,,,,,,,,,
2005-03-31,LHX,,,,,,,,,,,,,,,,,,,,,,,,,,,,,,,,,,,,,,0.02,,,0.38,,,,,,,,,,,,,,,,,,,,,,,,,,,,,,,,,,,,,,,,,,,,,,,,,2005-04-26,,0.4,,pre-market,,,,,,,,,,,,,5.2632,,,,,,,,,,,,
2005-06-30,LHX,,,,,,,,,,,,,,,,,,,,,,,,,,,,,,,,,,,,,,0.02,,,0.42,,,,,,,,,,,,,,,,,,,,,,,,,,,,,,,,,,,,,,,,,,,,,,,,,2005-07-27,,0.44,,pre-market,,,,,,,,,,,,,4.7619,,,,,,,,,,,,
2005-09-30,LHX,,,,,,,,,,,,,,,,,,,,,,,,,,,,,,,,,,,,,,0.06,,,0.41,,,,,,,,,,,,,,,,,,,,,,,,,,,,,,,,,,,,,,,,,,,,,,,,,2005-10-26,,0.47,,pre-market,,,,,,,,,,,,,14.6341,,,,,,,,,,,,
2005-12-31,LHX,,,,,,,,,,,,,,,,,,,,,,,,,,,,,,,,,,,,,,0.03,,,0.49,,,,,,,,,,,,,,,,,,,,,,,,,,,,,,,,,,,,,,,,,,,,,,,,,2006-01-25,,0.52,,pre-market,,,,,,,,,,,,,6.1224,,,,,,,,,,,,
2006-03-31,LHX,,,,,,,,,,,,,,,,,,,,,,,,,,,,,,,,,,,,,,0.03,,,0.55,,,,,,,,,,,,,,,,,,,,,,,,,,,,,,,,,,,,,,,,,,,,,,,,,2006-05-01,,0.58,,pre-market,,,,,,,,,,,,,5.4545,,,,,,,,,,,,
2006-06-30,LHX,,,,,,,,,,,,,,,,,,,,,,,,,,,,,,,,,,,,,,0.05,,,0.6,,,,,,,,,,,,,,,,,,,,,,,,,,,,,,,,,,,,,,,,,,,,,,,,,2006-07-26,,0.65,,pre-market,,,,,,,,,,,,,8.3333,,,,,,,,,,,,
2006-09-30,LHX,,,,,,,,,,,,,,,,,,,,,,,,,,,,,,,,,,,,,,0.04,,,0.65,,,,,,,,,,,,,,,,,,,,,,,,,,,,,,,,,,,,,,,,,,,,,,,,,2006-10-25,,0.69,,pre-market,,,,,,,,,,,,,6.1538,,,,,,,,,,,,
2006-12-31,LHX,,,,,,,,,,,,,,,,,,,,,,,,,,,,,,,,,,,,,,0.03,,,0.65,,,,,,,,,,,,,,,,,,,,,,,,,,,,,,,,,,,,,,,,,,,,,,,,,2007-01-30,,0.68,,pre-market,,,,,,,,,,,,,4.6154,,,,,,,,,,,,
2007-03-31,LHX,,,,,,,,,,,,,,,,,,,,,,,,,,,,,,,,,,,,,,0.02,,,0.7,,,,,,,,,,,,,,,,,,,,,,,,,,,,,,,,,,,,,,,,,,,,,,,,,2007-05-01,,0.72,,pre-market,,,,,,,,,,,,,2.8571,,,,,,,,,,,,
2007-06-30,LHX,,,,,,,,,,,,,,,,,,,,,,,,,,,,,,,,,,,,,,0.02,,,0.69,,,,,,,,,,,,,,,,,,,,,,,,,,,,,,,,,,,,,,,,,,,,,,,,,2007-08-07,,0.71,,pre-market,,,,,,,,,,,,,2.8986,,,,,,,,,,,,
2007-09-30,LHX,,,,,,,,,,,,,,,,,,,,,,,,,,,,,,,,,,,,,,0.02,,,0.74,,,,,,,,,,,,,,,,,,,,,,,,,,,,,,,,,,,,,,,,,,,,,,,,,2007-11-01,,0.76,,pre-market,,,,,,,,,,,,,2.7027,,,,,,,,,,,,
2007-12-31,LHX,,,,,,,,,,,,,,,,,,,,,,,,,,,,,,,,,,,,,,0.06,,,0.81,,,,,,,,,,,,,,,,,,,,,,,,,,,,,,,,,,,,,,,,,,,,,,,,,2008-01-30,,0.87,,pre-market,,,,,,,,,,,,,7.4074,,,,,,,,,,,,
2008-03-31,LHX,,,,,,,,,,,,,,,,,,,,,,,,,,,,,,,,,,,,,,0.08,,,0.73,,,,,,,,,,,,,,,,,,,,,,,,,,,,,,,,,,,,,,,,,,,,,,,,,2008-04-29,,0.81,,pre-market,,,,,,,,,,,,,10.9589,,,,,,,,,,,,
2008-06-30,LHX,,,,,,,,,,,,,,,,,,,,,,,,,,,,,,,,,,,,,,-0.03,,,0.98,,,,,,,,,,,,,,,,,,,,,,,,,,,,,,,,,,,,,,,,,,,,,,,,,2008-08-05,,0.95,,pre-market,,,,,,,,,,,,,-3.0612,,,,,,,,,,,,
2008-09-30,LHX,,,,,,,,,,,,,,,,,,,,,,,,,,,,,,,,,,,,,,0.01,,,0.88,,,,,,,,,,,,,,,,,,,,,,,,,,,,,,,,,,,,,,,,,,,,,,,,,2008-10-29,,0.89,,pre-market,,,,,,,,,,,,,1.1364,,,,,,,,,,,,
2008-12-31,LHX,,,,,,,,,,,,,,,,,,,,,,,,,,,,,,,,,,,,,,0.03,,,1.02,,,,,,,,,,,,,,,,,,,,,,,,,,,,,,,,,,,,,,,,,,,,,,,,,2009-02-04,,1.05,,pre-market,,,,,,,,,,,,,2.9412,,,,,,,,,,,,
2009-03-31,LHX,,,,,,,,,,,,,,,,,,,,,,,,,,,,,,,,,,,,,,0.02,,,1.0,,,,,,,,,,,,,,,,,,,,,,,,,,,,,,,,,,,,,,,,,,,,,,,,,2009-04-24,,1.02,,pre-market,,,,,,,,,,,,,2.0,,,,,,,,,,,,
2009-06-30,LHX,,,,,,,,,,,,,,,,,,,,,,,,,,,,,,,,,,,,,,0.1,,,0.81,,,,,,,,,,,,,,,,,,,,,,,,,,,,,,,,,,,,,,,,,,,,,,,,,2009-08-12,,0.91,,pre-market,,,,,,,,,,,,,12.3457,,,,,,,,,,,,
2009-09-30,LHX,,,,,,,,,,,,,,,,,,,,,,,,,,,,,,,,,,,,,,0.07,,,0.76,,,,,,,,,,,,,,,,,,,,,,,,,,,,,,,,,,,,,,,,,,,,,,,,,2009-10-27,,0.83,,pre-market,,,,,,,,,,,,,9.2105,,,,,,,,,,,,
2009-12-31,LHX,,,,,,,,,,,,,,,,,,,,,,,,,,,,,,,,,,,,,,0.13,,,0.95,,,,,,,,,,,,,,,,,,,,,,,,,,,,,,,,,,,,,,,,,,,,,,,,,2010-01-27,,1.08,,pre-market,,,,,,,,,,,,,13.6842,,,,,,,,,,,,
2010-03-31,LHX,,,,,,,,,,,,,,,,,,,,,,,,,,,,,,,,,,,,,,0.05,,,1.25,,,,,,,,,,,,,,,,,,,,,,,,,,,,,,,,,,,,,,,,,,,,,,,,,2010-04-28,,1.3,,pre-market,,,,,,,,,,,,,4.0,,,,,,,,,,,,
2010-06-30,LHX,,,,,,,,,,,,,,,,,,,,,,,,,,,,,,,,,,,,,,0.01,,,1.23,,,,,,,,,,,,,,,,,,,,,,,,,,,,,,,,,,,,,,,,,,,,,,,,,2010-08-03,,1.24,,pre-market,,,,,,,,,,,,,0.813,,,,,,,,,,,,
2010-09-30,LHX,,,,,,,,,,,,,,,,,,,,,,,,,,,,,,,,,,,,,,0.04,,,1.24,,,,,,,,,,,,,,,,,,,,,,,,,,,,,,,,,,,,,,,,,,,,,,,,,2010-10-25,,1.28,,pre-market,,,,,,,,,,,,,3.2258,,,,,,,,,,,,
2010-12-31,LHX,,,,,,,,,,,,,,,,,,,,,,,,,,,,,,,,,,,,,,0.09,,,1.11,,,,,,,,,,,,,,,,,,,,,,,,,,,,,,,,,,,,,,,,,,,,,,,,,2011-01-26,,1.2,,pre-market,,,,,,,,,,,,,8.1081,,,,,,,,,,,,
2011-03-31,LHX,,,,,,,,,,,,,,,,,,,,,,,,,,,,,,,,,,,,,,0.01,,,1.15,,,,,,,,,,,,,,,,,,,,,,,,,,,,,,,,,,,,,,,,,,,,,,,,,2011-05-02,,1.16,,pre-market,,,,,,,,,,,,,0.8696,,,,,,,,,,,,
2011-06-30,LHX,,,,,,,,,,,,,,,,,,,,,,,,,,,,,,,,,,,,,,0.0,,,1.24,,,,,,,,,,,,,,,,,,,,,,,,,,,,,,,,,,,,,,,,,,,,,,,,,2011-08-02,,1.24,,pre-market,,,,,,,,,,,,,0.0,,,,,,,,,,,,
2011-09-30,LHX,,,,,,,,,,,,,,,,,,,,,,,,,,,,,,,,,,,,,,0.01,,,1.05,,,,,,,,,,,,,,,,,,,,,,,,,,,,,,,,,,,,,,,,,,,,,,,,,2011-10-26,,1.06,,pre-market,,,,,,,,,,,,,0.9524,,,,,,,,,,,,
2011-12-31,LHX,,,,,,,,,,,,,,,,,,,,,,,,,,,,,,,,,,,,,,0.03,,,1.19,,,,,,,,,,,,,,,,,,,,,,,,,,,,,,,,,,,,,,,,,,,,,,,,,2012-01-31,,1.22,,pre-market,,,,,,,,,,,,,2.521,,,,,,,,,,,,
2012-03-31,LHX,,,,,,,,,,,,,,,,,,,,,,,,,,,,,,,,,,,,,,0.06,,,1.33,,,,,,,,,,,,,,,,,,,,,,,,,,,,,,,,,,,,,,,,,,,,,,,,,2012-05-01,,1.39,,pre-market,,,,,,,,,,,,,4.5113,,,,,,,,,,,,
2012-06-30,LHX,,,,,,,,,,,,,,,,,,,,,,,,,,,,,,,,,,,,,,0.01,,,1.41,,,,,,,,,,,,,,,,,,,,,,,,,,,,,,,,,,,,,,,,,,,,,,,,,2012-07-31,,1.42,,pre-market,,,,,,,,,,,,,0.7092,,,,,,,,,,,,
2012-09-30,LHX,,,,,,,,,,,,,,,,,,,,,,,,,,,,,,,,,,,,,,0.02,,,1.12,,,,,,,,,,,,,,,,,,,,,,,,,,,,,,,,,,,,,,,,,,,,,,,,,2012-10-29,,1.14,,pre-market,,,,,,,,,,,,,1.7857,,,,,,,,,,,,
2012-12-31,LHX,,,,,,,,,,,,,,,,,,,,,,,,,,,,,,,,,,,,,,0.05,,,1.2,,,,,,,,,,,,,,,,,,,,,,,,,,,,,,,,,,,,,,,,,,,,,,,,,2013-01-29,,1.25,,pre-market,,,,,,,,,,,,,4.1667,,,,,,,,,,,,
2013-03-31,LHX,,,,,,,,,,,,,,,,,,,,,,,,,,,,,,,,,,,,,,0.0,,,1.12,,,,,,,,,,,,,,,,,,,,,,,,,,,,,,,,,,,,,,,,,,,,,,,,,2013-04-30,,1.12,,pre-market,,,,,,,,,,,,,0.0,,,,,,,,,,,,
2013-06-30,LHX,,,,,,,,,,,,,,,,,,,,,,,,,,,,,,,,,,,,,,0.26,,,1.15,,,,,,,,,,,,,,,,,,,,,,,,,,,,,,,,,,,,,,,,,,,,,,,,,2013-07-30,,1.41,,pre-market,,,,,,,,,,,,,22.6087,,,,,,,,,,,,
2013-09-30,LHX,,,,,,,,,,,,,,,,,,,,,,,,,,,,,,,,,,,,,,0.05,,,1.13,,,,,,,,,,,,,,,,,,,,,,,,,,,,,,,,,,,,,,,,,,,,,,,,,2013-10-29,,1.18,,pre-market,,,,,,,,,,,,,4.4248,,,,,,,,,,,,
2013-12-31,LHX,,,,,,,,,,,,,,,,,,,,,,,,,,,,,,,,,,,,,,0.09,,,1.18,,,,,,,,,,,,,,,,,,,,,,,,,,,,,,,,,,,,,,,,,,,,,,,,,2014-01-28,,1.27,,pre-market,,,,,,,,,,,,,7.6271,,,,,,,,,,,,
2014-03-31,LHX,,,,,,,,,,,,,,,,,,,,,,,,,,,,,,,,,,,,,,0.08,,,1.19,,,,,,,,,,,,,,,,,,,,,,,,,,,,,,,,,,,,,,,,,,,,,,,,,2014-04-29,,1.27,,pre-market,,,,,,,,,,,,,6.7227,,,,,,,,,,,,
2014-06-30,LHX,,,,,,,,,,,,,,,,,,,,,,,,,,,,,,,,,,,,,,0.0,,,1.28,,,,,,,,,,,,,,,,,,,,,,,,,,,,,,,,,,,,,,,,,,,,,,,,,2014-07-29,,1.28,,pre-market,,,,,,,,,,,,,0.0,,,,,,,,,,,,
2014-09-30,LHX,,,,,,,,,,,,,,,,,,,,,,,,,,,,,,,,,,,,,,0.09,,,1.09,,,,,,,,,,,,,,,,,,,,,,,,,,,,,,,,,,,,,,,,,,,,,,,,,2014-10-28,,1.18,,pre-market,,,,,,,,,,,,,8.2569,,,,,,,,,,,,
2014-12-31,LHX,,,,,,,,,,,,,,,,,,,,,,,,,,,,,,,,,,,,,,0.14,,,1.18,,,,,,,,,,,,,,,,,,,,,,,,,,,,,,,,,,,,,,,,,,,,,,,,,2015-02-06,,1.32,,pre-market,,,,,,,,,,,,,11.8644,,,,,,,,,,,,
2015-03-31,LHX,,,,,,,,,,,,,,,,,,,,,,,,,,,,,,,,,,,,,,0.07,,,1.25,,,,,,,,,,,,,,,,,,,,,,,,,,,,,,,,,,,,,,,,,,,,,,,,,2015-05-05,,1.32,,pre-market,,,,,,,,,,,,,5.6,,,,,,,,,,,,
2015-06-30,LHX,,,,,,,,,,,,,,,,,,,,,,,,,,,,,,,,,,,,,,0.11,,,1.21,,,,,,,,,,,,,,,,,,,,,,,,,,,,,,,,,,,,,,,,,,,,,,,,,2015-08-07,,1.32,,pre-market,,,,,,,,,,,,,9.0909,,,,,,,,,,,,
2015-09-30,LHX,,,,,,,,,,,,,,,,,,,,,,,,,,,,,,,,,,,,,,0.0,,,1.31,,,,,,,,,,,,,,,,,,,,,,,,,,,,,,,,,,,,,,,,,,,,,,,,,2015-11-03,,1.31,,pre-market,,,,,,,,,,,,,0.0,,,,,,,,,,,,
2015-12-31,LHX,,,,,,,,,,,,,,,,,,,,,,,,,,,,,,,,,,,,,,0.13,,,1.36,,,,,,,,,,,,,,,,,,,,,,,,,,,,,,,,,,,,,,,,,,,,,,,,,2016-02-02,,1.49,,pre-market,,,,,,,,,,,,,9.5588,,,,,,,,,,,,
2016-03-31,LHX,,,,,,,,,,,,,,,,,,,,,,,,,,,,,,,,,,,,,,0.06,,,1.39,,,,,,,,,,,,,,,,,,,,,,,,,,,,,,,,,,,,,,,,,,,,,,,,,2016-05-03,,1.45,,pre-market,,,,,,,,,,,,,4.3165,,,,,,,,,,,,
2016-06-30,LHX,,,,,,,,,,,,,,,,,,,,,,,,,,,,,,,,,,,,,,0.01,,,1.44,,,,,,,,,,,,,,,,,,,,,,,,,,,,,,,,,,,,,,,,,,,,,,,,,2016-08-02,,1.45,,pre-market,,,,,,,,,,,,,0.6944,,,,,,,,,,,,
2016-09-30,LHX,,,,,,,,,,,,,,,,,,,,,,,,,,,,,,,,,,,,,,0.05,,,1.34,,,,,,,,,,,,,,,,,,,,,,,,,,,,,,,,,,,,,,,,,,,,,,,,,2016-11-01,,1.39,,pre-market,,,,,,,,,,,,,3.7313,,,,,,,,,,,,
2016-12-31,LHX,,,,,,,,,,,,,,,,,,,,,,,,,,,,,,,,,,,,,,0.04,,,1.38,,,,,,,,,,,,,,,,,,,,,,,,,,,,,,,,,,,,,,,,,,,,,,,,,2017-02-02,,1.42,,pre-market,,,,,,,,,,,,,2.8986,,,,,,,,,,,,
2017-03-31,LHX,,,,,,,,,,,,,,,,,,,,,,,,,,,,,,,,,,,,,,0.07,,,1.31,,,,,,,,,,,,,,,,,,,,,,,,,,,,,,,,,,,,,,,,,,,,,,,,,2017-05-03,,1.38,,pre-market,,,,,,,,,,,,,5.3435,,,,,,,,,,,,
2017-06-30,LHX,,,,,,,,,,,,,,,,,,,,,,,,,,,,,,,,,,,,,,0.0,,,1.49,,,,,,,,,,,,,,,,,,,,,,,,,,,,,,,,,,,,,,,,,,,,,,,,,2017-08-01,,1.49,,pre-market,,,,,,,,,,,,,0.0,,,,,,,,,,,,
2017-09-30,LHX,,,,,,,,,,,,,,,,,,,,,,,,,,,,,,,,,,,,,,0.04,,,1.34,,,,,,,,,,,,,,,,,,,,,,,,,,,,,,,,,,,,,,,,,,,,,,,,,2017-10-31,,1.38,,pre-market,,,,,,,,,,,,,2.9851,,,,,,,,,,,,
2017-12-31,LHX,,,,,,,,,,,,,,,,,,,,,,,,,,,,,,,,,,,,,,0.28,,,1.39,,,,,,,,,,,,,,,,,,,,,,,,,,,,,,,,,,,,,,,,,,,,,,,,,2018-01-30,,1.67,,pre-market,,,,,,,,,,,,,20.1439,,,,,,,,,,,,
2018-03-31,LHX,,,,,,,,,,,,,,,,,,,,,,,,,,,,,,,,,,,,,,0.04,,,1.63,,,,,,,,,,,,,,,,,,,,,,,,,,,,,,,,,,,,,,,,,,,,,,,,,2018-05-02,,1.67,,pre-market,,,,,,,,,,,,,2.454,,,,,,,,,,,,
2018-06-30,LHX,,,,,,,,,,,,,,,,,,,,,,,,,,,,,,,,,,,,,,0.02,,,1.76,,,,,,,,,,,,,,,,,,,,,,,,,,,,,,,,,,,,,,,,,,,,,,,,,2018-07-31,,1.78,,pre-market,,,,,,,,,,,,,1.1364,,,,,,,,,,,,
2018-09-30,LHX,,,,,,,,,,,,,,,,,,,,,,,,,,,,,,,,,,,,,,0.07,,,1.71,,,,,,,,,,,,,,,,,,,,,,,,,,,,,,,,,,,,,,,,,,,,,,,,,2018-10-14,,1.78,,post-market,,,,,,,,,,,,,4.0936,,,,,,,,,,,,
2018-12-31,LHX,,,,,,,,,,,,,,,,,,,,,,,,,,,,,,,,,,,,,,0.05,,,1.91,,,,,,,,,,,,,,,,,,,,,,,,,,,,,,,,,,,,,,,,,,,,,,,,,2019-01-29,,1.96,,pre-market,,,,,,,,,,,,,2.6178,,,,,,,,,,,,
2019-03-31,LHX,,,,,,,,,,,,,,,,,,,,,,,,,,,,,,,,,,,,,,0.08,,,2.03,,,,,,,,,,,,,,,,,,,,,,,,,,,,,,,,,,,,,,,,,,,,,,,,,2019-05-01,,2.11,,pre-market,,,,,,,,,,,,,3.9409,,,,,,,,,,,,
2019-06-30,LHX,,,,,,,,,,,,,,,,,,,,,,,,,,,,,,,,,,,,,,0.16,,,2.26,,,,,,,,,,,,,,,,,,,,,,,,,,,,,,,,,,,,,,,,,,,,,,,,,2019-07-31,,2.42,,pre-market,,,,,,,,,,,,,7.0796,,,,,,,,,,,,
2019-09-30,LHX,,,,,,,,,,,,,,,,,,,,,,,,,,,,,,,,,,,,,,0.2,,,2.38,,,,,,,,,,,,,,,,,,,,,,,,,,,,,,,,,,,,,,,,,,,,,,,,,2019-10-30,,2.58,,pre-market,,,,,,,,,,,,,8.4034,,,,,,,,,,,,
2019-12-31,LHX,,,,,,,,,,,,,,,,,,,,,,,,,,,,,,,,,,,,,,0.07,,,2.78,,,,,,,,,,,,,,,,,,,,,,,,,,,,,,,,,,,,,,,,,,,,,,,,,2020-02-04,,2.85,,pre-market,,,,,,,,,,,,,2.518,,,,,,,,,,,,
2020-03-31,LHX,,,,,,,,,,,,,,,,,,,,,,,,,,,,,,,,,,,,,,0.18,,,2.62,,,,,,,,,,,,,,,,,,,,,,,,,,,,,,,,,,,,,,,,,,,,,,,,,2020-05-05,,2.8,,pre-market,,,,,,,,,,,,,6.8702,,,,,,,,,,,,
2020-06-30,LHX,,,,,,,,,,,,,,,,,,,,,,,,,,,,,,,,,,,,,,0.22,,,2.61,,,,,,,,,,,,,,,,,,,,,,,,,,,,,,,,,,,,,,,,,,,,,,,,,2020-07-31,,2.83,,pre-market,,,,,,,,,,,,,8.4291,,,,,,,,,,,,
2020-09-30,LHX,,,,,,,,,,,,,,,,,,,,,,,,,,,,,,,,,,,,,,0.11,,,2.73,,,,,,,,,,,,,,,,,,,,,,,,,,,,,,,,,,,,,,,,,,,,,,,,,2020-10-30,,2.84,,pre-market,,,,,,,,,,,,,4.0293,,,,,,,,,,,,
2020-12-31,LHX,,,,,,,,,,,,,,,,,,,,,,,,,,,,,,,,,,,,,,0.05,,,3.09,,,,,,,,,,,,,,,,,,,,,,,,,,,,,,,,,,,,,,,,,,,,,,,,,2021-01-29,,3.14,,pre-market,,,,,,,,,,,,,1.6181,,,,,,,,,,,,
2021-03-31,LHX,,,,,,,,,,,,,,,,,,,,,,,,,,,,,,,,,,,,,,0.24,,,2.94,,,,,,,,,,,,,,,,,,,,,,,,,,,,,,,,,,,,,,,,,,,,,,,,,2021-04-30,,3.18,,pre-market,,,,,,,,,,,,,8.1633,,,,,,,,,,,,
2021-06-30,LHX,,,,,,,,,,,,,,,,,,,,,,,,,,,,,,,,,,,,,,0.08,,,3.18,,,,,,,,,,,,,,,,,,,,,,,,,,,,,,,,,,,,,,,,,,,,,,,,,2021-08-03,,3.26,,pre-market,,,,,,,,,,,,,2.5157,,,,,,,,,,,,
2021-09-30,LHX,,,,,,,,,,,,,,,,,,,,,,,,,,,,,,,,,,,,,,0.03,,,3.18,,,,,,,,,,,,,,,,,,,,,,,,,,,,,,,,,,,,,,,,,,,,,,,,,2021-10-29,,3.21,,pre-market,,,,,,,,,,,,,0.9434,,,,,,,,,,,,
2021-12-31,LHX,,,,,,,,,,,,,,,,,,,,,,,,,,,,,,,,,,,,,,0.04,,,3.26,,,,,,,,,,,,,,,,,,,,,,,,,,,,,,,,,,,,,,,,,,,,,,,,,2022-01-31,,3.3,,pre-market,,,,,,,,,,,,,1.227,,,,,,,,,,,,
2022-03-31,LHX,,,,,,,,,,,,,,,,,,,,,,,,,,,,,,,,,,,,,,0.07,,,3.05,,,,,,,,,,,,,,,,,,,,,,,,,,,,,,,,,,,,,,,,,,,,,,,,,2022-04-28,,3.12,,post-market,,,,,,,,,,,,,2.2951,,,,,,,,,,,,
2022-06-30,LHX,,,,,,,,,,,,,,,,,,,,,,,,,,,,,,,,,,,,,,0.05,,,3.18,,,,,,,,,,,,,,,,,,,,,,,,,,,,,,,,,,,,,,,,,,,,,,,,,2022-07-28,,3.23,,post-market,,,,,,,,,,,,,1.5723,,,,,,,,,,,,
2022-09-30,LHX,,,,,,,,,,,,,,,,,,,,,,,,,,,,,,,,,,,,,,-0.13,,,3.39,,,,,,,,,,,,,,,,,,,,,,,,,,,,,,,,,,,,,,,,,,,,,,,,,2022-10-27,,3.26,,post-market,,,,,,,,,,,,,-3.8348,,,,,,,,,,,,
2022-12-31,LHX,,,,,,,,,,,,,,,,,,,,,,,,,,,,,,,,,,,,,,0.01,,,3.26,,,,,,,,,,,,,,,,,,,,,,,,,,,,,,,,,,,,,,,,,,,,,,,,,2023-01-26,,3.27,,post-market,,,,,,,,,,,,,0.3067,,,,,,,,,,,,
2023-03-31,LHX,,,,,,,,,,,,,,,,,,,,,,,,,,,,,,,,,,,,,,0.01,,,2.85,,,,,,,,,,,,,,,,,,,,,,,,,,,,,,,,,,,,,,,,,,,,,,,,,2023-04-27,,2.86,,post-market,,,,,,,,,,,,,0.3509,,,,,,,,,,,,
2023-06-30,LHX,,,,,,,,,,,,,,,,,,,,,,,,,,,,,,,,,,,,,,0.03,,,2.94,,,,,,,,,,,,,,,,,,,,,,,,,,,,,,,,,,,,,,,,,,,,,,,,,2023-07-26,,2.97,,post-market,,,,,,,,,,,,,1.0204,,,,,,,,,,,,
2023-09-30,LHX,,,,,,,,,,,,,,,,,,,,,,,,,,,,,,,,,,,,,,0.16,,,3.03,,,,,,,,,,,,,,,,,,,,,,,,,,,,,,,,,,,,,,,,,,,,,,,,,2023-10-26,,3.19,,post-market,,,,,,,,,,,,,5.2805,,,,,,,,,,,,
2023-12-31,LHX,,,,,,,,,,,,,,,,,,,,,,,,,,,,,,,,,,,,,,0.04,,,3.31,,,,,,,,,,,,,,,,,,,,,,,,,,,,,,,,,,,,,,,,,,,,,,,,,2024-01-25,,3.35,,post-market,,,,,,,,,,,,,1.2085,,,,,,,,,,,,
2024-03-31,LHX,,,,,,,,,,,,,,,,,,,,,,,,,,,,,,,,,,,,,,0.16,,,2.9,,,,,,,,,,,,,,,,,,,,,,,,,,,,,,,,,,,,,,,,,,,,,,,,,2024-04-25,,3.06,,post-market,,,,,,,,,,,,,5.5172,,,,,,,,,,,,
2024-06-30,LHX,,,,,,,,,,,,,,,,,,,,,,,,,,,,,,,,,,,,,,0.06,,,3.18,,,,,,,,,,,,,,,,,,,,,,,,,,,,,,,,,,,,,,,,,,,,,,,,,2024-07-25,,3.24,,post-market,,,,,,,,,,,,,1.8868,,,,,,,,,,,,
2024-09-30,LHX,,,,,,,,,,,,,,,,,,,,,,,,,,,,,,,,,,,,,,0.08,,,3.26,,,,,,,,,,,,,,,,,,,,,,,,,,,,,,,,,,,,,,,,,,,,,,,,,2024-10-24,,3.34,,post-market,,,,,,,,,,,,,2.454,,,,,,,,,,,,
2024-12-31,LHX,,,,,,,,,,,,,,,,,,,,,,,,,,,,,,,,,,,,,,0.05,,,3.42,,,,,,,,,,,,,,,,,,,,,,,,,,,,,,,,,,,,,,,,,,,,,,,,,2025-01-30,,3.47,,pre-market,,,,,,,,,,,,,1.462,,,,,,,,,,,,
2025-03-31,LHX,,,,,,,,,,,,,,,,,,,,,,,,,,,,,,,,,,,,,,0.09,,,2.32,,,,,,,,,,,,,,,,,,,,,,,,,,,,,,,,,,,,,,,,,,,,,,,,,2025-04-24,,2.41,,pre-market,,,,,,,,,,,,,3.8793,,,,,,,,,,,,
2025-06-30,LHX,,,,,,,,,,,,,,,,,,,,,,,,,,,,,,,,,,,,,,0.29,,,2.49,,,,,,,,,,,,,,,,,,,,,,,,,,,,,,,,,,,,,,,,,,,,,,,,,2025-07-24,,2.78,,pre-market,,,,,,,,,,,,,11.6466,,,,,,,,,,,,
2025-09-30,LHX,,,,,,,,,,,,,,,,,,,,,,,,,,,,,,,,,,,,,,0.13,,,2.57,,,,,,,,,,,,,,,,,,,,,,,,,,,,,,,,,,,,,,,,,,,,,,,,,2025-10-23,,2.7,,pre-market,,,,,,,,,,,,,5.0584,,,,,,,,,,,,
2025-12-28,LHX,9.29,21739999000.0,31.95,,0.656,104.36,,,,,,,,,,,,,,,,,,,,,,,,,,4.76,0.016,,,,0.171,0.13,,,2.57,,23.92,,5576000000.0,,,,,,,,,,,,,,,,,,,0.129,,,,,,,,,,,,,0.562,2.842,2.554,,,,,,,,0.0809,,,2025-10-23,,2.7,,pre-market,,,0.0428,0.0913,0.069,115.5,,,,,260.05,286.58,5.0584,,,,,,,,,31.95,,306.84,189.46
2025-12-28,LHX,9.29,21739999000.0,31.95,,0.656,104.36,,,,,,,,,,,,,,,None,4165000000,4165000000,,,,,,None,309000000,,4.76,0.016,,,,0.171,0.13,719000000,1028000000,2.57,2025-09-30,23.92,,5576000000.0,1494000000,567000000,105000000,,,None,152000000,152000000,,None,,,,,462000000,462000000,-152000000,None,0.129,,873000000,621000000,,,,,None,,,,,0.562,2.842,2.554,,,,,,,,0.0809,,,2025-10-23,quarterly,2.7,USD,pre-market,137000000,,0.0428,0.0913,0.069,115.5,873000000,,,,260.05,286.58,5.0584,,,,,,,5659000000,,31.95,,306.84,189.46
2025-12-28,LHX,9.29,21739999000.0,31.95,,0.656,104.36,,,,,,,,,,,,,,,None,4268000000,4268000000,,,,,,None,303000000,,4.76,0.016,,,,0.171,0.13,676000000,979000000,2.57,2025-06-30,23.92,,5576000000.0,1158000000,524000000,66000000,,,None,152000000,152000000,,None,,,,,458000000,458000000,-152000000,None,0.129,,574000000,584000000,,,,,None,,,,,0.562,2.842,2.554,,,,,,,,0.0809,,,2025-10-23,quarterly,2.7,USD,pre-market,132000000,,0.0428,0.0913,0.069,115.5,322000000,,,,260.05,286.58,5.0584,,,,,,,5426000000,,31.95,,306.84,189.46
2025-12-28,LHX,9.29,21739999000.0,31.95,,0.656,104.36,,,,,,,,,,,,,,,None,3959000000,3959000000,,,,,,None,301000000,,4.76,0.016,,,,0.171,0.13,609000000,910000000,2.57,2025-03-31,23.92,,5576000000.0,1173000000,459000000,73000000,,,None,150000000,150000000,,None,,,,,386000000,386000000,-150000000,None,0.129,,614000000,559000000,,,,,None,,,,,0.562,2.842,2.554,,,,,,,,0.0809,,,2025-10-23,quarterly,2.7,USD,pre-market,112000000,,0.0428,0.0913,0.069,115.5,397000000,,,,260.05,286.58,5.0584,,,,,,,5132000000,,31.95,,306.84,189.46
2025-12-28,LHX,9.29,21739999000.0,31.95,,0.656,104.36,,,,,,,,,,,,,,,None,4320000000,4320000000,,,,,,None,326000000,,4.76,0.016,,,,0.171,0.13,648000000,974000000,2.57,2024-12-31,23.92,,5576000000.0,1203000000,487000000,31000000,,,None,161000000,161000000,,None,,,,,453000000,456000000,-161000000,None,0.129,,594000000,609000000,,,,,None,,,,,0.562,2.842,2.554,,,,,,,,0.0809,,,2025-10-23,quarterly,2.7,USD,pre-market,142000000,,0.0428,0.0913,0.069,115.5,277000000,,,,260.05,286.58,5.0584,,,,,,,5523000000,,31.95,,306.84,189.46
2025-12-28,LHX,9.29,21739999000.0,31.95,,0.656,104.36,,,,,,,,,,,,,,,None,4067000000,4067000000,,,,,,None,324000000,,4.76,0.016,,,,0.171,0.13,596000000,920000000,2.57,2024-09-30,23.92,,5576000000.0,1225000000,430000000,26000000,,,None,166000000,166000000,,None,,,,,400000000,404000000,-166000000,None,0.129,,705000000,520000000,,,,,None,,,,,0.562,2.842,2.554,,,,,,,,0.0809,,,2025-10-23,quarterly,2.7,USD,pre-market,135000000,,0.0428,0.0913,0.069,115.5,924000000,,,,260.05,286.58,5.0584,,,,,,,5292000000,,31.95,,306.84,189.46
2025-12-28,LHX,9.29,21739999000.0,31.95,,0.656,104.36,,,,,,,,,,,,,,,None,4133000000,4133000000,,,,,,None,319000000,,4.76,0.016,,,,0.171,0.13,562000000,881000000,2.57,2024-06-30,23.92,,5576000000.0,1166000000,390000000,23000000,,,None,172000000,None,,None,,,,,366000000,367000000,-172000000,None,0.129,,655000000,511000000,,,,,None,,,,,0.562,2.842,2.554,,,,,,,,0.0809,,,2025-10-23,quarterly,2.7,USD,pre-market,124000000,,0.0428,0.0913,0.069,115.5,884000000,,,,260.05,286.58,5.0584,,,,,,,5299000000,,31.95,,306.84,189.46
2025-12-28,LHX,9.29,21739999000.0,31.95,,0.656,104.36,,,,,,,,,,,,,,,None,4060000000,4060000000,,,,,,None,320000000,,4.76,0.016,,,,0.171,0.13,466000000,786000000,2.57,2024-03-31,23.92,,5576000000.0,1151000000,290000000,5000000,,,None,176000000,None,,None,,,,,283000000,285000000,-176000000,None,0.129,,733000000,418000000,,,,,None,,,,,0.562,2.842,2.554,,,,,,,,0.0809,,,2025-10-23,quarterly,2.7,USD,pre-market,114000000,,0.0428,0.0913,0.069,115.5,970000000,,,,260.05,286.58,5.0584,,,,,,,5211000000,,31.95,,306.84,189.46
2025-12-28,LHX,9.29,21739999000.0,31.95,,0.656,104.36,,,,,,,,,,,,,,,None,4145000000,4145000000,,,,,,None,350000000,,4.76,0.016,,,,0.171,0.13,247000000,597000000,2.57,2023-12-31,23.92,,5576000000.0,1195000000,76000000,-50000000,,,None,171000000,None,,None,,,,,158000000,126000000,-171000000,None,0.129,,638000000,557000000,,,,,None,,,,,0.562,2.842,2.554,,,,,,,,0.0809,,,2025-10-23,quarterly,2.7,USD,pre-market,124000000,,0.0428,0.0913,0.069,115.5,501000000,,,,260.05,286.58,5.0584,,,,,,,5340000000,,31.95,,306.84,189.46
2025-12-28,LHX,9.29,21739999000.0,31.95,,0.656,104.36,,,,,,,,,,,,,,,None,3793000000,3793000000,,,,,,None,310000000,,4.76,0.016,,,,0.171,0.13,559000000,869000000,2.57,2023-09-30,23.92,,5576000000.0,1122000000,400000000,18000000,,,None,159000000,159000000,,None,,,,,383000000,382000000,-159000000,None,0.129,,587000000,535000000,,,,,None,,,,,0.562,2.842,2.554,,,,,,,,0.0809,,,2025-10-23,quarterly,2.7,USD,pre-market,None,,0.0428,0.0913,0.069,115.5,429000000,,,,260.05,286.58,5.0584,,,,,,,4915000000,,31.95,,306.84,189.46
2025-12-28,LHX,9.29,21739999000.0,31.95,,0.656,104.36,,,,,,,,,,,,,,,None,3626000000,3626000000,,,,,,None,256000000,,4.76,0.016,,,,0.171,0.13,483000000,739000000,2.57,2023-06-30,23.92,,5576000000.0,1067000000,372000000,21000000,,,None,111000000,111000000,,None,,,,,349000000,351000000,-111000000,None,0.129,,545000000,522000000,,,,,None,,,,,0.562,2.842,2.554,,,,,,,,0.0809,,,2025-10-23,quarterly,2.7,USD,pre-market,None,,0.0428,0.0913,0.069,115.5,706000000,,,,260.05,286.58,5.0584,,,,,,,4693000000,,31.95,,306.84,189.46
2025-12-28,LHX,9.29,21739999000.0,31.95,,0.656,104.36,,,,,,,,,,,,,,,None,3305000000,3305000000,,,,,,None,250000000,,4.76,0.016,,,,0.171,0.13,475000000,725000000,2.57,2023-03-31,23.92,,5576000000.0,1166000000,373000000,34000000,,,None,102000000,102000000,,None,,,,,337000000,339000000,-102000000,None,0.129,,733000000,433000000,,,,,None,,,,,0.562,2.842,2.554,,,,,,,,0.0809,,,2025-10-23,quarterly,2.7,USD,pre-market,None,,0.0428,0.0913,0.069,115.5,773000000,,,,260.05,286.58,5.0584,,,,,,,4471000000,,31.95,,306.84,189.46
2025-12-28,LHX,9.29,21739999000.0,31.95,,0.656,104.36,,,,,,,,,,,,,,,None,3316000000,3316000000,,,,,,None,243000000,,4.76,0.016,,,,0.171,0.13,607000000,850000000,2.57,2022-12-31,23.92,,5576000000.0,1262000000,533000000,116000000,,,None,74000000,74000000,,None,,,,,416000000,417000000,-74000000,None,0.129,,617000000,645000000,,,,,None,,,,,0.562,2.842,2.554,,,,,,,,0.0809,,,2025-10-23,quarterly,2.7,USD,pre-market,603000000,,0.0428,0.0913,0.069,115.5,2844000000,,,,260.05,286.58,5.0584,,,,,,,4578000000,,31.95,,306.84,189.46
2025-12-28,LHX,9.29,21739999000.0,31.95,,0.656,104.36,,,,,,,,,,,,,,,None,3052000000,3052000000,,,,,,None,235000000,,4.76,0.016,,,,0.171,0.13,-251000000,-16000000,2.57,2022-09-30,23.92,,5576000000.0,1194000000,-321000000,-20000000,,,None,70000000,70000000,,None,,,,,-300000000,-301000000,-70000000,None,0.129,,721000000,473000000,,,,,None,,,,,0.562,2.842,2.554,,,,,,,,0.0809,,,2025-10-23,quarterly,2.7,USD,pre-market,None,,0.0428,0.0913,0.069,115.5,742000000,,,,260.05,286.58,5.0584,,,,,,,4246000000,,31.95,,306.84,189.46
2025-12-28,LHX,9.29,21739999000.0,31.95,,0.656,104.36,,,,,,,,,,,,,,,None,2907000000,2907000000,,,,,,None,386000000,,4.76,0.016,,,,0.171,0.13,592000000,978000000,2.57,2022-06-30,23.92,,5576000000.0,1228000000,525000000,55000000,,,None,67000000,67000000,,None,,,,,471000000,470000000,-67000000,None,0.129,,718000000,510000000,,,,,None,,,,,0.562,2.842,2.554,,,,,,,,0.0809,,,2025-10-23,quarterly,2.7,USD,pre-market,None,,0.0428,0.0913,0.069,115.5,633000000,,,,260.05,286.58,5.0584,,,,,,,4135000000,,31.95,,306.84,189.46
2025-12-28,LHX,9.29,21739999000.0,31.95,,0.656,104.36,,,,,,,,,,,,,,,None,2892000000,2892000000,,,,,,None,235000000,,4.76,0.016,,,,0.171,0.13,604000000,839000000,2.57,2022-03-31,23.92,,5576000000.0,1211000000,536000000,61000000,,,None,68000000,68000000,,None,,,,,475000000,475000000,-68000000,None,0.129,,693000000,518000000,,,,,None,,,,,0.562,2.842,2.554,,,,,,,,0.0809,,,2025-10-23,quarterly,2.7,USD,pre-market,None,,0.0428,0.0913,0.069,115.5,713000000,,,,260.05,286.58,5.0584,,,,,,,4103000000,,31.95,,306.84,189.46
2025-12-28,LHX,9.29,21739999000.0,31.95,,0.656,104.36,,,,,,,,,,,,,,,None,3053000000,3053000000,,,,,,None,245000000,,4.76,0.016,,,,0.171,0.13,655000000,900000000,2.57,2021-12-31,23.92,,5576000000.0,1297000000,588000000,104000000,,,None,67000000,67000000,,None,,,,,484000000,484000000,-67000000,None,0.129,,742000000,555000000,,,,,None,,,,,0.562,2.842,2.554,,,,,,,,0.0809,,,2025-10-23,quarterly,2.7,USD,pre-market,692000000,,0.0428,0.0913,0.069,115.5,795000000,,,,260.05,286.58,5.0584,,,,,,,4350000000,,31.95,,306.84,189.46
2025-12-28,LHX,9.29,21739999000.0,31.95,,0.656,104.36,,,,,,,,,,,,,,,None,2921000000,2921000000,,,,,,None,241000000,,4.76,0.016,,,,0.171,0.13,653000000,894000000,2.57,2021-09-30,23.92,,5576000000.0,1308000000,586000000,107000000,,,None,67000000,67000000,,None,,,,,481000000,479000000,-67000000,None,0.129,,759000000,549000000,,,,,None,,,,,0.562,2.842,2.554,,,,,,,,0.0809,,,2025-10-23,quarterly,2.7,USD,pre-market,None,,0.0428,0.0913,0.069,115.5,793000000,,,,260.05,286.58,5.0584,,,,,,,4229000000,,31.95,,306.84,189.46
2025-12-28,LHX,9.29,21739999000.0,31.95,,0.656,104.36,,,,,,,,,,,,,,,None,3251000000,3251000000,,,,,,None,236000000,,4.76,0.016,,,,0.171,0.13,647000000,883000000,2.57,2021-06-30,23.92,,5576000000.0,1417000000,582000000,169000000,,,None,65000000,65000000,,None,,,,,413000000,413000000,-65000000,None,0.129,,871000000,546000000,,,,,None,,,,,0.562,2.842,2.554,,,,,,,,0.0809,,,2025-10-23,quarterly,2.7,USD,pre-market,None,,0.0428,0.0913,0.069,115.5,891000000,,,,260.05,286.58,5.0584,,,,,,,4668000000,,31.95,,306.84,189.46
2025-12-28,LHX,9.29,21739999000.0,31.95,,0.656,104.36,,,,,,,,,,,,,,,None,3213000000,3213000000,,,,,,None,248000000,,4.76,0.016,,,,0.171,0.13,596000000,844000000,2.57,2021-03-31,23.92,,5576000000.0,1354000000,527000000,60000000,,,None,69000000,3000000,,None,,,,,468000000,467000000,-66000000,None,0.129,,780000000,574000000,,,,,None,,,,,0.562,2.842,2.554,,,,,,,,0.0809,,,2025-10-23,quarterly,2.7,USD,pre-market,None,,0.0428,0.0913,0.069,115.5,801000000,,,,260.05,286.58,5.0584,,,,,,,4567000000,,31.95,,306.84,189.46
2025-12-28,LHX,9.29,21739999000.0,31.95,,0.656,104.36,,,,,,,,,,,,,,,None,3261000000,3261000000,,,,,,None,264000000,,4.76,0.016,,,,0.171,0.13,315000000,579000000,2.57,2020-12-31,23.92,,5576000000.0,1399000000,247000000,63000000,,,None,68000000,4000000,,None,,,,,193000000,184000000,-64000000,None,0.129,,813000000,586000000,,,,,68000000,,,,,0.562,2.842,2.554,,,,,,,,0.0809,,,2025-10-23,quarterly,2.7,USD,pre-market,684000000,,0.0428,0.0913,0.069,115.5,779000000,,,,260.05,286.58,5.0584,,,,,,,4660000000,,31.95,,306.84,189.46
2025-12-28,LHX,9.29,21739999000.0,31.95,,0.656,104.36,,,,,,,,,,,,,,,None,3152000000,3152000000,,,,,,None,262000000,,4.76,0.016,,,,0.171,0.13,584000000,846000000,2.57,2020-09-30,23.92,,5576000000.0,1311000000,518000000,87000000,,,None,66000000,62000000,,None,,,,,426000000,431000000,-62000000,None,0.129,,817000000,494000000,,,,,90000000,,,,,0.562,2.842,2.554,,,,,,,,0.0809,,,2025-10-23,quarterly,2.7,USD,pre-market,None,,0.0428,0.0913,0.069,115.5,809000000,,,,260.05,286.58,5.0584,,,,,,,4463000000,,31.95,,306.84,189.46
2025-12-28,LHX,9.29,21739999000.0,31.95,,0.656,104.36,,,,,,,,,,,,,,,None,3175000000,3175000000,,,,,,None,287000000,,4.76,0.016,,,,0.171,0.13,404000000,691000000,2.57,2020-06-30,23.92,,5576000000.0,1270000000,336000000,58000000,,,None,68000000,3000000,,None,,,,,283000000,278000000,-65000000,None,0.129,,904000000,366000000,,,,,108000000,,,,,0.562,2.842,2.554,,,,,,,,0.0809,,,2025-10-23,quarterly,2.7,USD,pre-market,None,,0.0428,0.0913,0.069,115.5,1730000000,,,,260.05,286.58,5.0584,,,,,,,4445000000,,31.95,,306.84,189.46
2025-12-28,LHX,9.29,21739999000.0,31.95,,0.656,104.36,,,,,,,,,,,,,,,None,3298000000,3298000000,,,,,,None,234000000,,4.76,0.016,,,,0.171,0.13,289000000,523000000,2.57,2020-03-31,23.92,,5576000000.0,1328000000,221000000,26000000,,,None,68000000,5000000,,None,,,,,217000000,195000000,-63000000,None,0.129,,778000000,550000000,,,,,100000000,,,,,0.562,2.842,2.554,,,,,,,,0.0809,,,2025-10-23,quarterly,2.7,USD,pre-market,149000000,,0.0428,0.0913,0.069,115.5,1624000000,,,,260.05,286.58,5.0584,,,,,,,4626000000,,31.95,,306.84,189.46
2025-12-28,LHX,9.29,21739999000.0,31.95,,0.656,104.36,,,,,,,,,,,,,,,None,3484000000,3484000000,,,,,,None,243000000,,4.76,0.016,,,,0.171,0.13,628000000,871000000,2.57,2019-12-31,23.92,,5576000000.0,1348000000,468000000,68000000,,,None,68000000,65000000,,None,,,,,393000000,400000000,-65000000,None,0.129,,677000000,671000000,,,,,None,,,,,0.562,2.842,2.554,,,,,,,,0.0809,,,2025-10-23,quarterly,2.7,USD,pre-market,180000000,,0.0428,0.0913,0.069,115.5,1891000000,,,,260.05,286.58,5.0584,,,,,,,4832000000,,31.95,,306.84,189.46
2025-12-28,LHX,9.29,21739999000.0,31.95,,0.656,104.36,,,,,,,,,,,,,,,None,3242000000,3242000000,,,,,,None,204000000,,4.76,0.016,,,,0.171,0.13,507000000,711000000,2.57,2019-09-30,23.92,,5576000000.0,1189000000,440000000,5000000,,,None,67000000,9000000,,None,,,,,429000000,435000000,-58000000,None,0.129,,637000000,552000000,,,,,317000000,,,,,0.562,2.842,2.554,,,,,,,,0.0809,,,2025-10-23,quarterly,2.7,USD,pre-market,149000000,,0.0428,0.0913,0.069,115.5,1278000000,,,,260.05,286.58,5.0584,,,,,,,4431000000,,31.95,,306.84,189.46
2025-12-28,LHX,9.29,21739999000.0,31.95,,0.656,104.36,,,,,,,,,,,,,,,None,1223000000,1223000000,,,,,,None,60000000,,4.76,0.016,,,,0.171,0.13,341000000,401000000,2.57,2019-06-30,23.92,,5576000000.0,642000000,302000000,33000000,,,None,39000000,39000000,,None,,,,,268000000,269000000,-39000000,None,0.129,,349000000,293000000,,,,,48000000,,,,,0.562,2.842,2.554,,,,,,,,0.0809,,,2025-10-23,quarterly,2.7,USD,pre-market,0,,0.0428,0.0913,0.069,115.5,628000000,,,,260.05,286.58,5.0584,,,,,,,1865000000,,31.95,,306.84,189.46
2025-12-28,LHX,9.29,21739999000.0,31.95,,0.656,104.36,,,,,,,,,,,,,,,None,5503000000,5503000000,,,,,,None,387000000,,4.76,0.016,,,,0.171,0.13,702000000,1089000000,2.57,2019-03-31,23.92,,5576000000.0,1895000000,283000000,40000000,,,None,43000000,1000000,,None,,,,,243000000,243000000,-42000000,None,0.129,,1578000000,317000000,,,,,47000000,,,,,0.562,2.842,2.554,,,,,,,,0.0809,,,2025-10-23,quarterly,2.7,USD,pre-market,72000000,,0.0428,0.0913,0.069,115.5,1160000000,,,,260.05,286.58,5.0584,,,,,,,7398000000,,31.95,,306.84,189.46
2025-12-28,LHX,9.29,21739999000.0,31.95,,0.656,104.36,,,,,,,,,,,,,,,None,1095000000,1095000000,,,,,,None,64000000,,4.76,0.016,,,,0.171,0.13,314000000,378000000,2.57,2018-12-31,23.92,,5576000000.0,571000000,271000000,46000000,,,None,43000000,None,,None,,,,,225000000,225000000,None,None,0.129,,304000000,314000000,,,,,47000000,,,,,0.562,2.842,2.554,,,,,,,,0.0809,,,2025-10-23,quarterly,2.7,USD,pre-market,0,,0.0428,0.0913,0.069,115.5,580000000,,,,260.05,286.58,5.0584,,,,,,,1666000000,,31.95,,306.84,189.46
2025-12-28,LHX,9.29,21739999000.0,31.95,,0.656,104.36,,,,,,,,,,,,,,,None,1010000000,1010000000,,,,,,None,65000000,,4.76,0.016,,,,0.171,0.13,301000000,366000000,2.57,2018-09-30,23.92,,5576000000.0,532000000,257000000,41000000,,,None,44000000,None,,None,,,,,213000000,216000000,None,None,0.129,,279000000,301000000,,,,,48000000,,,,,0.562,2.842,2.554,,,,,,,,0.0809,,,2025-10-23,quarterly,2.7,USD,pre-market,0,,0.0428,0.0913,0.069,115.5,558000000,,,,260.05,286.58,5.0584,,,,,,,1542000000,,31.95,,306.84,189.46
2025-12-28,LHX,9.29,21739999000.0,31.95,,0.656,104.36,,,,,,,,,,,,,,,None,1091000000,1091000000,,,,,,None,68000000,,4.76,0.016,,,,0.171,0.13,297000000,365000000,2.57,2018-06-30,23.92,,5576000000.0,575000000,251000000,39000000,,,None,46000000,None,,None,,,,,217000000,212000000,None,None,0.129,,248000000,327000000,,,,,-25000000,,,,,0.562,2.842,2.554,,,,,,,,0.0809,,,2025-10-23,quarterly,2.7,USD,pre-market,311000000,,0.0428,0.0913,0.069,115.5,609000000,,,,260.05,286.58,5.0584,,,,,,,1666000000,,31.95,,306.84,189.46
2025-12-28,LHX,9.29,21739999000.0,31.95,,0.656,104.36,,,,,,,,,,,,,,,None,1032000000,1032000000,,,,,,None,62000000,,4.76,0.016,,,,0.171,0.13,256000000,318000000,2.57,2018-03-31,23.92,,5576000000.0,536000000,208000000,10000000,,,None,41000000,None,,None,,,,,196000000,203000000,None,None,0.129,,235000000,301000000,,,,,None,,,,,0.562,2.842,2.554,,,,,,,,0.0809,,,2025-10-23,quarterly,2.7,USD,pre-market,None,,0.0428,0.0913,0.069,115.5,636000000,,,,260.05,286.58,5.0584,,,,,,,1568000000,,31.95,,306.84,189.46
2025-12-28,LHX,9.29,21739999000.0,31.95,,0.656,104.36,,,,,,,,,,,,,,,None,1047000000,1047000000,,,,,,None,65000000,,4.76,0.016,,,,0.171,0.13,266000000,331000000,2.57,2017-12-31,23.92,,5576000000.0,488000000,225000000,94000000,,,None,42000000,None,,None,,,,,131000000,139000000,None,None,0.129,,266000000,222000000,,,,,-1000000,,,,,0.562,2.842,2.554,,,,,,,,0.0809,,,2025-10-23,quarterly,2.7,USD,pre-market,None,,0.0428,0.0913,0.069,115.5,555000000,,,,260.05,286.58,5.0584,,,,,,,1535000000,,31.95,,306.84,189.46
2025-12-28,LHX,9.29,21739999000.0,31.95,,0.656,104.36,,,,,,,,,,,,,,,None,923000000,923000000,,,,,,None,65000000,,4.76,0.016,,,,0.171,0.13,272000000,337000000,2.57,2017-09-30,23.92,,5576000000.0,490000000,228000000,63000000,,,None,41000000,None,,None,,,,,159000000,167000000,None,None,0.129,,218000000,272000000,,,,,None,,,,,0.562,2.842,2.554,,,,,,,,0.0809,,,2025-10-23,quarterly,2.7,USD,pre-market,None,,0.0428,0.0913,0.069,115.5,511000000,,,,260.05,286.58,5.0584,,,,,,,1413000000,,31.95,,306.84,189.46
2025-12-28,LHX,9.29,21739999000.0,31.95,,0.656,104.36,,,,,,,,,,,,,,,None,1019000000,1019000000,,,,,,None,81000000,,4.76,0.016,,,,0.171,0.13,276000000,357000000,2.57,2017-06-30,23.92,,5576000000.0,523000000,234000000,68000000,,,None,42000000,None,,None,,,,,131000000,146000000,None,None,0.129,,228000000,295000000,,,,,1000000,,,,,0.562,2.842,2.554,,,,,,,,0.0809,,,2025-10-23,quarterly,2.7,USD,pre-market,310000000,,0.0428,0.0913,0.069,115.5,248000000,,,,260.05,286.58,5.0584,,,,,,,1542000000,,31.95,,306.84,189.46
2025-12-28,LHX,9.29,21739999000.0,31.95,,0.656,104.36,,,,,,,,,,,,,,,None,964000000,964000000,,,,,,None,36000000,,4.76,0.016,,,,0.171,0.13,275000000,311000000,2.57,2017-03-31,23.92,,5576000000.0,525000000,233000000,69000000,,,None,42000000,None,,None,,,,,85000000,164000000,None,None,0.129,,242000000,283000000,,,,,None,,,,,0.562,2.842,2.554,,,,,,,,0.0809,,,2025-10-23,quarterly,2.7,USD,pre-market,None,,0.0428,0.0913,0.069,115.5,250000000,,,,260.05,286.58,5.0584,,,,,,,1489000000,,31.95,,306.84,189.46
2025-12-28,LHX,9.29,21739999000.0,31.95,,0.656,104.36,,,,,,,,,,,,,,,None,948000000,948000000,,,,,,None,69000000,,4.76,0.016,,,,0.171,0.13,279000000,348000000,2.57,2016-12-31,23.92,,5576000000.0,501000000,235000000,72000000,,,None,44000000,None,,None,,,,,177000000,168000000,None,None,0.129,,211000000,290000000,,,,,2000000,,,,,0.562,2.842,2.554,,,,,,,,0.0809,,,2025-10-23,quarterly,2.7,USD,pre-market,None,,0.0428,0.0913,0.069,115.5,513000000,,,,260.05,286.58,5.0584,,,,,,,1449000000,,31.95,,306.84,189.46
2025-12-28,LHX,9.29,21739999000.0,31.95,,0.656,104.36,,,,,,,,,,,,,,,None,1208000000,1208000000,,,,,,None,86000000,,4.76,0.016,,,,0.171,0.13,269000000,355000000,2.57,2016-09-30,23.92,,5576000000.0,546000000,203000000,58000000,,,None,44000000,None,,None,,,,,160000000,160000000,None,None,0.129,,261000000,285000000,,,,,1000000,,,,,0.562,2.842,2.554,,,,,,,,0.0809,,,2025-10-23,quarterly,2.7,USD,pre-market,None,,0.0428,0.0913,0.069,115.5,311000000,,,,260.05,286.58,5.0584,,,,,,,1754000000,,31.95,,306.84,189.46
2025-12-28,LHX,9.29,21739999000.0,31.95,,0.656,104.36,,,,,,,,,,,,,,,None,1352000000,1352000000,,,,,,None,99000000,,4.76,0.016,,,,0.171,0.13,287000000,386000000,2.57,2016-06-30,23.92,,5576000000.0,552000000,243000000,81000000,,,None,44000000,None,,None,,,,,160000000,162000000,None,None,0.129,,219000000,333000000,,,,,11000000,,,,,0.562,2.842,2.554,,,,,,,,0.0809,,,2025-10-23,quarterly,2.7,USD,pre-market,305000000,,0.0428,0.0913,0.069,115.5,587000000,,,,260.05,286.58,5.0584,,,,,,,1904000000,,31.95,,306.84,189.46
2025-12-28,LHX,9.29,21739999000.0,31.95,,0.656,104.36,,,,,,,,,,,,,,,None,1345000000,1345000000,,,,,,None,82000000,,4.76,0.016,,,,0.171,0.13,287000000,369000000,2.57,2016-03-31,23.92,,5576000000.0,564000000,221000000,62000000,,,None,46000000,None,,None,,,,,168000000,170000000,None,None,0.129,,253000000,311000000,,,,,-1000000,,,,,0.562,2.842,2.554,,,,,,,,0.0809,,,2025-10-23,quarterly,2.7,USD,pre-market,None,,0.0428,0.0913,0.069,115.5,582000000,,,,260.05,286.58,5.0584,,,,,,,1909000000,,31.95,,306.84,189.46
2025-12-28,LHX,9.29,21739999000.0,31.95,,0.656,104.36,,,,,,,,,,,,,,,None,1203000000,1203000000,,,,,,None,86000000,,4.76,0.016,,,,0.171,0.13,328000000,414000000,2.57,2015-12-31,23.92,,5576000000.0,545000000,282000000,85000000,,,None,46000000,None,,None,,,,,-152000000,-135000000,None,None,0.129,,217000000,328000000,,,,,None,,,,,0.562,2.842,2.554,,,,,,,,0.0809,,,2025-10-23,quarterly,2.7,USD,pre-market,None,,0.0428,0.0913,0.069,115.5,590000000,,,,260.05,286.58,5.0584,,,,,,,1748000000,,31.95,,306.84,189.46
2025-12-28,LHX,9.29,21739999000.0,31.95,,0.656,104.36,,,,,,,,,,,,,,,None,1220000000,1220000000,,,,,,None,94000000,,4.76,0.016,,,,0.171,0.13,264000000,358000000,2.57,2015-09-30,23.92,,5576000000.0,591000000,216000000,68000000,,,None,48000000,None,,None,,,,,148000000,None,None,None,0.129,,329000000,264000000,,,,,None,,,,,0.562,2.842,2.554,,,,,,,,0.0809,,,2025-10-23,quarterly,2.7,USD,pre-market,None,,0.0428,0.0913,0.069,115.5,464000000,,,,260.05,286.58,5.0584,,,,,,,1811000000,,31.95,,306.84,189.46
2025-12-28,LHX,9.29,21739999000.0,31.95,,0.656,104.36,,,,,,,,,,,,,,,None,1038200000,1038200000,,,,,,None,80100000,,4.76,0.016,,,,0.171,0.13,-188700000,-108600000,2.57,2015-06-30,23.92,,5576000000.0,496500000,-66700000,-10500000,,,None,50500000,None,,None,,,,,-56300000,-56200000,None,None,0.129,,404500000,-16200000,,,,,-108200000,,,,,0.562,2.842,2.554,,,,,,,,0.0809,,,2025-10-23,quarterly,2.7,USD,pre-market,277000000,,0.0428,0.0913,0.069,115.5,1287500000,,,,260.05,286.58,5.0584,,,,,,,1534700000,,31.95,,306.84,189.46
2025-12-28,LHX,9.29,21739999000.0,31.95,,0.656,104.36,,,,,,,,,,,,,,,None,754000000,754000000,,,,,,None,60000000,,4.76,0.016,,,,0.171,0.13,213000000,273000000,2.57,2015-03-31,23.92,,5576000000.0,433000000,179000000,53000000,,,None,34000000,None,,None,,,,,126000000,125600000,None,None,0.129,,220000000,213000000,,,,,600000,,,,,0.562,2.842,2.554,,,,,,,,0.0809,,,2025-10-23,quarterly,2.7,USD,pre-market,None,,0.0428,0.0913,0.069,115.5,441800000,,,,260.05,286.58,5.0584,,,,,,,1187000000,,31.95,,306.84,189.46
2025-12-28,LHX,9.29,21739999000.0,31.95,,0.656,104.36,,,,,,,,,,,,,,,None,808000000,808000000,,,,,,None,53000000,,4.76,0.016,,,,0.171,0.13,211000000,264000000,2.57,2014-12-31,23.92,,5576000000.0,398000000,189000000,50000000,,,None,22000000,None,,None,,,,,139000000,139500000,None,None,0.129,,188000000,211000000,,,,,900000,,,,,0.562,2.842,2.554,,,,,,,,0.0809,,,2025-10-23,quarterly,2.7,USD,pre-market,None,,0.0428,0.0913,0.069,115.5,375000000,,,,260.05,286.58,5.0584,,,,,,,1206000000,,31.95,,306.84,189.46
2025-12-28,LHX,9.29,21739999000.0,31.95,,0.656,104.36,,,,,,,,,,,,,,,None,762000000,762000000,,,,,,None,51000000,,4.76,0.016,,,,0.171,0.13,199000000,250000000,2.57,2014-09-30,23.92,,5576000000.0,393000000,176000000,51000000,,,None,23000000,None,,None,,,,,125000000,125100000,None,None,0.129,,195000000,199000000,,,,,700000,,,,,0.562,2.842,2.554,,,,,,,,0.0809,,,2025-10-23,quarterly,2.7,USD,pre-market,None,,0.0428,0.0913,0.069,115.5,390000000,,,,260.05,286.58,5.0584,,,,,,,1155000000,,31.95,,306.84,189.46
2025-12-28,LHX,9.29,21739999000.0,31.95,,0.656,104.36,,,,,,,,,,,,,,,None,899600000,899600000,,,,,,None,55700000,,4.76,0.016,,,,0.171,0.13,226300000,282000000,2.57,2014-06-30,23.92,,5576000000.0,429800000,203300000,65700000,,,None,23000000,None,,None,,,,,131400000,137600000,None,None,0.129,,203900000,226300000,,,,,400000,,,,,0.562,2.842,2.554,,,,,,,,0.0809,,,2025-10-23,quarterly,2.7,USD,pre-market,865000000,,0.0428,0.0913,0.069,115.5,407900000,,,,260.05,286.58,5.0584,,,,,,,1329400000,,31.95,,306.84,189.46
2025-12-28,LHX,9.29,21739999000.0,31.95,,0.656,104.36,,,,,,,,,,,,,,,None,841000000,841000000,,,,,,None,48200000,,4.76,0.016,,,,0.171,0.13,224200000,272400000,2.57,2014-03-31,23.92,,5576000000.0,426500000,201000000,63900000,,,None,23200000,None,,None,,,,,141400000,137100000,None,None,0.129,,203200000,224200000,,,,,900000,,,,,0.562,2.842,2.554,,,,,,,,0.0809,,,2025-10-23,quarterly,2.7,USD,pre-market,None,,0.0428,0.0913,0.069,115.5,406200000,,,,260.05,286.58,5.0584,,,,,,,1267500000,,31.95,,306.84,189.46
2025-12-28,LHX,9.29,21739999000.0,31.95,,0.656,104.36,,,,,,,,,,,,,,,None,795400000,795400000,,,,,,None,50400000,,4.76,0.016,,,,0.171,0.13,227000000,277400000,2.57,2013-12-31,23.92,,5576000000.0,427800000,203300000,66200000,,,None,23700000,None,,None,,,,,136200000,137100000,None,None,0.129,,204700000,227000000,,,,,3900000,,,,,0.562,2.842,2.554,,,,,,,,0.0809,,,2025-10-23,quarterly,2.7,USD,pre-market,None,,0.0428,0.0913,0.069,115.5,409700000,,,,260.05,286.58,5.0584,,,,,,,1223200000,,31.95,,306.84,189.46
2025-12-28,LHX,9.29,21739999000.0,31.95,,0.656,104.36,,,,,,,,,,,,,,,None,774500000,774500000,,,,,,None,50000000,,4.76,0.016,,,,0.171,0.13,211500000,261500000,2.57,2013-09-30,23.92,,5576000000.0,417400000,187800000,60400000,,,None,23700000,None,,None,,,,,125800000,127400000,None,None,0.129,,207800000,211500000,,,,,1900000,,,,,0.562,2.842,2.554,,,,,,,,0.0809,,,2025-10-23,quarterly,2.7,USD,pre-market,None,,0.0428,0.0913,0.069,115.5,414800000,,,,260.05,286.58,5.0584,,,,,,,1191900000,,31.95,,306.84,189.46
2025-12-28,LHX,9.29,21739999000.0,31.95,,0.656,104.36,,,,,,,,,,,,,,,None,887800000,887800000,,,,,,None,56300000,,4.76,0.016,,,,0.171,0.13,132400000,188700000,2.57,2013-06-30,23.92,,5576000000.0,471800000,106400000,35900000,,,None,26000000,None,,None,,,,,55500000,70500000,None,None,0.129,,300700000,132400000,,,,,-38700000,,,,,0.562,2.842,2.554,,,,,,,,0.0809,,,2025-10-23,quarterly,2.7,USD,pre-market,900000000,,0.0428,0.0913,0.069,115.5,601700000,,,,260.05,286.58,5.0584,,,,,,,1359600000,,31.95,,306.84,189.46
2025-12-28,LHX,9.29,21739999000.0,31.95,,0.656,104.36,,,,,,,,,,,,,,,None,803500000,803500000,,,,,,None,54100000,,4.76,0.016,,,,0.171,0.13,198000000,252100000,2.57,2013-03-31,23.92,,5576000000.0,400200000,170400000,45800000,,,None,27600000,None,,None,,,,,94800000,124600000,None,None,0.129,,202500000,198000000,,,,,300000,,,,,0.562,2.842,2.554,,,,,,,,0.0809,,,2025-10-23,quarterly,2.7,USD,pre-market,None,,0.0428,0.0913,0.069,115.5,404500000,,,,260.05,286.58,5.0584,,,,,,,1203700000,,31.95,,306.84,189.46
2025-12-28,LHX,9.29,21739999000.0,31.95,,0.656,104.36,,,,,,,,,,,,,,,None,845400000,845400000,,,,,,None,55400000,,4.76,0.016,,,,0.171,0.13,227800000,283200000,2.57,2012-12-31,23.92,,5576000000.0,441500000,200200000,61700000,,,None,27600000,None,,None,,,,,48500000,138500000,None,None,0.129,,213100000,227800000,,,,,-600000,,,,,0.562,2.842,2.554,,,,,,,,0.0809,,,2025-10-23,quarterly,2.7,USD,pre-market,None,,0.0428,0.0913,0.069,115.5,426100000,,,,260.05,286.58,5.0584,,,,,,,1286900000,,31.95,,306.84,189.46
2025-12-28,LHX,9.29,21739999000.0,31.95,,0.656,104.36,,,,,,,,,,,,,,,None,848300000,848300000,,,,,,None,54800000,,4.76,0.016,,,,0.171,0.13,215500000,270300000,2.57,2012-09-30,23.92,,5576000000.0,413200000,187600000,59300000,,,None,27900000,None,,None,,,,,-85800000,128300000,None,None,0.129,,198200000,215500000,,,,,500000,,,,,0.562,2.842,2.554,,,,,,,,0.0809,,,2025-10-23,quarterly,2.7,USD,pre-market,None,,0.0428,0.0913,0.069,115.5,396200000,,,,260.05,286.58,5.0584,,,,,,,1261500000,,31.95,,306.84,189.46
2025-12-28,LHX,9.29,21739999000.0,31.95,,0.656,104.36,,,,,,,,,,,,,,,None,746000000,746000000,,,,,,None,66300000,,4.76,0.016,,,,0.171,0.13,267900000,334200000,2.57,2012-06-30,23.92,,5576000000.0,333000000,652900000,103000000,,,None,27300000,None,,None,,,,,129100000,558800000,None,None,0.129,,76800000,267900000,,,,,None,,,,,0.562,2.842,2.554,,,,,,,,0.0809,,,2025-10-23,quarterly,2.7,USD,pre-market,None,,0.0428,0.0913,0.069,115.5,1193200000,,,,260.05,286.58,5.0584,,,,,,,1079000000,,31.95,,306.84,189.46
2025-12-28,LHX,9.29,21739999000.0,31.95,,0.656,104.36,,,,,,,,,,,,,,,None,879800000,879800000,,,,,,None,64700000,,4.76,0.016,,,,0.171,0.13,256300000,321000000,2.57,2012-03-31,23.92,,5576000000.0,489000000,227600000,73200000,,,None,28700000,None,,None,,,,,-353200000,-256300000,None,None,0.129,,242000000,256300000,,,,,9300000,,,,,0.562,2.842,2.554,,,,,,,,0.0809,,,2025-10-23,quarterly,2.7,USD,pre-market,None,,0.0428,0.0913,0.069,115.5,517900000,,,,260.05,286.58,5.0584,,,,,,,1368800000,,31.95,,306.84,189.46
2025-12-28,LHX,9.29,21739999000.0,31.95,,0.656,104.36,,,,,,,,,,,,,,,None,856000000,856000000,,,,,,None,66000000,,4.76,0.016,,,,0.171,0.13,235000000,301000000,2.57,2011-12-31,23.92,,5576000000.0,454200000,205900000,71100000,,,None,29100000,None,,None,,,,,133100000,132300000,None,None,0.129,,222300000,235000000,,,,,3100000,,,,,0.562,2.842,2.554,,,,,,,,0.0809,,,2025-10-23,quarterly,2.7,USD,pre-market,None,,0.0428,0.0913,0.069,115.5,499600000,,,,260.05,286.58,5.0584,,,,,,,1310200000,,31.95,,306.84,189.46
2025-12-28,LHX,9.29,21739999000.0,31.95,,0.656,104.36,,,,,,,,,,,,,,,None,893900000,893900000,,,,,,None,63300000,,4.76,0.016,,,,0.171,0.13,220400000,283700000,2.57,2011-09-30,23.92,,5576000000.0,442200000,192300000,61700000,,,None,28100000,None,,None,,,,,121600000,121100000,None,None,0.129,,223400000,220400000,,,,,1600000,,,,,0.562,2.842,2.554,,,,,,,,0.0809,,,2025-10-23,quarterly,2.7,USD,pre-market,None,,0.0428,0.0913,0.069,115.5,290900000,,,,260.05,286.58,5.0584,,,,,,,1336100000,,31.95,,306.84,189.46
2025-12-28,LHX,9.29,21739999000.0,31.95,,0.656,104.36,,,,,,,,,,,,,,,None,1092600000,1092600000,,,,,,None,63500000,,4.76,0.016,,,,0.171,0.13,227100000,290600000,2.57,2011-06-30,23.92,,5576000000.0,574800000,200900000,68000000,,,None,26200000,None,,None,,,,,133500000,132900000,None,None,0.129,,347900000,227400000,,,,,200000,,,,,0.562,2.842,2.554,,,,,,,,0.0809,,,2025-10-23,quarterly,2.7,USD,pre-market,None,,0.0428,0.0913,0.069,115.5,1420100000,,,,260.05,286.58,5.0584,,,,,,,1667400000,,31.95,,306.84,189.46
2025-12-28,LHX,9.29,21739999000.0,31.95,,0.656,104.36,,,,,,,,,,,,,,,None,896600000,896600000,,,,,,None,52300000,,4.76,0.016,,,,0.171,0.13,236200000,288500000,2.57,2011-03-31,23.92,,5576000000.0,516200000,209100000,67500000,,,None,27100000,None,,None,,,,,139500000,139200000,None,None,0.129,,281000000,236500000,,,,,1000000,,,,,0.562,2.842,2.554,,,,,,,,0.0809,,,2025-10-23,quarterly,2.7,USD,pre-market,None,,0.0428,0.0913,0.069,115.5,396700000,,,,260.05,286.58,5.0584,,,,,,,1412800000,,31.95,,306.84,189.46
2025-12-28,LHX,9.29,21739999000.0,31.95,,0.656,104.36,,,,,,,,,,,,,,,None,940500000,940500000,,,,,,None,49400000,,4.76,0.016,,,,0.171,0.13,242300000,291700000,2.57,2010-12-31,23.92,,5576000000.0,498000000,221900000,70800000,,,None,20400000,None,,None,,,,,151100000,151100000,None,None,0.129,,255200000,243200000,,,,,-500000,,,,,0.562,2.842,2.554,,,,,,,,0.0809,,,2025-10-23,quarterly,2.7,USD,pre-market,None,,0.0428,0.0913,0.069,115.5,255200000,,,,260.05,286.58,5.0584,,,,,,,1438500000,,31.95,,306.84,189.46
2025-12-28,LHX,9.29,21739999000.0,31.95,,0.656,104.36,,,,,,,,,,,,,,,None,881100000,881100000,,,,,,None,46800000,,4.76,0.016,,,,0.171,0.13,269300000,316100000,2.57,2010-09-30,23.92,,5576000000.0,524300000,251500000,87600000,,,None,17800000,None,,None,,,,,163900000,163900000,None,None,0.129,,255200000,269700000,,,,,200000,,,,,0.562,2.842,2.554,,,,,,,,0.0809,,,2025-10-23,quarterly,2.7,USD,pre-market,None,,0.0428,0.0913,0.069,115.5,510200000,,,,260.05,286.58,5.0584,,,,,,,1405400000,,31.95,,306.84,189.46
2025-12-28,LHX,9.29,21739999000.0,31.95,,0.656,104.36,,,,,,,,,,,,,,,None,923700000,923700000,,,,,,None,44700000,,4.76,0.016,,,,0.171,0.13,246500000,291200000,2.57,2010-06-30,23.92,,5576000000.0,532200000,228000000,76600000,,,None,17600000,None,,None,,,,,151400000,151400000,None,None,0.129,,286100000,246500000,,,,,-500000,,,,,0.562,2.842,2.554,,,,,,,,0.0809,,,2025-10-23,quarterly,2.7,USD,pre-market,None,,0.0428,0.0913,0.069,115.5,572100000,,,,260.05,286.58,5.0584,,,,,,,1455900000,,31.95,,306.84,189.46
2025-12-28,LHX,9.29,21739999000.0,31.95,,0.656,104.36,,,,,,,,,,,,,,,None,820000000,820000000,,,,,,None,40200000,,4.76,0.016,,,,0.171,0.13,264400000,304600000,2.57,2010-03-31,23.92,,5576000000.0,509500000,246300000,80100000,,,None,18100000,None,,None,,,,,166200000,166200000,None,None,0.129,,245000000,264900000,,,,,-100000,,,,,0.562,2.842,2.554,,,,,,,,0.0809,,,2025-10-23,quarterly,2.7,USD,pre-market,None,,0.0428,0.0913,0.069,115.5,490000000,,,,260.05,286.58,5.0584,,,,,,,1329500000,,31.95,,306.84,189.46
2025-12-28,LHX,9.29,21739999000.0,31.95,,0.656,104.36,,,,,,,,,,,,,,,None,778600000,778600000,,,,,,None,38700000,,4.76,0.016,,,,0.171,0.13,223400000,262100000,2.57,2009-12-31,23.92,,5576000000.0,439100000,205200000,65700000,,,None,18200000,None,,None,,,,,139500000,139500000,None,None,0.129,,215700000,223400000,,,,,None,,,,,0.562,2.842,2.554,,,,,,,,0.0809,,,2025-10-23,quarterly,2.7,USD,pre-market,None,,0.0428,0.0913,0.069,115.5,430700000,,,,260.05,286.58,5.0584,,,,,,,1217700000,,31.95,,306.84,189.46
2025-12-28,LHX,9.29,21739999000.0,31.95,,0.656,104.36,,,,,,,,,,,,,,,None,812100000,812100000,,,,,,None,42100000,,4.76,0.016,,,,0.171,0.13,179000000,221100000,2.57,2009-09-30,23.92,,5576000000.0,390900000,160800000,56300000,,,None,18200000,None,,None,,,,,104500000,104500000,None,None,0.129,,212100000,179200000,,,,,200000,,,,,0.562,2.842,2.554,,,,,,,,0.0809,,,2025-10-23,quarterly,2.7,USD,pre-market,None,,0.0428,0.0913,0.069,115.5,424100000,,,,260.05,286.58,5.0584,,,,,,,1203000000,,31.95,,306.84,189.46
2025-12-28,LHX,9.29,21739999000.0,31.95,,0.656,104.36,,,,,,,,,,,,,,,None,478300000,478300000,,,,,,None,50200000,,4.76,0.016,,,,0.171,0.13,199100000,249300000,2.57,2009-06-30,23.92,,5576000000.0,273900000,231900000,-41300000,,,None,11800000,None,,None,,,,,-156400000,None,None,None,0.129,,74300000,199100000,,,,,None,,,,,0.562,2.842,2.554,,,,,,,,0.0809,,,2025-10-23,quarterly,2.7,USD,pre-market,None,,0.0428,0.0913,0.069,115.5,1012500000,,,,260.05,286.58,5.0584,,,,,,,752200000,,31.95,,306.84,189.46
2025-12-28,LHX,9.29,21739999000.0,31.95,,0.656,104.36,,,,,,,,,,,,,,,None,813300000,813300000,,,,,,None,41800000,,4.76,0.016,,,,0.171,0.13,210700000,252500000,2.57,2009-03-31,23.92,,5576000000.0,391800000,198100000,62200000,,,None,12600000,None,,None,,,,,114200000,None,None,None,0.129,,188400000,204100000,,,,,None,,,,,0.562,2.842,2.554,,,,,,,,0.0809,,,2025-10-23,quarterly,2.7,USD,pre-market,None,,0.0428,0.0913,0.069,115.5,429400000,,,,260.05,286.58,5.0584,,,,,,,1205100000,,31.95,,306.84,189.46
2025-12-28,LHX,9.29,21739999000.0,31.95,,0.656,104.36,,,,,,,,,,,,,,,None,925300000,925300000,,,,,,None,43200000,,4.76,0.016,,,,0.171,0.13,216300000,259500000,2.57,2008-12-31,23.92,,5576000000.0,407900000,202500000,61900000,,,None,13800000,None,,None,,,,,-38600000,None,None,None,0.129,,191800000,217000000,,,,,None,,,,,0.562,2.842,2.554,,,,,,,,0.0809,,,2025-10-23,quarterly,2.7,USD,pre-market,None,,0.0428,0.0913,0.069,115.5,427800000,,,,260.05,286.58,5.0584,,,,,,,1333200000,,31.95,,306.84,189.46
2025-12-28,LHX,9.29,21739999000.0,31.95,,0.656,104.36,,,,,,,,,,,,,,,None,791900000,791900000,,,,,,None,42500000,,4.76,0.016,,,,0.171,0.13,184000000,226500000,2.57,2008-09-30,23.92,,5576000000.0,380700000,171600000,52200000,,,None,12400000,None,,None,,,,,118700000,None,None,None,0.129,,189600000,192100000,,,,,None,,,,,0.562,2.842,2.554,,,,,,,,0.0809,,,2025-10-23,quarterly,2.7,USD,pre-market,None,,0.0428,0.0913,0.069,115.5,429600000,,,,260.05,286.58,5.0584,,,,,,,1172600000,,31.95,,306.84,189.46
2025-12-28,LHX,9.29,21739999000.0,31.95,,0.656,104.36,,,,,,,,,,,,,,,None,990000000,990000000,,,,,,None,46400000,,4.76,0.016,,,,0.171,0.13,170100000,216500000,2.57,2008-06-30,23.92,,5576000000.0,443200000,164600000,52500000,,,None,55700000,None,,None,,,,,121700000,None,None,None,0.129,,270200000,170100000,,,,,None,,,,,0.562,2.842,2.554,,,,,,,,0.0809,,,2025-10-23,quarterly,2.7,USD,pre-market,None,,0.0428,0.0913,0.069,115.5,476900000,,,,260.05,286.58,5.0584,,,,,,,1433200000,,31.95,,306.84,189.46
2025-12-28,LHX,9.29,21739999000.0,31.95,,0.656,104.36,,,,,,,,,,,,,,,None,933900000,933900000,,,,,,None,41600000,,4.76,0.016,,,,0.171,0.13,164000000,205600000,2.57,2008-03-31,23.92,,5576000000.0,395700000,150100000,38900000,,,None,13900000,None,,None,,,,,108000000,None,None,None,0.129,,236400000,161200000,,,,,None,,,,,0.562,2.842,2.554,,,,,,,,0.0809,,,2025-10-23,quarterly,2.7,USD,pre-market,None,,0.0428,0.0913,0.069,115.5,328400000,,,,260.05,286.58,5.0584,,,,,,,1329600000,,31.95,,306.84,189.46
2025-12-28,LHX,9.29,21739999000.0,31.95,,0.656,104.36,,,,,,,,,,,,,,,None,908200000,908200000,,,,,,None,42300000,,4.76,0.016,,,,0.171,0.13,174900000,217200000,2.57,2007-12-31,23.92,,5576000000.0,409500000,171200000,57300000,,,None,13800000,None,,None,,,,,114300000,None,None,None,0.129,,230300000,174900000,,,,,None,,,,,0.562,2.842,2.554,,,,,,,,0.0809,,,2025-10-23,quarterly,2.7,USD,pre-market,None,,0.0428,0.0913,0.069,115.5,461300000,,,,260.05,286.58,5.0584,,,,,,,1317700000,,31.95,,306.84,189.46
2025-12-28,LHX,9.29,21739999000.0,31.95,,0.656,104.36,,,,,,,,,,,,,,,None,849600000,849600000,,,,,,None,41900000,,4.76,0.016,,,,0.171,0.13,162300000,204200000,2.57,2007-09-30,23.92,,5576000000.0,380900000,152600000,52800000,,,None,15100000,None,,None,,,,,100200000,None,None,None,0.129,,216900000,162300000,,,,,None,,,,,0.562,2.842,2.554,,,,,,,,0.0809,,,2025-10-23,quarterly,2.7,USD,pre-market,None,,0.0428,0.0913,0.069,115.5,432900000,,,,260.05,286.58,5.0584,,,,,,,1230500000,,31.95,,306.84,189.46
2025-12-28,LHX,9.29,21739999000.0,31.95,,0.656,104.36,,,,,,,,,,,,,,,None,827400000,827400000,,,,,,None,46100000,,4.76,0.016,,,,0.171,0.13,142200000,188300000,2.57,2007-06-30,23.92,,5576000000.0,380200000,134500000,50800000,,,None,11000000,None,,None,,,,,87600000,None,None,None,0.129,,238400000,142200000,,,,,None,,,,,0.562,2.842,2.554,,,,,,,,0.0809,,,2025-10-23,quarterly,2.7,USD,pre-market,None,,0.0428,0.0913,0.069,115.5,476400000,,,,260.05,286.58,5.0584,,,,,,,1207600000,,31.95,,306.84,189.46
2025-12-28,LHX,9.29,21739999000.0,31.95,,0.656,104.36,,,,,,,,,,,,,,,None,719100000,719100000,,,,,,None,34300000,,4.76,0.016,,,,0.171,0.13,-54400000,-20100000,2.57,2007-03-31,23.92,,5576000000.0,353300000,272100000,63800000,,,None,10500000,None,,None,,,,,214900000,None,None,None,0.129,,241500000,-54400000,,,,,None,,,,,0.562,2.842,2.554,,,,,,,,0.0809,,,2025-10-23,quarterly,2.7,USD,pre-market,None,,0.0428,0.0913,0.069,115.5,483500000,,,,260.05,286.58,5.0584,,,,,,,1072400000,,31.95,,306.84,189.46
2025-12-28,LHX,9.29,21739999000.0,31.95,,0.656,104.36,,,,,,,,,,,,,,,None,683700000,683700000,,,,,,None,27500000,,4.76,0.016,,,,0.171,0.13,151300000,178800000,2.57,2006-12-31,23.92,,5576000000.0,332500000,143600000,49600000,,,None,9800000,None,,None,,,,,94000000,None,None,None,0.129,,181400000,151300000,,,,,None,,,,,0.562,2.842,2.554,,,,,,,,0.0809,,,2025-10-23,quarterly,2.7,USD,pre-market,None,,0.0428,0.0913,0.069,115.5,362400000,,,,260.05,286.58,5.0584,,,,,,,1016200000,,31.95,,306.84,189.46
2025-12-28,LHX,9.29,21739999000.0,31.95,,0.656,104.36,,,,,,,,,,,,,,,None,640900000,640900000,,,,,,None,27300000,,4.76,0.016,,,,0.171,0.13,155000000,182300000,2.57,2006-09-30,23.92,,5576000000.0,305900000,110600000,26700000,,,None,9800000,None,,None,,,,,83900000,None,None,None,0.129,,169400000,155000000,,,,,None,,,,,0.562,2.842,2.554,,,,,,,,0.0809,,,2025-10-23,quarterly,2.7,USD,pre-market,None,,0.0428,0.0913,0.069,115.5,338400000,,,,260.05,286.58,5.0584,,,,,,,946800000,,31.95,,306.84,189.46
2025-12-28,LHX,9.29,21739999000.0,31.95,,0.656,104.36,,,,,,,,,,,,,,,None,651400000,651400000,,,,,,None,28800000,,4.76,0.016,,,,0.171,0.13,136300000,165100000,2.57,2006-06-30,23.92,,5576000000.0,341000000,128900000,43800000,,,None,None,None,,None,,,,,85100000,None,None,None,0.129,,205100000,136300000,,,,,None,,,,,0.562,2.842,2.554,,,,,,,,0.0809,,,2025-10-23,quarterly,2.7,USD,pre-market,None,,0.0428,0.0913,0.069,115.5,205100000,,,,260.05,286.58,5.0584,,,,,,,992400000,,31.95,,306.84,189.46
2025-12-28,LHX,9.29,21739999000.0,31.95,,0.656,104.36,,,,,,,,,,,,,,,None,584200000,584200000,,,,,,None,25100000,,4.76,0.016,,,,0.171,0.13,119100000,144200000,2.57,2006-03-31,23.92,,5576000000.0,296900000,111300000,38800000,,,None,None,None,,None,,,,,72500000,None,None,None,0.129,,177800000,119100000,,,,,None,,,,,0.562,2.842,2.554,,,,,,,,0.0809,,,2025-10-23,quarterly,2.7,USD,pre-market,None,,0.0428,0.0913,0.069,115.5,177800000,,,,260.05,286.58,5.0584,,,,,,,881100000,,31.95,,306.84,189.46
2025-12-28,LHX,9.29,21739999000.0,31.95,,0.656,104.36,,,,,,,,,,,,,,,None,605600000,605600000,,,,,,None,24300000,,4.76,0.016,,,,0.171,0.13,68500000,92800000,2.57,2005-12-31,23.92,,5576000000.0,236000000,61000000,31000000,,,None,10000000,None,,None,,,,,30000000,None,None,None,0.129,,167700000,68500000,,,,,None,,,,,0.562,2.842,2.554,,,,,,,,0.0809,,,2025-10-23,quarterly,2.7,USD,pre-market,None,,0.0428,0.0913,0.069,115.5,338700000,,,,260.05,286.58,5.0584,,,,,,,841600000,,31.95,,306.84,189.46
2025-12-28,LHX,9.29,21739999000.0,31.95,,0.656,104.36,,,,,,,,,,,,,,,None,536600000,536600000,,,,,,None,20200000,,4.76,0.016,,,,0.171,0.13,83900000,104100000,2.57,2005-09-30,23.92,,5576000000.0,223100000,79600000,29300000,,,None,6400000,None,,None,,,,,50300000,None,None,None,0.129,,139700000,83900000,,,,,None,,,,,0.562,2.842,2.554,,,,,,,,0.0809,,,2025-10-23,quarterly,2.7,USD,pre-market,None,,0.0428,0.0913,0.069,115.5,282400000,,,,260.05,286.58,5.0584,,,,,,,759700000,,31.95,,306.84,189.46
2025-12-28,LHX,9.29,21739999000.0,31.95,,0.656,104.36,,,,,,,,,,,,,,,None,16580000000,16580000000,,,,,,None,1289000000,,4.76,0.016,,,,0.171,0.13,2272000000,3561000000,2.57,2024-12-31,23.92,,5576000000.0,4745000000,1597000000,85000000,,,None,675000000,675000000,,None,,,,,1502000000,1512000000,-675000000,None,0.129,,2687000000,2058000000,,,,,None,,,,,0.562,2.842,2.554,,,,,,,,0.0809,,,2025-10-23,annual,2.7,USD,pre-market,515000000,,0.0428,0.0913,0.069,115.5,3568000000,,,,260.05,286.58,5.0584,,,,,,,21325000000,,31.95,,306.84,189.46
2025-12-28,LHX,9.29,21739999000.0,31.95,,0.656,104.36,,,,,,,,,,,,,,,None,14993000000,14993000000,,,,,,None,1168000000,,4.76,0.016,,,,0.171,0.13,1764000000,2932000000,2.57,2023-12-31,23.92,,5576000000.0,4426000000,1221000000,23000000,,,None,543000000,543000000,,None,,,,,1227000000,1198000000,-543000000,None,0.129,,2401000000,2025000000,,,,,None,,,,,0.562,2.842,2.554,,,,,,,,0.0809,,,2025-10-23,annual,2.7,USD,pre-market,480000000,,0.0428,0.0913,0.069,115.5,1471000000,,,,260.05,286.58,5.0584,,,,,,,19419000000,,31.95,,306.84,189.46
2025-12-28,LHX,9.29,21739999000.0,31.95,,0.656,104.36,,,,,,,,,,,,,,,None,12135000000,12135000000,,,,,,None,947000000,,4.76,0.016,,,,0.171,0.13,1552000000,2499000000,2.57,2022-12-31,23.92,,5576000000.0,4927000000,1273000000,212000000,,,None,279000000,297000000,,None,,,,,1062000000,1061000000,-279000000,None,0.129,,3800000000,1127000000,,,,,None,,,,,0.562,2.842,2.554,,,,,,,,0.0809,,,2025-10-23,annual,2.7,USD,pre-market,603000000,,0.0428,0.0913,0.069,115.5,2998000000,,,,260.05,286.58,5.0584,,,,,,,17062000000,,31.95,,306.84,189.46
2025-12-28,LHX,9.29,21739999000.0,31.95,,0.656,104.36,,,,,,,,,,,,,,,None,12438000000,12438000000,,,,,,None,970000000,,4.76,0.016,,,,0.171,0.13,2548000000,3518000000,2.57,2021-12-31,23.92,,5576000000.0,5376000000,2283000000,440000000,,,None,265000000,265000000,,None,,,,,1846000000,1843000000,-265000000,None,0.129,,3152000000,2224000000,,,,,None,,,,,0.562,2.842,2.554,,,,,,,,0.0809,,,2025-10-23,annual,2.7,USD,pre-market,692000000,,0.0428,0.0913,0.069,115.5,3280000000,,,,260.05,286.58,5.0584,,,,,,,17814000000,,31.95,,306.84,189.46
2025-12-28,LHX,9.29,21739999000.0,31.95,,0.656,104.36,,,,,,,,,,,,,,,None,12855000000,12855000000,,,,,,None,1047000000,,4.76,0.016,,,,0.171,0.13,1592000000,2639000000,2.57,2020-12-31,23.92,,5576000000.0,5339000000,1322000000,234000000,,,None,270000000,16000000,,None,,,,,1119000000,1088000000,-254000000,None,0.129,,3168000000,2171000000,,,,,366000000,,,,,0.562,2.842,2.554,,,,,,,,0.0809,,,2025-10-23,annual,2.7,USD,pre-market,684000000,,0.0428,0.0913,0.069,115.5,3315000000,,,,260.05,286.58,5.0584,,,,,,,18194000000,,31.95,,306.84,189.46
2025-12-28,LHX,9.29,21739999000.0,31.95,,0.656,104.36,,,,,,,,,,,,,,,None,13452000000,13452000000,,,,,,None,894000000,,4.76,0.016,,,,0.171,0.13,2086000000,2980000000,2.57,2019-12-31,23.92,,5576000000.0,5074000000,1816000000,146000000,,,None,167000000,2000000,,None,,,,,1644000000,953000000,-167000000,None,0.129,,2814000000,2260000000,,,,,190000000,,,,,0.562,2.842,2.554,,,,,,,,0.0809,,,2025-10-23,annual,2.7,USD,pre-market,658000000,,0.0428,0.0913,0.069,115.5,2040000000,,,,260.05,286.58,5.0584,,,,,,,18526000000,,31.95,,306.84,189.46
2025-12-28,LHX,9.29,21739999000.0,31.95,,0.656,104.36,,,,,,,,,,,,,,,None,4032000000,4032000000,,,,,,None,260000000,,4.76,0.016,,,,0.171,0.13,1096000000,1356000000,2.57,2018-12-31,23.92,,5576000000.0,2150000000,908000000,206000000,,,None,170000000,2000000,,None,,,,,699000000,721000000,-168000000,None,0.129,,978000000,1172000000,,,,,-26000000,,,,,0.562,2.842,2.554,,,,,,,,0.0809,,,2025-10-23,annual,2.7,USD,pre-market,311000000,,0.0428,0.0913,0.069,115.5,2000000000,,,,260.05,286.58,5.0584,,,,,,,6182000000,,31.95,,306.84,189.46
2025-12-28,LHX,9.29,21739999000.0,31.95,,0.656,104.36,,,,,,,,,,,,,,,None,3843000000,3843000000,,,,,,None,273000000,,4.76,0.016,,,,0.171,0.13,1077000000,1350000000,2.57,2017-12-31,23.92,,5576000000.0,2057000000,889000000,261000000,,,None,172000000,2000000,,None,,,,,543000000,638000000,-170000000,None,0.129,,926000000,1131000000,,,,,4000000,,,,,0.562,2.842,2.554,,,,,,,,0.0809,,,2025-10-23,annual,2.7,USD,pre-market,310000000,,0.0428,0.0913,0.069,115.5,1016000000,,,,260.05,286.58,5.0584,,,,,,,5900000000,,31.95,,306.84,189.46
2025-12-28,LHX,9.29,21739999000.0,31.95,,0.656,104.36,,,,,,,,,,,,,,,None,3995000000,3995000000,,,,,,None,289000000,,4.76,0.016,,,,0.171,0.13,1067000000,1356000000,2.57,2016-12-31,23.92,,5576000000.0,1997000000,884000000,273000000,,,None,183000000,181000000,,None,,,,,324000000,345000000,-181000000,None,0.129,,768000000,1229000000,,,,,12000000,,,,,0.562,2.842,2.554,,,,,,,,0.0809,,,2025-10-23,annual,2.7,USD,pre-market,305000000,,0.0428,0.0913,0.069,115.5,1918000000,,,,260.05,286.58,5.0584,,,,,,,5992000000,,31.95,,306.84,189.46
2025-12-28,LHX,9.29,21739999000.0,31.95,,0.656,104.36,,,,,,,,,,,,,,,None,3356000000,3356000000,,,,,,None,223000000,,4.76,0.016,,,,0.171,0.13,607000000,830000000,2.57,2015-12-31,23.92,,5576000000.0,1727000000,396000000,109000000,,,None,130000000,None,,None,,,,,334000000,334000000,None,None,0.129,,826000000,901000000,,,,,-106000000,,,,,0.562,2.842,2.554,,,,,,,,0.0809,,,2025-10-23,annual,2.7,USD,pre-market,277000000,,0.0428,0.0913,0.069,115.5,1615000000,,,,260.05,286.58,5.0584,,,,,,,5083000000,,31.95,,306.84,189.46
2025-12-28,LHX,9.29,21739999000.0,31.95,,0.656,104.36,,,,,,,,,,,,,,,None,3310500000,3310500000,,,,,,None,201400000,,4.76,0.016,,,,0.171,0.13,889000000,1090400000,2.57,2014-12-31,23.92,,5576000000.0,1701500000,795000000,256000000,,,None,94000000,None,,None,,,,,535000000,539200000,None,None,0.129,,819600000,881900000,,,,,7100000,,,,,0.562,2.842,2.554,,,,,,,,0.0809,,,2025-10-23,annual,2.7,USD,pre-market,264100000,,0.0428,0.0913,0.069,115.5,1374500000,,,,260.05,286.58,5.0584,,,,,,,5012000000,,31.95,,306.84,189.46
2025-12-28,LHX,9.29,21739999000.0,31.95,,0.656,104.36,,,,,,,,,,,,,,,None,3385000000,3385000000,,,,,,None,220900000,,4.76,0.016,,,,0.171,0.13,773700000,994600000,2.57,2013-12-31,23.92,,5576000000.0,1726700000,665000000,203000000,,,None,109000000,None,,None,,,,,113000000,461900000,None,None,0.129,,870500000,856200000,,,,,-38500000,,,,,0.562,2.842,2.554,,,,,,,,0.0809,,,2025-10-23,annual,2.7,USD,pre-market,236300000,,0.0428,0.0913,0.069,115.5,1574400000,,,,260.05,286.58,5.0584,,,,,,,5111700000,,31.95,,306.84,189.46
2025-12-28,LHX,9.29,21739999000.0,31.95,,0.656,104.36,,,,,,,,,,,,,,,None,3569300000,3569300000,,,,,,None,221600000,,4.76,0.016,,,,0.171,0.13,955100000,1176700000,2.57,2012-12-31,23.92,,5576000000.0,1882000000,841900000,286000000,,,None,113200000,None,,None,,,,,30600000,555900000,None,None,0.129,,940900000,941100000,,,,,14000000,,,,,0.562,2.842,2.554,,,,,,,,0.0809,,,2025-10-23,annual,2.7,USD,pre-market,218900000,,0.0428,0.0913,0.069,115.5,1662000000,,,,260.05,286.58,5.0584,,,,,,,5451300000,,31.95,,306.84,189.46
2025-12-28,LHX,9.29,21739999000.0,31.95,,0.656,104.36,,,,,,,,,,,,,,,None,3532500000,3532500000,,,,,,None,183100000,,4.76,0.016,,,,0.171,0.13,995900000,1179000000,2.57,2011-12-31,23.92,,5576000000.0,1885900000,905500000,306800000,,,None,90400000,None,,None,,,,,588000000,587100000,None,None,0.129,,844300000,1041599999,,,,,900000,,,,,0.562,2.842,2.554,,,,,,,,0.0809,,,2025-10-23,annual,2.7,USD,pre-market,239800000,,0.0428,0.0913,0.069,115.5,1951300000,,,,260.05,286.58,5.0584,,,,,,,5418400000,,31.95,,306.84,189.46
2025-12-28,LHX,9.29,21739999000.0,31.95,,0.656,104.36,,,,,,,,,,,,,,,None,3052900000,3052900000,,,,,,None,139900000,,4.76,0.016,,,,0.171,0.13,948500000,1088400000,2.57,2010-12-31,23.92,,5576000000.0,1672100000,876400000,295400000,,,None,72100000,None,,None,,,,,561600000,561600000,None,None,0.129,,723200000,948900000,,,,,-400000,,,,,0.562,2.842,2.554,,,,,,,,0.0809,,,2025-10-23,annual,2.7,USD,pre-market,228100000,,0.0428,0.0913,0.069,115.5,1591100000,,,,260.05,286.58,5.0584,,,,,,,4725000000,,31.95,,306.84,189.46
2025-12-28,LHX,9.29,21739999000.0,31.95,,0.656,104.36,,,,,,,,,,,,,,,None,3420200000,3420200000,,,,,,None,141500000,,4.76,0.016,,,,0.171,0.13,538100000,679600000,2.57,2009-12-31,23.92,,5576000000.0,1584800000,485300000,172900000,,,None,52800000,None,,None,,,,,37900000,None,None,None,0.129,,778900000,805900000,,,,,None,,,,,0.562,2.842,2.554,,,,,,,,0.0809,,,2025-10-23,annual,2.7,USD,pre-market,243500000,,0.0428,0.0913,0.069,115.5,1338800000,,,,260.05,286.58,5.0584,,,,,,,5005000000,,31.95,,306.84,189.46
2025-12-28,LHX,9.29,21739999000.0,31.95,,0.656,104.36,,,,,,,,,,,,,,,None,3145600000,3145600000,,,,,,None,136400000,,4.76,0.016,,,,0.171,0.13,720600000,857000000,2.57,2008-12-31,23.92,,5576000000.0,1450500000,667500000,214000000,,,None,53100000,None,,None,,,,,444200000,None,None,None,0.129,,720100000,730400000,,,,,None,,,,,0.562,2.842,2.554,,,,,,,,0.0809,,,2025-10-23,annual,2.7,USD,pre-market,248000000,,0.0428,0.0913,0.069,115.5,1631800000,,,,260.05,286.58,5.0584,,,,,,,4596100000,,31.95,,306.84,189.46
2025-12-28,LHX,9.29,21739999000.0,31.95,,0.656,104.36,,,,,,,,,,,,,,,None,2862400000,2862400000,,,,,,None,148500000,,4.76,0.016,,,,0.171,0.13,701900000,850400000,2.57,2007-12-31,23.92,,5576000000.0,1380600000,660800000,190900000,,,None,41100000,None,,None,,,,,480400000,None,None,None,0.129,,767000000,613600000,,,,,None,,,,,0.562,2.842,2.554,,,,,,,,0.0809,,,2025-10-23,annual,2.7,USD,pre-market,234600000,,0.0428,0.0913,0.069,115.5,1426100000,,,,260.05,286.58,5.0584,,,,,,,4243000000,,31.95,,306.84,189.46
2025-12-28,LHX,9.29,21739999000.0,31.95,,0.656,104.36,,,,,,,,,,,,,,,None,2385800000,2385800000,,,,,,None,96500000,,4.76,0.016,,,,0.171,0.13,417300000,513800000,2.57,2006-12-31,23.92,,5576000000.0,1089000000,380800000,142900000,,,None,36500000,None,,None,,,,,237900000,None,None,None,0.129,,676900000,412100000,,,,,None,,,,,0.562,2.842,2.554,,,,,,,,0.0809,,,2025-10-23,annual,2.7,USD,pre-market,197800000,,0.0428,0.0913,0.069,115.5,695400000,,,,260.05,286.58,5.0584,,,,,,,3474800000,,31.95,,306.84,189.46
2025-12-28,LHX,9.29,21739999000.0,31.95,,0.656,104.36,,,,,,,,,,,,,,,None,2172000000,2172000000,,,,,,None,82600000,,4.76,0.016,,,,0.171,0.13,327200000,409800000,2.57,2005-12-31,23.92,,5576000000.0,828600000,298400000,96200000,,,None,24000000,None,,None,,,,,202200000,None,None,None,0.129,,498800000,329800000,,,,,None,,,,,0.562,2.842,2.554,,,,,,,,0.0809,,,2025-10-23,annual,2.7,USD,pre-market,137300000,,0.0428,0.0913,0.069,115.5,1004600000,,,,260.05,286.58,5.0584,,,,,,,3000600000,,31.95,,306.84,189.46
2025-12-28,LHX,9.29,21739999000.0,31.95,None,0.656,104.36,,None,339000000,339000000,,,,,,,,,187000000,187800000,None,2172000000,2172000000,1902000000,None,725000000,5486000000,None,None,82600000,,4.76,0.016,,,,0.171,0.13,327200000,409800000,2.57,2025-09-30,23.92,20370000000,5576000000.0,828600000,298400000,96200000,7072000000,7072000000,None,24000000,None,1291000000,None,None,10997000000,None,None,202200000,None,None,None,0.129,,498800000,329800000,477000000,3891000000,None,2808000000,None,,,,,0.562,2.842,2.554,,,,,,,,0.0809,,2761000000,2025-10-23,quarterly,2.7,USD,pre-market,137300000,4171000000,0.0428,0.0913,0.069,115.5,1004600000,11842000000,845000000,None,260.05,286.58,5.0584,41014000000,7593000000,6638000000,21482000000,33421000000,14844000000,3000600000,19532000000,31.95,None,306.84,189.46
2025-12-28,LHX,9.29,21739999000.0,31.95,None,0.656,104.36,,None,482000000,482000000,,,,,,,,,187000000,187800000,None,2172000000,2172000000,2033000000,None,1126000000,5387000000,None,None,82600000,,4.76,0.016,,,,0.171,0.13,327200000,409800000,2.57,2025-06-30,23.92,20372000000,5576000000.0,828600000,298400000,96200000,7261000000,7261000000,None,24000000,None,1258000000,None,None,10976000000,None,None,202200000,None,None,None,0.129,,498800000,329800000,481000000,1846000000,None,2864000000,None,,,,,0.562,2.842,2.554,,,,,,,,0.0809,,2742000000,2025-10-23,quarterly,2.7,USD,pre-market,137300000,3970000000,0.0428,0.0913,0.069,115.5,1004600000,12102000000,1126000000,None,260.05,286.58,5.0584,41240000000,7608000000,7322000000,21962000000,33632000000,14640000000,3000600000,19278000000,31.95,None,306.84,189.46
2025-12-28,LHX,9.29,21739999000.0,31.95,None,0.656,104.36,,None,517000000,517000000,,,,,,,,,188000000,189100000,None,2172000000,2172000000,2047000000,None,1275000000,5349000000,None,None,82600000,,4.76,0.016,,,,0.171,0.13,327200000,409800000,2.57,2025-03-31,23.92,20337000000,5576000000.0,828600000,298400000,96200000,7448000000,7448000000,None,24000000,None,1252000000,None,None,10977000000,None,None,202200000,None,None,None,0.129,,498800000,329800000,478000000,2003000000,None,2850000000,None,,,,,0.562,2.842,2.554,,,,,,,,0.0809,,2755000000,2025-10-23,quarterly,2.7,USD,pre-market,137300000,3787000000,0.0428,0.0913,0.069,115.5,1004600000,12252000000,1275000000,None,260.05,286.58,5.0584,41248000000,7596000000,7449000000,22118000000,33652000000,14669000000,3000600000,19131000000,31.95,None,306.84,189.46
2025-12-28,LHX,9.29,21739999000.0,31.95,None,0.656,104.36,,None,615000000,615000000,,,,,,,,,190000000,190600000,None,2172000000,2172000000,2005000000,None,1155000000,4681000000,None,None,82600000,,4.76,0.016,,,,0.171,0.13,327200000,409800000,2.57,2024-12-31,23.92,20325000000,5576000000.0,828600000,298400000,96200000,7639000000,7639000000,None,24000000,None,1330000000,None,None,11081000000,None,None,202200000,None,None,None,0.129,,498800000,329800000,1592000000,2159000000,None,2766000000,None,,,,,0.562,2.842,2.554,,,,,,,,0.0809,,2806000000,2025-10-23,quarterly,2.7,USD,pre-market,137300000,3739000000,0.0428,0.0913,0.069,115.5,1004600000,12980000000,1298000000,None,260.05,286.58,5.0584,42001000000,8218000000,7633000000,22422000000,33783000000,14789000000,3000600000,19514000000,31.95,None,306.84,189.46
2025-12-28,LHX,9.29,21739999000.0,31.95,None,0.656,104.36,,None,539000000,539000000,,,,,,,,,190000000,190500000,None,2172000000,2172000000,2049000000,None,1817000000,4772000000,None,None,82600000,,4.76,0.016,,,,0.171,0.13,327200000,409800000,2.57,2024-09-30,23.92,20433000000,5576000000.0,828600000,298400000,96200000,7874000000,7874000000,None,24000000,None,1399000000,None,None,11093000000,None,None,202200000,None,None,None,0.129,,498800000,329800000,1592000000,2194000000,None,2876000000,None,,,,,0.562,2.842,2.554,,,,,,,,0.0809,,2795000000,2025-10-23,quarterly,2.7,USD,pre-market,137300000,3515000000,0.0428,0.0913,0.069,115.5,1004600000,12910000000,1817000000,None,260.05,286.58,5.0584,41889000000,8302000000,7973000000,22827000000,33587000000,14854000000,3000600000,18998000000,31.95,None,306.84,189.46
2025-12-28,LHX,9.29,21739999000.0,31.95,None,0.656,104.36,,None,547000000,547000000,,,,,,,,,190000000,190600000,None,2172000000,2172000000,1896000000,None,2719000000,4439000000,None,None,82600000,,4.76,0.016,,,,0.171,0.13,327200000,409800000,2.57,2024-06-30,23.92,20367000000,5576000000.0,828600000,298400000,96200000,8080000000,8080000000,None,24000000,None,1432000000,None,None,10533000000,None,None,202200000,None,None,None,0.129,,498800000,329800000,1629000000,2203000000,None,2796000000,None,,,,,0.562,2.842,2.554,,,,,,,,0.0809,,None,2025-10-23,quarterly,2.7,USD,pre-market,137300000,3368000000,0.0428,0.0913,0.069,115.5,1004600000,13252000000,2719000000,None,260.05,286.58,5.0584,41657000000,8047000000,8981000000,22753000000,33610000000,13772000000,3000600000,18840000000,31.95,None,306.84,189.46
2025-12-28,LHX,9.29,21739999000.0,31.95,None,0.656,104.36,,None,477000000,477000000,,,,,,,,,189000000,190800000,None,2172000000,2172000000,2112000000,None,2568000000,4711000000,None,None,82600000,,4.76,0.016,,,,0.171,0.13,327200000,409800000,2.57,2024-03-31,23.92,20070000000,5576000000.0,828600000,298400000,96200000,8340000000,8340000000,None,24000000,None,1476000000,None,None,11140000000,None,None,202200000,None,None,None,0.129,,498800000,329800000,1602000000,1798000000,None,2826000000,None,,,,,0.562,2.842,2.554,,,,,,,,0.0809,,None,2025-10-23,quarterly,2.7,USD,pre-market,137300000,3239000000,0.0428,0.0913,0.069,115.5,1004600000,13708000000,2568000000,None,260.05,286.58,5.0584,41816000000,8266000000,8437000000,23086000000,33700000000,14649000000,3000600000,18666000000,31.95,None,306.84,189.46
2025-12-28,LHX,9.29,21739999000.0,31.95,None,0.656,104.36,,None,560000000,560000000,,,,,,,,,190000000,190600000,None,2172000000,2172000000,2106000000,None,1965000000,4426000000,None,None,82600000,,4.76,0.016,,,,0.171,0.13,327200000,409800000,2.57,2023-12-31,23.92,19979000000,5576000000.0,828600000,298400000,96200000,8540000000,8540000000,None,24000000,None,1472000000,None,None,11160000000,None,None,202200000,None,None,None,0.129,,498800000,329800000,1454000000,1825000000,None,2879000000,None,,,,,0.562,2.842,2.554,,,,,,,,0.0809,,None,2025-10-23,quarterly,2.7,USD,pre-market,137300000,3220000000,0.0428,0.0913,0.069,115.5,1004600000,13950000000,2085000000,None,260.05,286.58,5.0584,41687000000,7912000000,8004000000,22858000000,33775000000,14854000000,3000600000,18765000000,31.95,None,306.84,189.46
2025-12-28,LHX,9.29,21739999000.0,31.95,None,0.656,104.36,,736000000,499000000,499000000,,,,,,,,,189000000,190100000,None,2172000000,2172000000,2112000000,None,2396000000,4901000000,None,None,82600000,,4.76,0.016,,,,0.171,0.13,327200000,409800000,2.57,2023-09-30,23.92,20736000000,5576000000.0,828600000,298400000,96200000,9050000000,9050000000,None,24000000,None,1638000000,None,None,11140000000,None,None,202200000,None,None,None,0.129,,498800000,329800000,463000000,1651000000,None,1479000000,None,,,,,0.562,2.842,2.554,,,,,,,,0.0809,,3576000000,2025-10-23,quarterly,2.7,USD,pre-market,137300000,3278000000,0.0428,0.0913,0.069,115.5,1004600000,14272000000,2396000000,None,260.05,286.58,5.0584,42293000000,7501000000,8482000000,23577000000,34792000000,15095000000,3000600000,18616000000,31.95,None,306.84,189.46
2025-12-28,LHX,9.29,21739999000.0,31.95,None,0.656,104.36,,714000000,366000000,366000000,,,,,,,,,189000000,190100000,None,2172000000,2172000000,2029000000,None,943000000,4595000000,None,None,82600000,,4.76,0.016,,,,0.171,0.13,327200000,409800000,2.57,2023-06-30,23.92,18417000000,5576000000.0,828600000,298400000,96200000,6401000000,6401000000,None,24000000,None,1555000000,None,None,7867000000,None,None,202200000,None,None,None,0.129,,498800000,329800000,334000000,1324000000,None,1305000000,None,,,,,0.562,2.842,2.554,,,,,,,,0.0809,,2911000000,2025-10-23,quarterly,2.7,USD,pre-market,137300000,3111000000,0.0428,0.0913,0.069,115.5,1004600000,9524000000,943000000,None,260.05,286.58,5.0584,35362000000,6850000000,6309000000,16831000000,28512000000,10522000000,3000600000,18428000000,31.95,None,306.84,189.46
2025-12-28,LHX,9.29,21739999000.0,31.95,None,0.656,104.36,,735000000,545000000,545000000,,,,,,,,,189000000,191200000,None,2172000000,2172000000,2054000000,None,813000000,4546000000,None,None,82600000,,4.76,0.016,,,,0.171,0.13,327200000,409800000,2.57,2023-03-31,23.92,18291000000,5576000000.0,828600000,298400000,96200000,6688000000,6688000000,None,24000000,None,1541000000,None,None,8220000000,None,None,202200000,None,None,None,0.129,,498800000,329800000,368000000,1251000000,None,1215000000,None,,,,,0.562,2.842,2.554,,,,,,,,0.0809,,2889000000,2025-10-23,quarterly,2.7,USD,pre-market,137300000,2998000000,0.0428,0.0913,0.069,115.5,1004600000,9768000000,813000000,None,260.05,286.58,5.0584,35507000000,7000000000,6151000000,17099000000,28507000000,10948000000,3000600000,18306000000,31.95,None,306.84,189.46
2025-12-28,LHX,9.29,21739999000.0,31.95,None,0.656,104.36,,741000000,880000000,880000000,,,,,,,,,191000000,192100000,None,2172000000,2172000000,1945000000,None,820000000,4278000000,None,None,82600000,,4.76,0.016,,,,0.171,0.13,327200000,409800000,2.57,2022-12-31,23.92,17283000000,5576000000.0,828600000,298400000,96200000,6001000000,6001000000,None,24000000,None,1291000000,None,None,6225000000,None,None,202200000,None,None,None,0.129,,498800000,329800000,305000000,1235000000,None,1177000000,None,,,,,0.562,2.842,2.554,,,,,,,,0.0809,,2860000000,2025-10-23,quarterly,2.7,USD,pre-market,137300000,2943000000,0.0428,0.0913,0.069,115.5,1004600000,7786000000,820000000,None,260.05,286.58,5.0584,33524000000,6754000000,5776000000,14900000000,26770000000,9124000000,3000600000,18523000000,31.95,None,306.84,189.46
2025-12-28,LHX,9.29,21739999000.0,31.95,None,0.656,104.36,,745000000,529000000,529000000,,,,,,,,,191000000,191300000,None,2172000000,2172000000,2078000000,None,1065000000,4317000000,None,None,82600000,,4.76,0.016,,,,0.171,0.13,327200000,409800000,2.57,2022-09-30,23.92,17260000000,5576000000.0,828600000,298400000,96200000,6148000000,6148000000,None,24000000,None,1339000000,None,None,5967000000,None,None,202200000,None,None,None,0.129,,498800000,329800000,246000000,1351000000,None,1155000000,None,,,,,0.562,2.842,2.554,,,,,,,,0.0809,,2854000000,2025-10-23,quarterly,2.7,USD,pre-market,137300000,2768000000,0.0428,0.0913,0.069,115.5,1004600000,7777000000,1065000000,None,260.05,286.58,5.0584,33381000000,6431000000,5853000000,14942000000,26950000000,9089000000,3000600000,18337000000,31.95,None,306.84,189.46
2025-12-28,LHX,9.29,21739999000.0,31.95,None,0.656,104.36,,756000000,420000000,420000000,,,,,,,,,192000000,194000000,None,2172000000,2172000000,1721000000,None,264000000,4286000000,None,None,82600000,,4.76,0.016,,,,0.171,0.13,327200000,409800000,2.57,2022-06-30,23.92,18143000000,5576000000.0,828600000,298400000,96200000,6321000000,6321000000,None,24000000,None,1241000000,None,None,6782000000,None,None,202200000,None,None,None,0.129,,498800000,329800000,241000000,1279000000,None,1057000000,None,,,,,0.562,2.842,2.554,,,,,,,,0.0809,,2803000000,2025-10-23,quarterly,2.7,USD,pre-market,137300000,3312000000,0.0428,0.0913,0.069,115.5,1004600000,7802000000,264000000,None,260.05,286.58,5.0584,34138000000,6188000000,4884000000,14948000000,27950000000,10064000000,3000600000,19086000000,31.95,None,306.84,189.46
2025-12-28,LHX,9.29,21739999000.0,31.95,None,0.656,104.36,,777000000,402000000,402000000,,,,,,,,,193000000,195100000,None,2172000000,2172000000,1723000000,None,265000000,4450000000,None,None,82600000,,4.76,0.016,,,,0.171,0.13,327200000,409800000,2.57,2022-03-31,23.92,18194000000,5576000000.0,828600000,298400000,96200000,6486000000,6486000000,None,24000000,None,1090000000,None,None,6795000000,None,None,202200000,None,None,None,0.129,,498800000,329800000,307000000,1287000000,None,1056000000,None,,,,,0.562,2.842,2.554,,,,,,,,0.0809,,2853000000,2025-10-23,quarterly,2.7,USD,pre-market,137300000,3128000000,0.0428,0.0913,0.069,115.5,1004600000,7837000000,265000000,None,260.05,286.58,5.0584,34444000000,6249000000,4737000000,15078000000,28195000000,10341000000,3000600000,19260000000,31.95,None,306.84,189.46
2025-12-28,LHX,9.29,21739999000.0,31.95,None,0.656,104.36,,768000000,941000000,941000000,,,,,,,,,194000000,196800000,None,2172000000,2172000000,1767000000,None,13000000,4164000000,None,None,82600000,,4.76,0.016,,,,0.171,0.13,327200000,409800000,2.57,2021-12-31,23.92,18189000000,5576000000.0,828600000,298400000,96200000,6640000000,6640000000,None,24000000,None,982000000,None,None,7048000000,None,None,202200000,None,None,None,0.129,,498800000,329800000,272000000,1446000000,None,3439000000,None,,,,,0.562,2.842,2.554,,,,,,,,0.0809,,2870000000,2025-10-23,quarterly,2.7,USD,pre-market,137300000,2917000000,0.0428,0.0913,0.069,115.5,1004600000,7829000000,13000000,None,260.05,286.58,5.0584,34709000000,6359000000,4551000000,15390000000,28350000000,10839000000,3000600000,19213000000,31.95,None,306.84,189.46
2025-12-28,LHX,9.29,21739999000.0,31.95,None,0.656,104.36,,792000000,1126000000,1126000000,,,,,,,,,197000000,201600000,None,2172000000,2172000000,1608000000,None,13000000,3991000000,None,None,82600000,,4.76,0.016,,,,0.171,0.13,327200000,409800000,2.57,2021-09-30,23.92,18207000000,5576000000.0,828600000,298400000,96200000,6796000000,6796000000,None,24000000,None,1024000000,None,None,7053000000,None,None,202200000,None,None,None,0.129,,498800000,329800000,485000000,1486000000,None,1116000000,None,,,,,0.562,2.842,2.554,,,,,,,,0.0809,,2832000000,2025-10-23,quarterly,2.7,USD,pre-market,137300000,2743000000,0.0428,0.0913,0.069,115.5,1004600000,7858000000,13000000,None,260.05,286.58,5.0584,35018000000,6626000000,4313000000,15424000000,28392000000,11111000000,3000600000,19484000000,31.95,None,306.84,189.46
2025-12-28,LHX,9.29,21739999000.0,31.95,None,0.656,104.36,,672000000,2029000000,2029000000,,,,,,,,,202000000,205600000,None,2172000000,2172000000,1406000000,None,14000000,3894000000,None,None,82600000,,4.76,0.016,,,,0.171,0.13,327200000,409800000,2.57,2021-06-30,23.92,18234000000,5576000000.0,828600000,298400000,96200000,6958000000,6958000000,None,24000000,None,872000000,None,None,7061000000,None,None,202200000,None,None,None,0.129,,498800000,329800000,794000000,1691000000,None,3369000000,None,,,,,0.562,2.842,2.554,,,,,,,,0.0809,,2695000000,2025-10-23,quarterly,2.7,USD,pre-market,137300000,2633000000,0.0428,0.0913,0.069,115.5,1004600000,7747000000,14000000,None,260.05,286.58,5.0584,36064000000,7589000000,4464000000,16088000000,28475000000,11624000000,3000600000,19863000000,31.95,None,306.84,189.46
2025-12-28,LHX,9.29,21739999000.0,31.95,None,0.656,104.36,,737000000,976000000,976000000,,,,,,,,,205000000,208500000,None,2172000000,2172000000,1373000000,None,14000000,3872000000,None,None,82600000,,4.76,0.016,,,,0.171,0.13,327200000,409800000,2.57,2021-03-31,23.92,18252000000,5576000000.0,828600000,298400000,96200000,7265000000,7265000000,None,24000000,None,904000000,None,None,7066000000,None,None,202200000,None,None,None,0.129,,498800000,329800000,1786000000,1604000000,None,3417000000,None,,,,,0.562,2.842,2.554,,,,,,,,0.0809,,2918000000,2025-10-23,quarterly,2.7,USD,pre-market,137300000,2529000000,0.0428,0.0913,0.069,115.5,1004600000,7817000000,14000000,None,260.05,286.58,5.0584,36590000000,7538000000,4231000000,16108000000,29052000000,11877000000,3000600000,20367000000,31.95,None,306.84,189.46
2025-12-28,LHX,9.29,21739999000.0,31.95,None,0.656,104.36,,734000000,1276000000,1276000000,,,,,,,,,208000000,211200000,None,2172000000,2172000000,1406000000,None,10000000,4076000000,None,None,82600000,,4.76,0.016,,,,0.171,0.13,327200000,409800000,2.57,2020-12-31,23.92,18876000000,5576000000.0,828600000,298400000,96200000,7908000000,7908000000,None,24000000,None,973000000,None,None,6908000000,None,None,202200000,None,None,None,0.129,,498800000,329800000,342000000,1577000000,None,3734000000,None,,,,,0.562,2.842,2.554,,,,,,,,0.0809,,2102000000,2025-10-23,quarterly,2.7,USD,pre-market,137300000,2347000000,0.0428,0.0913,0.069,115.5,1004600000,7687000000,10000000,None,260.05,286.58,5.0584,36960000000,6667000000,4240000000,16119000000,30293000000,11879000000,3000600000,20724000000,31.95,None,306.84,189.46
2025-12-28,LHX,9.29,21739999000.0,31.95,None,0.656,104.36,,737000000,1341000000,1341000000,,,,,,,,,210000000,215100000,None,2172000000,2172000000,1207000000,None,668000000,3741000000,None,None,82600000,,4.76,0.016,,,,0.171,0.13,327200000,409800000,2.57,2020-09-30,23.92,18992000000,5576000000.0,828600000,298400000,96200000,8172000000,8172000000,None,24000000,None,894000000,None,None,6261000000,None,None,202200000,None,None,None,0.129,,498800000,329800000,417000000,1665000000,None,3377000000,None,,,,,0.562,2.842,2.554,,,,,,,,0.0809,,2925000000,2025-10-23,quarterly,2.7,USD,pre-market,137300000,2383000000,0.0428,0.0913,0.069,115.5,1004600000,7666000000,668000000,None,260.05,286.58,5.0584,37145000000,6393000000,4666000000,15706000000,30752000000,11040000000,3000600000,21313000000,31.95,None,306.84,189.46
2025-12-28,LHX,9.29,21739999000.0,31.95,None,0.656,104.36,,773000000,1947000000,1947000000,,,,,,,,,216000000,217800000,None,2172000000,2172000000,1094000000,None,668000000,3632000000,None,None,82600000,,4.76,0.016,,,,0.171,0.13,327200000,409800000,2.57,2020-06-30,23.92,19015000000,5576000000.0,828600000,298400000,96200000,8336000000,8336000000,None,24000000,None,859000000,None,None,6273000000,None,None,202200000,None,None,None,0.129,,498800000,329800000,488000000,1662000000,None,3300000000,None,,,,,0.562,2.842,2.554,,,,,,,,0.0809,,2015000000,2025-10-23,quarterly,2.7,USD,pre-market,137300000,2250000000,0.0428,0.0913,0.069,115.5,1004600000,7714000000,668000000,None,260.05,286.58,5.0584,37852000000,6926000000,4587000000,15626000000,30926000000,11039000000,3000600000,22102000000,31.95,None,306.84,189.46
2025-12-28,LHX,9.29,21739999000.0,31.95,None,0.656,104.36,,729000000,663000000,663000000,,,,,,,,,216000000,219300000,None,2172000000,2172000000,1422000000,None,898000000,3950000000,None,None,82600000,,4.76,0.016,,,,0.171,0.13,327200000,409800000,2.57,2020-03-31,23.92,19265000000,5576000000.0,828600000,298400000,96200000,8171000000,8171000000,None,24000000,None,990000000,None,None,6294000000,None,None,202200000,None,None,None,0.129,,498800000,329800000,1608000000,1628000000,None,3259000000,None,,,,,0.562,2.842,2.554,,,,,,,,0.0809,,2032000000,2025-10-23,quarterly,2.7,USD,pre-market,137300000,2151000000,0.0428,0.0913,0.069,115.5,1004600000,7921000000,898000000,None,260.05,286.58,5.0584,38105000000,7211000000,5123000000,16078000000,30894000000,10955000000,3000600000,21898000000,31.95,None,306.84,189.46
2025-12-28,LHX,9.29,21739999000.0,31.95,None,0.656,104.36,,781000000,824000000,824000000,,,,,,,,,218000000,222100000,None,2172000000,2172000000,1261000000,None,260000000,3877000000,None,None,82600000,,4.76,0.016,,,,0.171,0.13,327200000,409800000,2.57,2019-12-31,23.92,20001000000,5576000000.0,828600000,298400000,96200000,8458000000,8458000000,None,24000000,None,1219000000,None,None,6694000000,None,None,202200000,None,None,None,0.129,,498800000,329800000,392000000,1250000000,None,808000000,None,,,,,0.562,2.842,2.554,,,,,,,,0.0809,,2954000000,2025-10-23,quarterly,2.7,USD,pre-market,137300000,2183000000,0.0428,0.0913,0.069,115.5,1004600000,7735000000,260000000,None,260.05,286.58,5.0584,38336000000,6312000000,4009000000,15592000000,32024000000,11583000000,3000600000,22587000000,31.95,None,306.84,189.46
2025-12-28,LHX,9.29,21739999000.0,31.95,None,0.656,104.36,,831000000,1001000000,1001000000,,,,,,,,,222000000,225400000,None,2172000000,2172000000,1423000000,None,659000000,4191000000,None,None,82600000,,4.76,0.016,,,,0.171,0.13,327200000,409800000,2.57,2019-09-30,23.92,20749000000,5576000000.0,828600000,298400000,96200000,7516000000,7516000000,None,24000000,None,1339000000,None,None,6307000000,None,1000000,202200000,None,None,None,0.129,,498800000,329800000,496000000,1402000000,None,829000000,None,,,,,0.562,2.842,2.554,,,,,,,,0.0809,,3007000000,2025-10-23,quarterly,2.7,USD,pre-market,137300000,2019000000,0.0428,0.0913,0.069,115.5,1004600000,7797000000,659000000,None,260.05,286.58,5.0584,38947000000,7027000000,4718000000,16022000000,31920000000,11304000000,3000600000,22773000000,31.95,None,306.84,189.46
2025-12-28,LHX,9.29,21739999000.0,31.95,0,0.656,104.36,,0,530000000,530000000,,,,,,,,,119000000,121100000,None,2172000000,2172000000,525000000,None,759000000,1455000000,None,None,82600000,,4.76,0.016,,,,0.171,0.13,327200000,409800000,2.57,2019-06-30,23.92,5340000000,5576000000.0,828600000,298400000,96200000,870000000,870000000,None,24000000,None,360000000,None,None,2763000000,None,0,202200000,None,None,None,0.129,,498800000,329800000,233000000,480000000,None,537000000,None,,,,,0.562,2.842,2.554,,,,,,,,0.0809,,894000000,2025-10-23,quarterly,2.7,USD,pre-market,137300000,2173000000,0.0428,0.0913,0.069,115.5,1004600000,3522000000,759000000,0,260.05,286.58,5.0584,10117000000,2578000000,2268000000,6754000000,7539000000,4486000000,3000600000,3363000000,31.95,0,306.84,189.46
2025-12-28,LHX,9.29,21739999000.0,31.95,0,0.656,104.36,,0,334000000,334000000,,,,,,,,,118000000,120300000,None,2172000000,2172000000,523000000,None,109000000,1411000000,None,None,82600000,,4.76,0.016,,,,0.171,0.13,327200000,409800000,2.57,2019-03-31,23.92,5371000000,5576000000.0,828600000,298400000,96200000,902000000,902000000,None,24000000,None,433000000,None,None,3412000000,None,0,202200000,None,None,None,0.129,,498800000,329800000,107000000,492000000,None,1108000000,None,,,,,0.562,2.842,2.554,,,,,,,,0.0809,,904000000,2025-10-23,quarterly,2.7,USD,pre-market,137300000,1986000000,0.0428,0.0913,0.069,115.5,1004600000,3521000000,109000000,0,260.05,286.58,5.0584,9792000000,2285000000,1606000000,6185000000,7507000000,4579000000,3000600000,3607000000,31.95,0,306.84,189.46
2025-12-28,LHX,9.29,21739999000.0,31.95,0,0.656,104.36,,0,343000000,343000000,,,,,,,,,118000000,120000000,None,2172000000,2172000000,521000000,None,305000000,1425000000,None,None,82600000,,4.76,0.016,,,,0.171,0.13,327200000,409800000,2.57,2018-12-31,23.92,5370000000,5576000000.0,828600000,298400000,96200000,930000000,930000000,None,24000000,None,425000000,None,None,3411000000,None,0,202200000,None,None,None,0.129,,498800000,329800000,118000000,403000000,None,1147000000,None,,,,,0.562,2.842,2.554,,,,,,,,0.0809,,901000000,2025-10-23,quarterly,2.7,USD,pre-market,137300000,1824000000,0.0428,0.0913,0.069,115.5,1004600000,3819000000,408000000,0,260.05,286.58,5.0584,9852000000,2311000000,1822000000,6440000000,7541000000,4618000000,3000600000,3412000000,31.95,0,306.84,189.46
2025-12-28,LHX,9.29,21739999000.0,31.95,0,0.656,104.36,,0,305000000,305000000,,,,,,,,,118000000,120600000,None,2172000000,2172000000,480000000,None,305000000,1453000000,None,None,82600000,,4.76,0.016,,,,0.171,0.13,327200000,409800000,2.57,2018-09-30,23.92,5373000000,5576000000.0,828600000,298400000,96200000,960000000,960000000,None,24000000,None,413000000,None,None,3410000000,None,0,202200000,None,None,None,0.129,,498800000,329800000,117000000,446000000,None,1195000000,None,,,,,0.562,2.842,2.554,,,,,,,,0.0809,,898000000,2025-10-23,quarterly,2.7,USD,pre-market,137300000,1680000000,0.0428,0.0913,0.069,115.5,1004600000,4009000000,599000000,0,260.05,286.58,5.0584,9889000000,2288000000,1956000000,6645000000,7601000000,4689000000,3000600000,3244000000,31.95,0,306.84,189.46
2025-12-28,LHX,9.29,21739999000.0,31.95,None,0.656,104.36,,None,288000000,288000000,,,,,,,,,118000000,121300000,None,2172000000,2172000000,622000000,None,304000000,909000000,None,None,82600000,,4.76,0.016,,,,0.171,0.13,327200000,409800000,2.57,2018-06-30,23.92,5372000000,5576000000.0,828600000,298400000,96200000,989000000,989000000,None,24000000,None,411000000,None,None,3408000000,None,0,202200000,None,None,None,0.129,,498800000,329800000,277000000,444000000,None,1231000000,None,,,,,0.562,2.842,2.554,,,,,,,,0.0809,,900000000,2025-10-23,quarterly,2.7,USD,pre-market,137300000,1648000000,0.0428,0.0913,0.069,115.5,1004600000,3790000000,382000000,0,260.05,286.58,5.0584,9851000000,2224000000,1850000000,6573000000,7627000000,4723000000,3000600000,3278000000,31.95,0,306.84,189.46
2025-12-28,LHX,9.29,21739999000.0,31.95,None,0.656,104.36,,None,443000000,443000000,,,,,,,,,119000000,121000000,None,2172000000,2172000000,494000000,None,None,892000000,None,None,82600000,,4.76,0.016,,,,0.171,0.13,327200000,409800000,2.57,2018-03-31,23.92,5377000000,5576000000.0,828600000,298400000,96200000,1019000000,1019000000,None,24000000,None,963000000,None,None,None,None,None,202200000,None,None,None,0.129,,498800000,329800000,116000000,506000000,None,1347000000,None,,,,,0.562,2.842,2.554,,,,,,,,0.0809,,879000000,2025-10-23,quarterly,2.7,USD,pre-market,137300000,1543000000,0.0428,0.0913,0.069,115.5,1004600000,4219000000,828000000,None,260.05,286.58,5.0584,10070000000,2414000000,2146000000,6933000000,7656000000,4787000000,3000600000,3137000000,31.95,None,306.84,189.46
2025-12-28,LHX,9.29,21739999000.0,31.95,None,0.656,104.36,,None,422000000,422000000,,,,,,,,,119000000,120900000,None,2172000000,2172000000,462000000,None,None,666000000,None,None,82600000,,4.76,0.016,,,,0.171,0.13,327200000,409800000,2.57,2017-12-31,23.92,5374000000,5576000000.0,828600000,298400000,96200000,1048000000,1048000000,None,24000000,None,942000000,None,None,None,None,None,202200000,None,None,None,0.129,,498800000,329800000,102000000,423000000,None,1696000000,None,,,,,0.562,2.842,2.554,,,,,,,,0.0809,,878000000,2025-10-23,quarterly,2.7,USD,pre-market,137300000,1424000000,0.0428,0.0913,0.069,115.5,1004600000,3919000000,528000000,None,260.05,286.58,5.0584,9856000000,2132000000,1741000000,6862000000,7724000000,5121000000,3000600000,2994000000,31.95,None,306.84,189.46
2025-12-28,LHX,9.29,21739999000.0,31.95,None,0.656,104.36,,None,388000000,388000000,,,,,,,,,119000000,121200000,None,2172000000,2172000000,452000000,None,None,730000000,None,None,82600000,,4.76,0.016,,,,0.171,0.13,327200000,409800000,2.57,2017-09-30,23.92,5376000000,5576000000.0,828600000,298400000,96200000,1077000000,1077000000,None,24000000,None,896000000,None,None,None,None,None,202200000,None,None,None,0.129,,498800000,329800000,113000000,472000000,None,1764000000,None,,,,,0.562,2.842,2.554,,,,,,,,0.0809,,890000000,2025-10-23,quarterly,2.7,USD,pre-market,137300000,1387000000,0.0428,0.0913,0.069,115.5,1004600000,3997000000,602000000,None,260.05,286.58,5.0584,10099000000,2127000000,1918000000,7112000000,7972000000,5194000000,3000600000,2987000000,31.95,None,306.84,189.46
2025-12-28,LHX,9.29,21739999000.0,31.95,None,0.656,104.36,,None,484000000,484000000,,,,,,,,,120000000,122200000,None,2172000000,2172000000,540000000,None,None,647000000,None,None,82600000,,4.76,0.016,,,,0.171,0.13,327200000,409800000,2.57,2017-06-30,23.92,5366000000,5576000000.0,828600000,298400000,96200000,1104000000,1104000000,None,24000000,None,841000000,None,None,None,None,None,202200000,None,None,None,0.129,,498800000,329800000,101000000,469000000,None,1806000000,None,,,,,0.562,2.842,2.554,,,,,,,,0.0809,,904000000,2025-10-23,quarterly,2.7,USD,pre-market,137300000,1343000000,0.0428,0.0913,0.069,115.5,1004600000,4030000000,634000000,None,260.05,286.58,5.0584,10090000000,2073000000,1926000000,7162000000,8017000000,5236000000,3000600000,2928000000,31.95,None,306.84,189.46
2025-12-28,LHX,9.29,21739999000.0,31.95,None,0.656,104.36,,None,302000000,302000000,,,,,,,,,122000000,124500000,None,2172000000,2172000000,428000000,None,None,782000000,None,None,82600000,,4.76,0.016,,,,0.171,0.13,327200000,409800000,2.57,2017-03-31,23.92,5367000000,5576000000.0,828600000,298400000,96200000,1136000000,1136000000,None,24000000,None,894000000,None,None,None,None,None,202200000,None,None,None,0.129,,498800000,329800000,898000000,711000000,None,2597000000,None,,,,,0.562,2.842,2.554,,,,,,,,0.0809,,895000000,2025-10-23,quarterly,2.7,USD,pre-market,137300000,1554000000,0.0428,0.0913,0.069,115.5,1004600000,4213000000,354000000,None,260.05,286.58,5.0584,11107000000,2876000000,1732000000,8193000000,8231000000,6461000000,3000600000,2914000000,31.95,None,306.84,189.46
2025-12-28,LHX,9.29,21739999000.0,31.95,None,0.656,104.36,,None,361000000,361000000,,,,,,,,,124000000,125400000,None,2172000000,2172000000,540000000,None,None,773000000,None,None,82600000,,4.76,0.016,,,,0.171,0.13,327200000,409800000,2.57,2016-12-31,23.92,5848000000,5576000000.0,828600000,298400000,96200000,1437000000,1437000000,None,24000000,None,1001000000,None,None,None,None,None,202200000,None,None,None,0.129,,498800000,329800000,477000000,537000000,None,2704000000,None,,,,,0.562,2.842,2.554,,,,,,,,0.0809,,908000000,2025-10-23,quarterly,2.7,USD,pre-market,137300000,1495000000,0.0428,0.0913,0.069,115.5,1004600000,4400000000,313000000,None,260.05,286.58,5.0584,11618000000,2612000000,1665000000,8460000000,9006000000,6795000000,3000600000,3157000000,31.95,None,306.84,189.46
2025-12-28,LHX,9.29,21739999000.0,31.95,None,0.656,104.36,,None,284000000,284000000,,,,,,,,,124000000,125500000,None,2172000000,2172000000,508000000,None,None,997000000,None,None,82600000,,4.76,0.016,,,,0.171,0.13,327200000,409800000,2.57,2016-09-30,23.92,5994000000,5576000000.0,828600000,298400000,96200000,1501000000,1501000000,None,24000000,None,962000000,None,None,None,None,None,202200000,None,None,None,0.129,,498800000,329800000,182000000,611000000,None,2776000000,None,,,,,0.562,2.842,2.554,,,,,,,,0.0809,,988000000,2025-10-23,quarterly,2.7,USD,pre-market,137300000,1384000000,0.0428,0.0913,0.069,115.5,1004600000,4486000000,399000000,None,260.05,286.58,5.0584,11778000000,2425000000,1856000000,8724000000,9353000000,6868000000,3000600000,3053000000,31.95,None,306.84,189.46
2025-12-28,LHX,9.29,21739999000.0,31.95,None,0.656,104.36,,None,487000000,487000000,,,,,,,,,125000000,125300000,None,2172000000,2172000000,494000000,None,None,999000000,None,None,82600000,,4.76,0.016,,,,0.171,0.13,327200000,409800000,2.57,2016-06-30,23.92,5352000000,5576000000.0,828600000,298400000,96200000,1231000000,1231000000,None,24000000,None,867000000,None,None,None,None,None,202200000,None,None,None,0.129,,498800000,329800000,333000000,788000000,None,2855000000,None,,,,,0.562,2.842,2.554,,,,,,,,0.0809,,1015000000,2025-10-23,quarterly,2.7,USD,pre-market,137300000,1330000000,0.0428,0.0913,0.069,115.5,1004600000,4517000000,397000000,None,260.05,286.58,5.0584,12009000000,2624000000,1981000000,8952000000,9385000000,6971000000,3000600000,3056000000,31.95,None,306.84,189.46
2025-12-28,LHX,9.29,21739999000.0,31.95,None,0.656,104.36,,None,302000000,302000000,,,,,,,,,124000000,125100000,None,2172000000,2172000000,529000000,None,None,1198000000,None,None,82600000,,4.76,0.016,,,,0.171,0.13,327200000,409800000,2.57,2016-03-31,23.92,5940000000,5576000000.0,828600000,298400000,96200000,1576000000,1576000000,None,24000000,None,992000000,None,None,None,None,None,202200000,None,None,None,0.129,,498800000,329800000,374000000,667000000,None,2194000000,None,,,,,0.562,2.842,2.554,,,,,,,,0.0809,,1007000000,2025-10-23,quarterly,2.7,USD,pre-market,137300000,1232000000,0.0428,0.0913,0.069,115.5,1004600000,4793000000,474000000,19000000,260.05,286.58,5.0584,11900000000,2866000000,2012000000,8533000000,9034000000,6521000000,3000600000,3366000000,31.95,None,306.84,189.46
2025-12-28,LHX,9.29,21739999000.0,31.95,None,0.656,104.36,,None,487000000,487000000,,,,,,,,,125000000,123800000,None,2172000000,2172000000,494000000,None,None,749000000,None,None,82600000,,4.76,0.016,,,,0.171,0.13,327200000,409800000,2.57,2015-12-31,23.92,5352000000,5576000000.0,828600000,298400000,96200000,1231000000,1231000000,None,24000000,None,867000000,None,None,None,None,None,202200000,None,None,None,0.129,,498800000,329800000,521000000,792000000,None,2188000000,None,,,,,0.562,2.842,2.554,,,,,,,,0.0809,,1102000000,2025-10-23,quarterly,2.7,USD,pre-market,137300000,1330000000,0.0428,0.0913,0.069,115.5,1004600000,4517000000,397000000,None,260.05,286.58,5.0584,12009000000,2624000000,1981000000,8952000000,9385000000,6971000000,3000600000,3056000000,31.95,None,306.84,189.46
2025-12-28,LHX,9.29,21739999000.0,31.95,None,0.656,104.36,,None,320000000,320000000,,,,,,,,,124000000,124700000,None,2172000000,2172000000,455000000,None,None,1108000000,None,None,82600000,,4.76,0.016,,,,0.171,0.13,327200000,409800000,2.57,2015-09-30,23.92,6321000000,5576000000.0,828600000,298400000,96200000,1729000000,1729000000,None,24000000,None,1107000000,None,None,None,None,None,202200000,None,None,None,0.129,,498800000,329800000,548000000,675000000,None,None,None,,,,,0.562,2.842,2.554,,,,,,,,0.0809,,None,2025-10-23,quarterly,2.7,USD,pre-market,137300000,1342000000,0.0428,0.0913,0.069,115.5,1004600000,5081000000,180000000,None,260.05,286.58,5.0584,12564000000,3053000000,1871000000,9101000000,9511000000,7230000000,3000600000,3462000000,31.95,None,306.84,189.46
2025-12-28,LHX,9.29,21739999000.0,31.95,None,0.656,104.36,,None,481000000,481000000,,,,,,,,,124000000,110300000,None,2172000000,2172000000,581000000,None,None,1255000000,None,None,82600000,,4.76,0.016,,,,0.171,0.13,327200000,409800000,2.57,2015-06-30,23.92,6348000000,5576000000.0,828600000,298400000,96200000,1775000000,1775000000,None,24000000,None,1015000000,None,None,None,None,None,202200000,None,None,None,0.129,,498800000,329800000,519000000,983000000,None,2322000000,None,,,,,0.562,2.842,2.554,,,,,,,,0.0809,,1165000000,2025-10-23,quarterly,2.7,USD,pre-market,137300000,1258000000,0.0428,0.0913,0.069,115.5,1004600000,5216000000,163000000,None,260.05,286.58,5.0584,13127000000,3183000000,2274000000,9725000000,9944000000,7451000000,3000600000,3397000000,31.95,None,306.84,189.46
2025-12-28,LHX,9.29,21739999000.0,31.95,None,0.656,104.36,,None,487700000,487700000,,,,,,,,,104200000,104800000,None,2172000000,2172000000,279600000,None,None,668100000,None,None,82600000,,4.76,0.016,,,,0.171,0.13,327200000,409800000,2.57,2015-03-31,23.92,1665000000,5576000000.0,828600000,298400000,96200000,207200000,207200000,None,24000000,None,635700000,None,None,None,None,None,202200000,None,None,None,0.129,,498800000,329800000,246000000,480300000,None,296700000,None,,,,,0.562,2.842,2.554,,,,,,,,0.0809,,705500000,2025-10-23,quarterly,2.7,USD,pre-market,137300000,1363100000,0.0428,0.0913,0.069,115.5,1004600000,1603100000,27300000,None,260.05,286.58,5.0584,4834500000,2022100000,1047600000,2994100000,2812400000,1946500000,3000600000,1840700000,31.95,None,306.84,189.46
2025-12-28,LHX,9.29,21739999000.0,31.95,None,0.656,104.36,,None,469500000,469500000,,,,,,,,,104100000,104900000,None,2172000000,2172000000,292100000,None,None,603600000,None,None,82600000,,4.76,0.016,,,,0.171,0.13,327200000,409800000,2.57,2014-12-31,23.92,1676500000,5576000000.0,828600000,298400000,96200000,223900000,223900000,None,24000000,None,649600000,None,None,None,None,None,202200000,None,None,None,0.129,,498800000,329800000,244900000,407200000,None,305800000,None,,,,,0.562,2.842,2.554,,,,,,,,0.0809,,724500000,2025-10-23,quarterly,2.7,USD,pre-market,137300000,1286500000,0.0428,0.0913,0.069,115.5,1004600000,1651100000,75300000,None,260.05,286.58,5.0584,4798200000,1946000000,1027900000,2986800000,2852200000,1958900000,3000600000,1811600000,31.95,None,306.84,189.46
2025-12-28,LHX,9.29,21739999000.0,31.95,None,0.656,104.36,,None,449100000,449100000,,,,,,,,,104600000,105800000,None,2172000000,2172000000,302900000,None,None,617700000,None,None,82600000,,4.76,0.016,,,,0.171,0.13,327200000,409800000,2.57,2014-09-30,23.92,1698800000,5576000000.0,828600000,298400000,96200000,240500000,240500000,None,24000000,None,648300000,None,None,None,None,None,202200000,None,None,None,0.129,,498800000,329800000,223500000,382000000,None,302100000,None,,,,,0.562,2.842,2.554,,,,,,,,0.0809,,730500000,2025-10-23,quarterly,2.7,USD,pre-market,137300000,1231400000,0.0428,0.0913,0.069,115.5,1004600000,1629400000,53600000,None,260.05,286.58,5.0584,4836600000,1924600000,1082200000,3040600000,2912000000,1958400000,3000600000,1796100000,31.95,None,306.84,189.46
2025-12-28,LHX,9.29,21739999000.0,31.95,None,0.656,104.36,,None,561000000,561000000,,,,,,,,,106000000,107000000,None,2172000000,2172000000,324000000,None,None,594000000,None,None,82600000,,4.76,0.016,,,,0.171,0.13,327200000,409800000,2.57,2014-06-30,23.92,1711000000,5576000000.0,828600000,298400000,96200000,258000000,258000000,None,24000000,None,619000000,None,None,None,None,None,202200000,None,None,None,0.129,,498800000,329800000,96000000,465000000,None,331600000,None,,,,,0.562,2.842,2.554,,,,,,,,0.0809,,728100000,2025-10-23,quarterly,2.7,USD,pre-market,137300000,1226000000,0.0428,0.0913,0.069,115.5,1004600000,1635800000,60000000,None,260.05,286.58,5.0584,4919000000,1991000000,1115000000,3094000000,2928000000,1979000000,3000600000,1826000000,31.95,None,306.84,189.46
2025-12-28,LHX,9.29,21739999000.0,31.95,None,0.656,104.36,,None,349600000,349600000,,,,,,,,,106500000,107400000,None,2172000000,2172000000,355500000,None,None,826500000,None,None,82600000,,4.76,0.016,,,,0.171,0.13,327200000,409800000,2.57,2014-03-31,23.92,1703600000,5576000000.0,828600000,298400000,96200000,270800000,270800000,None,24000000,None,674000000,None,None,None,None,None,202200000,None,None,None,0.129,,498800000,329800000,203200000,439500000,None,324600000,None,,,,,0.562,2.842,2.554,,,,,,,,0.0809,,685500000,2025-10-23,quarterly,2.7,USD,pre-market,137300000,1199000000,0.0428,0.0913,0.069,115.5,1004600000,1658500000,82700000,None,260.05,286.58,5.0584,4958600000,2053300000,1175900000,3163600000,2905300000,1987700000,3000600000,1795400000,31.95,None,306.84,189.46
2025-12-28,LHX,9.29,21739999000.0,31.95,None,0.656,104.36,,None,334400000,334400000,,,,,,,,,106700000,107300000,None,2172000000,2172000000,341500000,None,None,737900000,None,None,82600000,,4.76,0.016,,,,0.171,0.13,327200000,409800000,2.57,2013-12-31,23.92,1702100000,5576000000.0,828600000,298400000,96200000,285800000,285800000,None,24000000,None,688800000,None,None,None,None,None,202200000,None,None,None,0.129,,498800000,329800000,249700000,412400000,None,352500000,None,,,,,0.562,2.842,2.554,,,,,,,,0.0809,,668900000,2025-10-23,quarterly,2.7,USD,pre-market,137300000,1146900000,0.0428,0.0913,0.069,115.5,1004600000,1675500000,98400000,None,260.05,286.58,5.0584,4884100000,1972400000,1150800000,3170900000,2911700000,2020100000,3000600000,1713600000,31.95,None,306.84,189.46
2025-12-28,LHX,9.29,21739999000.0,31.95,None,0.656,104.36,,None,337200000,337200000,,,,,,,,,106800000,107300000,None,2172000000,2172000000,315100000,None,None,702000000,None,None,82600000,,4.76,0.016,,,,0.171,0.13,327200000,409800000,2.57,2013-09-30,23.92,1703100000,5576000000.0,828600000,298400000,96200000,297300000,297300000,None,24000000,None,656300000,None,None,None,None,None,202200000,None,None,None,0.129,,498800000,329800000,219900000,419200000,None,343300000,None,,,,,0.562,2.842,2.554,,,,,,,,0.0809,,651900000,2025-10-23,quarterly,2.7,USD,pre-market,137300000,1090200000,0.0428,0.0913,0.069,115.5,1004600000,1670600000,93500000,None,260.05,286.58,5.0584,4780700000,1889500000,1136500000,3150600000,2891200000,2014100000,3000600000,1630300000,31.95,None,306.84,189.46
2025-12-28,LHX,9.29,21739999000.0,31.95,None,0.656,104.36,,None,321000000,321000000,,,,,,,,,106900000,108600000,None,2172000000,2172000000,339500000,None,None,733000000,None,None,82600000,,4.76,0.016,,,,0.171,0.13,327200000,409800000,2.57,2013-06-30,23.92,1692000000,5576000000.0,828600000,298400000,96200000,308100000,308100000,None,24000000,None,668700000,None,None,None,None,None,202200000,None,None,None,0.129,,498800000,329800000,225400000,491900000,None,325900000,None,,,,,0.562,2.842,2.554,,,,,,,,0.0809,,653200000,2025-10-23,quarterly,2.7,USD,pre-market,137300000,1079900000,0.0428,0.0913,0.069,115.5,1004600000,1735100000,158000000,None,260.05,286.58,5.0584,4858400000,1948100000,1297400000,3297200000,2910300000,1999800000,3000600000,1561300000,31.95,None,306.84,189.46
2025-12-28,LHX,9.29,21739999000.0,31.95,None,0.656,104.36,,None,459000000,459000000,,,,,,,,,109200000,111200000,None,2172000000,2172000000,298400000,None,None,740600000,None,None,82600000,,4.76,0.016,,,,0.171,0.13,327200000,409800000,2.57,2013-03-31,23.92,1693100000,5576000000.0,828600000,298400000,96200000,357800000,357800000,None,24000000,None,646300000,None,None,None,None,None,202200000,None,None,None,0.129,,498800000,329800000,279400000,490300000,None,282200000,None,,,,,0.562,2.842,2.554,,,,,,,,0.0809,,666900000,2025-10-23,quarterly,2.7,USD,pre-market,137300000,1163700000,0.0428,0.0913,0.069,115.5,1004600000,1925000000,348900000,100000,260.05,286.58,5.0584,5076300000,2125300000,1441600000,3400100000,2951000000,1958500000,3000600000,1673400000,31.95,None,306.84,189.46
2025-12-28,LHX,9.29,21739999000.0,31.95,None,0.656,104.36,,None,328100000,328100000,,,,,,,,,112400000,112900000,None,2172000000,2172000000,299000000,None,None,737800000,None,None,82600000,,4.76,0.016,,,,0.171,0.13,327200000,409800000,2.57,2012-12-31,23.92,1709200000,5576000000.0,828600000,298400000,96200000,380300000,380300000,None,24000000,None,624500000,None,None,None,None,None,202200000,None,None,None,0.129,,498800000,329800000,604100000,548300000,None,269500000,None,,,,,0.562,2.842,2.554,,,,,,,,0.0809,,666600000,2025-10-23,quarterly,2.7,USD,pre-market,137300000,1222200000,0.0428,0.0913,0.069,115.5,1004600000,1929900000,50700000,100000,260.05,286.58,5.0584,5241300000,2259200000,1163200000,3415200000,2982100000,2252000000,3000600000,1822800000,31.95,None,306.84,189.46
2025-12-28,LHX,9.29,21739999000.0,31.95,None,0.656,104.36,,None,326800000,326800000,,,,,,,,,113000000,112600000,None,2172000000,2172000000,298100000,None,None,681900000,None,None,82600000,,4.76,0.016,,,,0.171,0.13,327200000,409800000,2.57,2012-09-30,23.92,1709500000,5576000000.0,828600000,298400000,96200000,405900000,405900000,None,24000000,None,646800000,None,None,None,None,None,202200000,None,None,None,0.129,,498800000,329800000,723300000,600000000,None,256400000,None,,,,,0.562,2.842,2.554,,,,,,,,0.0809,,668600000,2025-10-23,quarterly,2.7,USD,pre-market,137300000,1251300000,0.0428,0.0913,0.069,115.5,1004600000,1978100000,95200000,4100000,260.05,286.58,5.0584,5354300000,2358400000,1255300000,3501000000,2995900000,2245700000,3000600000,1846400000,31.95,None,306.84,189.46
2025-12-28,LHX,9.29,21739999000.0,31.95,None,0.656,104.36,,None,356000000,356000000,,,,,,,,,112100000,112500000,None,2172000000,2172000000,381000000,None,None,762200000,None,None,82600000,,4.76,0.016,,,,0.171,0.13,327200000,409800000,2.57,2012-06-30,23.92,1695300000,5576000000.0,828600000,298400000,96200000,421700000,421700000,None,24000000,None,617800000,None,None,None,None,None,202200000,None,None,None,0.129,,498800000,329800000,864400000,635700000,None,239800000,None,,,,,0.562,2.842,2.554,,,,,,,,0.0809,,659400000,2025-10-23,quarterly,2.7,USD,pre-market,137300000,1416600000,0.0428,0.0913,0.069,115.5,1004600000,2047200000,164200000,None,260.05,286.58,5.0584,5592800000,2600400000,1414400000,3646700000,2992400000,2232300000,3000600000,1938900000,31.95,None,306.84,189.46
2025-12-28,LHX,9.29,21739999000.0,31.95,None,0.656,104.36,,None,299000000,299000000,,,,,,,,,112600000,112300000,None,2172000000,2172000000,346900000,None,None,937700000,None,None,82600000,,4.76,0.016,,,,0.171,0.13,327200000,409800000,2.57,2012-03-31,23.92,1990600000,5576000000.0,828600000,298400000,96200000,453000000,453000000,None,24000000,None,743000000,None,None,None,None,None,202200000,None,None,None,0.129,,498800000,329800000,251200000,557700000,None,247700000,None,,,,,0.562,2.842,2.554,,,,,,,,0.0809,,701700000,2025-10-23,quarterly,2.7,USD,pre-market,137300000,1343600000,0.0428,0.0913,0.069,115.5,1004600000,2237300000,354100000,None,260.05,286.58,5.0584,5648900000,2208600000,1503900000,3747600000,3440300000,2243700000,3000600000,1893400000,31.95,None,306.84,189.46
2025-12-28,LHX,9.29,21739999000.0,31.95,None,0.656,104.36,,None,387000000,387000000,,,,,,,,,112600000,112800000,None,2172000000,2172000000,348100000,None,None,911600000,None,None,82600000,,4.76,0.016,,,,0.171,0.13,327200000,409800000,2.57,2011-12-31,23.92,2358900000,5576000000.0,828600000,298400000,96200000,472100000,472100000,None,24000000,None,701300000,None,None,None,None,None,202200000,None,None,None,0.129,,498800000,329800000,281400000,487000000,None,238500000,None,,,,,0.562,2.842,2.554,,,,,,,,0.0809,,894400000,2025-10-23,quarterly,2.7,USD,pre-market,137300000,1754200000,0.0428,0.0913,0.069,115.5,1004600000,2433400000,550200000,None,260.05,286.58,5.0584,6172200000,2227800000,1661100000,3919600000,3944400000,2258500000,3000600000,2243800000,31.95,None,306.84,189.46
2025-12-28,LHX,9.29,21739999000.0,31.95,None,0.656,104.36,,None,305400000,305400000,,,,,,,,,113000000,119400000,None,2172000000,2172000000,409100000,None,None,936900000,None,None,82600000,,4.76,0.016,,,,0.171,0.13,327200000,409800000,2.57,2011-09-30,23.92,2363300000,5576000000.0,828600000,298400000,96200000,477700000,477700000,None,24000000,None,690500000,None,None,None,None,None,202200000,None,None,None,0.129,,498800000,329800000,265600000,502600000,None,207500000,None,,,,,0.562,2.842,2.554,,,,,,,,0.0809,,906000000,2025-10-23,quarterly,2.7,USD,pre-market,137300000,1666400000,0.0428,0.0913,0.069,115.5,1004600000,2452200000,565400000,None,260.05,286.58,5.0584,6131000000,2182200000,1725700000,3962000000,3948800000,2236300000,3000600000,2159500000,31.95,None,306.84,189.46
2025-12-28,LHX,9.29,21739999000.0,31.95,None,0.656,104.36,,None,366900000,366900000,,,,,,,,,123100000,122850000,None,2172000000,2172000000,450800000,None,None,893800000,None,None,82600000,,4.76,0.016,,,,0.171,0.13,327200000,409800000,2.57,2011-06-30,23.92,2381400000,5576000000.0,828600000,298400000,96200000,502400000,502400000,None,24000000,None,720800000,None,None,None,None,None,202200000,None,None,None,0.129,,498800000,329800000,235300000,562000000,None,222200000,None,,,,,0.562,2.842,2.554,,,,,,,,0.0809,,872800000,2025-10-23,quarterly,2.7,USD,pre-market,137300000,1889000000,0.0428,0.0913,0.069,115.5,1004600000,2072100000,184900000,None,260.05,286.58,5.0584,6172800000,2216800000,1430500000,3660800000,3956000000,2230300000,3000600000,2502000000,31.95,None,306.84,189.46
2025-12-28,LHX,9.29,21739999000.0,31.95,None,0.656,104.36,,None,885100000,885100000,,,,,,,,,125000000,126000000,None,2172000000,2172000000,382600000,None,None,826800000,None,None,82600000,,4.76,0.016,,,,0.171,0.13,327200000,409800000,2.57,2011-03-31,23.92,1963400000,5576000000.0,828600000,298400000,96200000,416000000,416000000,None,24000000,None,693900000,None,None,None,None,None,202200000,None,None,None,0.129,,498800000,329800000,257100000,517400000,None,212600000,None,,,,,0.562,2.842,2.554,,,,,,,,0.0809,,758800000,2025-10-23,quarterly,2.7,USD,pre-market,137300000,1864800000,0.0428,0.0913,0.069,115.5,1004600000,2073400000,186600000,None,260.05,286.58,5.0584,6029300000,2633000000,1310100000,3533200000,3396300000,2223100000,3000600000,2484500000,31.95,None,306.84,189.46
2025-12-28,LHX,9.29,21739999000.0,31.95,None,0.656,104.36,,None,366900000,366900000,,,,,,,,,123100000,126800000,None,2172000000,2172000000,450800000,None,None,893800000,None,None,82600000,,4.76,0.016,,,,0.171,0.13,327200000,409800000,2.57,2010-12-31,23.92,2381400000,5576000000.0,828600000,298400000,96200000,502400000,502400000,None,24000000,None,720800000,None,None,None,None,None,202200000,None,None,None,0.129,,498800000,329800000,235300000,562000000,None,206700000,None,,,,,0.562,2.842,2.554,,,,,,,,0.0809,,706900000,2025-10-23,quarterly,2.7,USD,pre-market,137300000,1889000000,0.0428,0.0913,0.069,115.5,1004600000,2072100000,184900000,None,260.05,286.58,5.0584,6172800000,2216800000,1430500000,3660800000,3956000000,2230300000,3000600000,2502000000,31.95,None,306.84,189.46
2025-12-28,LHX,9.29,21739999000.0,31.95,None,0.656,104.36,,None,341400000,341400000,,,,,,,,,126600000,127700000,None,2172000000,2172000000,390700000,None,None,709300000,None,None,82600000,,4.76,0.016,,,,0.171,0.13,327200000,409800000,2.57,2010-09-30,23.92,1936200000,5576000000.0,828600000,298400000,96200000,412900000,412900000,None,24000000,None,670800000,None,None,None,None,None,202200000,None,None,None,0.129,,498800000,329800000,211800000,488500000,None,188200000,None,,,,,0.562,2.842,2.554,,,,,,,,0.0809,,672200000,2025-10-23,quarterly,2.7,USD,pre-market,137300000,1715100000,0.0428,0.0913,0.069,115.5,1004600000,1452100000,275700000,None,260.05,286.58,5.0584,5206700000,1933300000,1418300000,2912400000,3273400000,1494100000,3000600000,2293700000,31.95,None,306.84,189.46
2025-12-28,LHX,9.29,21739999000.0,31.95,None,0.656,104.36,,None,455200000,455200000,,,,,,,,,127500000,130350000,None,2172000000,2172000000,329400000,None,None,751300000,None,None,82600000,,4.76,0.016,,,,0.171,0.13,327200000,409800000,2.57,2010-06-30,23.92,1576200000,5576000000.0,828600000,298400000,96200000,297800000,297800000,None,24000000,None,615300000,None,None,None,None,None,202200000,None,None,None,0.129,,498800000,329800000,182800000,507200000,None,192700000,None,,,,,0.562,2.842,2.554,,,,,,,,0.0809,,609700000,2025-10-23,quarterly,2.7,USD,pre-market,137300000,1621400000,0.0428,0.0913,0.069,115.5,1004600000,1207300000,30700000,None,260.05,286.58,5.0584,4743600000,2004600000,1051800000,2553500000,2739000000,1501700000,3000600000,2189600000,31.95,None,306.84,189.46
2025-12-28,LHX,9.29,21739999000.0,31.95,None,0.656,104.36,,None,405700000,405700000,,,,,,,,,128300000,130700000,None,2172000000,2172000000,341500000,None,None,656600000,None,None,82600000,,4.76,0.016,,,,0.171,0.13,327200000,409800000,2.57,2010-03-31,23.92,1576800000,5576000000.0,828600000,298400000,96200000,306400000,306400000,None,24000000,None,647200000,None,None,None,None,None,202200000,None,None,None,0.129,,498800000,329800000,202400000,494200000,None,185300000,None,,,,,0.562,2.842,2.554,,,,,,,,0.0809,,584300000,2025-10-23,quarterly,2.7,USD,pre-market,137300000,1537300000,0.0428,0.0913,0.069,115.5,1004600000,1177500000,800000,None,260.05,286.58,5.0584,4627700000,1911900000,1013100000,2510800000,2715800000,1497700000,3000600000,2116900000,31.95,None,306.84,189.46
2025-12-28,LHX,9.29,21739999000.0,31.95,None,0.656,104.36,,None,310200000,310200000,,,,,,,,,129300000,131300000,None,2172000000,2172000000,284400000,None,None,683400000,None,None,82600000,,4.76,0.016,,,,0.171,0.13,327200000,409800000,2.57,2009-12-31,23.92,1576800000,5576000000.0,828600000,298400000,96200000,315400000,315400000,None,24000000,None,672200000,None,None,None,None,None,202200000,None,None,None,0.129,,498800000,329800000,208800000,485100000,None,189600000,None,,,,,0.562,2.842,2.554,,,,,,,,0.0809,,521500000,2025-10-23,quarterly,2.7,USD,pre-market,137300000,1436600000,0.0428,0.0913,0.069,115.5,1004600000,1222600000,45700000,None,260.05,286.58,5.0584,4529700000,1874600000,1010700000,2516200000,2655100000,1505500000,3000600000,2013500000,31.95,None,306.84,189.46
2025-12-28,LHX,9.29,21739999000.0,31.95,None,0.656,104.36,,None,231100000,231100000,,,,,,,,,130200000,131900000,None,2172000000,2172000000,305500000,None,None,742700000,None,None,82600000,,4.76,0.016,,,,0.171,0.13,327200000,409800000,2.57,2009-09-30,23.92,1522200000,5576000000.0,828600000,298400000,96200000,319900000,319900000,None,24000000,None,633500000,None,None,None,None,None,202200000,None,None,None,0.129,,498800000,329800000,190500000,463200000,None,168300000,None,,,,,0.562,2.842,2.554,,,,,,,,0.0809,,532200000,2025-10-23,quarterly,2.7,USD,pre-market,137300000,1362300000,0.0428,0.0913,0.069,115.5,1004600000,1202900000,25800000,3300000,260.05,286.58,5.0584,4391000000,1797800000,982500000,2470200000,2593200000,1487700000,3000600000,1920800000,31.95,None,306.84,189.46
2025-12-28,LHX,9.29,21739999000.0,31.95,None,0.656,104.36,,None,281200000,281200000,,,,,,,,,131400000,133150000,None,2172000000,2172000000,368000000,None,None,770800000,None,None,82600000,,4.76,0.016,,,,0.171,0.13,327200000,409800000,2.57,2009-06-30,23.92,1507100000,5576000000.0,828600000,298400000,96200000,335600000,335600000,None,24000000,None,607200000,None,None,None,None,None,202200000,None,None,None,0.129,,498800000,329800000,200200000,513600000,None,None,None,,,,,0.562,2.842,2.554,,,,,,,,0.0809,,None,2025-10-23,quarterly,2.7,USD,pre-market,137300000,1322800000,0.0428,0.0913,0.069,115.5,1004600000,1283700000,106400000,3300000,260.05,286.58,5.0584,4465100000,1859400000,1109700000,2596000000,2605700000,1486300000,3000600000,1869100000,31.95,None,306.84,189.46
2025-12-28,LHX,9.29,21739999000.0,31.95,None,0.656,104.36,,None,452000000,452000000,,,,,,,,,131400000,133100000,None,2172000000,2172000000,339700000,None,None,886300000,None,None,82600000,,4.76,0.016,,,,0.171,0.13,327200000,409800000,2.57,2009-03-31,23.92,1210000000,5576000000.0,828600000,298400000,96200000,304800000,304800000,None,24000000,None,660700000,None,None,None,None,None,202200000,None,None,None,0.129,,498800000,329800000,187900000,454700000,None,None,None,,,,,0.562,2.842,2.554,,,,,,,,0.0809,,None,2025-10-23,quarterly,2.7,USD,pre-market,137300000,1679200000,0.0428,0.0913,0.069,115.5,1004600000,846700000,19200000,4000000,260.05,286.58,5.0584,4332000000,2187500000,997000000,2152700000,2144500000,1155700000,3000600000,2179300000,31.95,None,306.84,189.46
2025-12-28,LHX,9.29,21739999000.0,31.95,None,0.656,104.36,,None,352700000,352700000,,,,,,,,,132600000,133300000,None,2172000000,2172000000,386300000,None,None,914300000,None,None,82600000,,4.76,0.016,,,,0.171,0.13,327200000,409800000,2.57,2008-12-31,23.92,1214900000,5576000000.0,828600000,298400000,96200000,309200000,309200000,None,24000000,None,701100000,None,None,None,None,None,202200000,None,None,None,0.129,,498800000,329800000,188000000,588500000,None,None,None,,,,,0.562,2.842,2.554,,,,,,,,0.0809,,None,2025-10-23,quarterly,2.7,USD,pre-market,137300000,1629300000,0.0428,0.0913,0.069,115.5,1004600000,846800000,19100000,5200000,260.05,286.58,5.0584,4269900000,2157700000,993900000,1937800000,2112200000,943900000,3000600000,2139300000,31.95,None,306.84,189.46
2025-12-28,LHX,9.29,21739999000.0,31.95,None,0.656,104.36,,None,342200000,342200000,,,,,,,,,132400000,134700000,None,2172000000,2172000000,409800000,None,None,981500000,None,None,82600000,,4.76,0.016,,,,0.171,0.13,327200000,409800000,2.57,2008-09-30,23.92,1538200000,5576000000.0,828600000,298400000,96200000,351800000,351800000,None,24000000,None,677200000,None,None,None,None,None,202200000,None,None,None,0.129,,498800000,329800000,197900000,629000000,None,None,None,,,,,0.562,2.842,2.554,,,,,,,,0.0809,,None,2025-10-23,quarterly,2.7,USD,pre-market,137300000,1694700000,0.0428,0.0913,0.069,115.5,1004600000,916800000,88900000,6300000,260.05,286.58,5.0584,4683500000,2201300000,1127700000,2079300000,2482200000,951600000,3000600000,2273500000,31.95,None,306.84,189.46
2025-12-28,LHX,9.29,21739999000.0,31.95,None,0.656,104.36,,None,274500000,274500000,,,,,,,,,133600000,135600000,None,2172000000,2172000000,309300000,None,None,679900000,None,None,82600000,,4.76,0.016,,,,0.171,0.13,327200000,409800000,2.57,2008-06-30,23.92,1262500000,5576000000.0,828600000,298400000,96200000,236900000,236900000,None,24000000,None,476000000,None,None,None,None,None,202200000,None,None,None,0.129,,498800000,329800000,602800000,558300000,None,None,None,,,,,0.562,2.842,2.554,,,,,,,,0.0809,,None,2025-10-23,quarterly,2.7,USD,pre-market,137300000,1660800000,0.0428,0.0913,0.069,115.5,1004600000,829000000,1000000,19300000,260.05,286.58,5.0584,4627500000,2052500000,991200000,2353500000,2575000000,1362300000,3000600000,2274000000,31.95,None,306.84,189.46
2025-12-28,LHX,9.29,21739999000.0,31.95,None,0.656,104.36,,None,291900000,291900000,,,,,,,,,133700000,136200000,None,2172000000,2172000000,395900000,None,None,848900000,None,None,82600000,,4.76,0.016,,,,0.171,0.13,327200000,409800000,2.57,2008-03-31,23.92,1539300000,5576000000.0,828600000,298400000,96200000,380800000,380800000,None,24000000,None,649300000,None,None,None,None,None,202200000,None,None,None,0.129,,498800000,329800000,215600000,574000000,None,None,None,,,,,0.562,2.842,2.554,,,,,,,,0.0809,,None,2025-10-23,quarterly,2.7,USD,pre-market,137300000,1578600000,0.0428,0.0913,0.069,115.5,1004600000,893800000,60300000,34500000,260.05,286.58,5.0584,4525300000,2009100000,1030200000,2005100000,2516200000,974900000,3000600000,2182400000,31.95,None,306.84,189.46
2025-12-28,LHX,9.29,21739999000.0,31.95,None,0.656,104.36,,None,371600000,371600000,,,,,,,,,135400000,137600000,None,2172000000,2172000000,374300000,None,None,808400000,None,None,82600000,,4.76,0.016,,,,0.171,0.13,327200000,409800000,2.57,2007-12-31,23.92,1544400000,5576000000.0,828600000,298400000,96200000,396700000,396700000,None,24000000,None,613100000,None,None,None,None,None,202200000,None,None,None,0.129,,498800000,329800000,103600000,486500000,None,None,None,,,,,0.562,2.842,2.554,,,,,,,,0.0809,,None,2025-10-23,quarterly,2.7,USD,pre-market,137300000,1566900000,0.0428,0.0913,0.069,115.5,1004600000,993100000,160600000,63300000,260.05,286.58,5.0584,4551200000,1960000000,1021400000,2009900000,2591200000,988500000,3000600000,2208900000,31.95,None,306.84,189.46
2025-12-28,LHX,9.29,21739999000.0,31.95,None,0.656,104.36,,None,343600000,343600000,,,,,,,,,135900000,137900000,None,2172000000,2172000000,329000000,None,None,758100000,None,None,82600000,,4.76,0.016,,,,0.171,0.13,327200000,409800000,2.57,2007-09-30,23.92,1532800000,5576000000.0,828600000,298400000,96200000,406900000,406900000,None,24000000,None,612200000,None,None,None,None,None,202200000,None,None,None,0.129,,498800000,329800000,141100000,512900000,None,None,None,,,,,0.562,2.842,2.554,,,,,,,,0.0809,,None,2025-10-23,quarterly,2.7,USD,pre-market,137300000,1511500000,0.0428,0.0913,0.069,115.5,1004600000,976000000,567900000,50300000,260.05,286.58,5.0584,4450800000,1870100000,1409800000,1978200000,2580700000,568400000,3000600000,2143100000,31.95,None,306.84,189.46
2025-12-28,LHX,9.29,21739999000.0,31.95,None,0.656,104.36,,None,368300000,368300000,,,,,,,,,129600000,140879155,None,2172000000,2172000000,350000000,None,None,748500000,None,None,82600000,,4.76,0.016,,,,0.171,0.13,327200000,409800000,2.57,2007-06-30,23.92,1525200000,5576000000.0,828600000,298400000,96200000,417900000,417900000,None,24000000,None,556800000,None,None,None,None,None,202200000,None,None,None,0.129,,498800000,329800000,94300000,568300000,None,None,None,,,,,0.562,2.842,2.554,,,,,,,,0.0809,,None,2025-10-23,quarterly,2.7,USD,pre-market,137300000,1472500000,0.0428,0.0913,0.069,115.5,1004600000,1128700000,719800000,60900000,260.05,286.58,5.0584,4406000000,1828800000,1638100000,2175300000,2577200000,537200000,3000600000,1903800000,31.95,None,306.84,189.46
2025-12-28,LHX,9.29,21739999000.0,31.95,None,0.656,104.36,,None,481800000,481800000,,,,,,,,,133200000,141700000,None,2172000000,2172000000,279100000,None,None,630300000,None,None,82600000,,4.76,0.016,,,,0.171,0.13,327200000,409800000,2.57,2007-03-31,23.92,1207100000,5576000000.0,828600000,298400000,96200000,313700000,313700000,None,24000000,None,523000000,None,None,None,None,None,202200000,None,None,None,0.129,,498800000,329800000,106900000,587600000,None,None,None,,,,,0.562,2.842,2.554,,,,,,,,0.0809,,None,2025-10-23,quarterly,2.7,USD,pre-market,137300000,1563300000,0.0428,0.0913,0.069,115.5,1004600000,730300000,319300000,40800000,260.05,286.58,5.0584,3940800000,1787900000,1186000000,1621500000,2152900000,435500000,3000600000,1995400000,31.95,None,306.84,189.46
2025-12-28,LHX,9.29,21739999000.0,31.95,None,0.656,104.36,,None,367900000,367900000,,,,,,,,,132900000,141600000,None,2172000000,2172000000,220600000,None,None,534200000,None,None,82600000,,4.76,0.016,,,,0.171,0.13,327200000,409800000,2.57,2006-12-31,23.92,951800000,5576000000.0,828600000,298400000,96200000,177500000,177500000,None,24000000,None,501100000,None,None,None,None,None,202200000,None,None,None,0.129,,498800000,329800000,103900000,340800000,None,None,None,,,,,0.562,2.842,2.554,,,,,,,,0.0809,,None,2025-10-23,quarterly,2.7,USD,pre-market,137300000,1380000000,0.0428,0.0913,0.069,115.5,1004600000,699200000,149200000,None,260.05,286.58,5.0584,3233800000,1514200000,864900000,1436100000,1719600000,571200000,3000600000,1797700000,31.95,None,306.84,189.46
2025-12-28,LHX,9.29,21739999000.0,31.95,None,0.656,104.36,,None,296100000,296100000,,,,,,,,,133100000,141700000,None,2172000000,2172000000,231300000,None,None,560400000,None,None,82600000,,4.76,0.016,,,,0.171,0.13,327200000,409800000,2.57,2006-09-30,23.92,953300000,5576000000.0,828600000,298400000,96200000,186700000,186700000,None,24000000,None,498900000,None,None,None,None,None,202200000,None,None,None,0.129,,498800000,329800000,101400000,374100000,None,None,None,,,,,0.562,2.842,2.554,,,,,,,,0.0809,,None,2025-10-23,quarterly,2.7,USD,pre-market,137300000,1316400000,0.0428,0.0913,0.069,115.5,1004600000,699900000,149900000,112600000,260.05,286.58,5.0584,3190400000,1462900000,880300000,1451700000,1727500000,571400000,3000600000,1738700000,31.95,None,306.84,189.46
2025-12-28,LHX,9.29,21739999000.0,31.95,None,0.656,104.36,,None,181300000,181300000,,,,,,,,,132800000,141650000,None,2172000000,2172000000,235600000,None,None,560600000,None,None,82600000,,4.76,0.016,,,,0.171,0.13,327200000,409800000,2.57,2006-06-30,23.92,951100000,5576000000.0,828600000,298400000,96200000,193400000,193400000,None,24000000,None,468900000,None,None,None,None,None,202200000,None,None,None,0.129,,498800000,329800000,105000000,351400000,None,None,None,,,,,0.562,2.842,2.554,,,,,,,,0.0809,,None,2025-10-23,quarterly,2.7,USD,pre-market,137300000,1252800000,0.0428,0.0913,0.069,115.5,1004600000,701100000,1600000,123100000,260.05,286.58,5.0584,3142300000,1438900000,717900000,1480200000,1703400000,762300000,3000600000,1662100000,31.95,None,306.84,189.46
2025-12-28,LHX,9.29,21739999000.0,31.95,None,0.656,104.36,,None,335500000,335500000,,,,,,,,,133300000,142000000,None,2172000000,2172000000,173800000,None,None,538700000,None,None,82600000,,4.76,0.016,,,,0.171,0.13,327200000,409800000,2.57,2006-03-31,23.92,907300000,5576000000.0,828600000,298400000,96200000,173800000,173800000,None,24000000,None,468200000,None,None,None,None,None,202200000,None,None,None,0.129,,498800000,329800000,97800000,533800000,None,None,None,,,,,0.562,2.842,2.554,,,,,,,,0.0809,,None,2025-10-23,quarterly,2.7,USD,pre-market,137300000,1201400000,0.0428,0.0913,0.069,115.5,1004600000,709400000,9800000,None,260.05,286.58,5.0584,3046400000,1448900000,717400000,1453900000,1597500000,736500000,3000600000,1592500000,31.95,None,306.84,189.46
2025-12-28,LHX,9.29,21739999000.0,31.95,None,0.656,104.36,,None,181300000,181300000,,,,,,,,,132800000,141700000,None,2172000000,2172000000,235600000,None,None,560600000,None,None,82600000,,4.76,0.016,,,,0.171,0.13,327200000,409800000,2.57,2005-12-31,23.92,951100000,5576000000.0,828600000,298400000,96200000,193400000,193400000,None,24000000,None,468900000,None,None,None,None,None,202200000,None,None,None,0.129,,498800000,329800000,105000000,351400000,None,None,None,,,,,0.562,2.842,2.554,,,,,,,,0.0809,,None,2025-10-23,quarterly,2.7,USD,pre-market,137300000,1252800000,0.0428,0.0913,0.069,115.5,1004600000,701100000,1600000,123100000,260.05,286.58,5.0584,3142300000,1438900000,717900000,1480200000,1703400000,762300000,3000600000,1662100000,31.95,None,306.84,189.46
2025-12-28,LHX,9.29,21739999000.0,31.95,None,0.656,104.36,,None,729100000,729100000,,,,,,,,,132800000,141100000,None,2172000000,2172000000,162100000,None,None,599400000,None,None,82600000,,4.76,0.016,,,,0.171,0.13,327200000,409800000,2.57,2005-09-30,23.92,569500000,5576000000.0,828600000,298400000,96200000,667700000,667700000,None,24000000,None,240500000,None,None,None,None,None,202200000,None,None,None,0.129,,498800000,329800000,226600000,418300000,None,None,None,,,,,0.562,2.842,2.554,,,,,,,,0.0809,,None,2025-10-23,quarterly,2.7,USD,pre-market,137300000,1128500000,0.0428,0.0913,0.069,115.5,1004600000,703800000,3800000,None,260.05,286.58,5.0584,2806500000,1665900000,584200000,1311300000,1140600000,727100000,3000600000,1495200000,31.95,None,306.84,189.46
2025-12-28,LHX,9.29,21739999000.0,31.95,None,0.656,104.36,,None,615000000,615000000,,,,,,,,,190000000,190700000,None,2172000000,2172000000,2005000000,None,1155000000,4681000000,None,None,82600000,,4.76,0.016,,,,0.171,0.13,327200000,409800000,2.57,2024-12-31,23.92,20325000000,5576000000.0,828600000,298400000,96200000,7639000000,7639000000,None,24000000,None,1330000000,None,None,11081000000,None,None,202200000,None,None,None,0.129,,498800000,329800000,1592000000,2159000000,None,2766000000,None,,,,,0.562,2.842,2.554,,,,,,,,0.0809,,3465000000,2025-10-23,annual,2.7,USD,pre-market,137300000,3739000000,0.0428,0.0913,0.069,115.5,1004600000,12980000000,1298000000,None,260.05,286.58,5.0584,42001000000,8218000000,7633000000,22422000000,33783000000,14789000000,3000600000,19514000000,31.95,None,306.84,189.46
2025-12-28,LHX,9.29,21739999000.0,31.95,None,0.656,104.36,,None,560000000,560000000,,,,,,,,,190000000,190600000,None,2172000000,2172000000,2106000000,None,1965000000,4426000000,None,None,82600000,,4.76,0.016,,,,0.171,0.13,327200000,409800000,2.57,2023-12-31,23.92,19979000000,5576000000.0,828600000,298400000,96200000,8540000000,8540000000,None,24000000,None,1472000000,None,None,11160000000,None,None,202200000,None,None,None,0.129,,498800000,329800000,1454000000,1825000000,None,2879000000,None,,,,,0.562,2.842,2.554,,,,,,,,0.0809,,3605000000,2025-10-23,annual,2.7,USD,pre-market,137300000,3220000000,0.0428,0.0913,0.069,115.5,1004600000,13950000000,2085000000,None,260.05,286.58,5.0584,41687000000,7912000000,8004000000,22858000000,33775000000,14854000000,3000600000,18765000000,31.95,None,306.84,189.46
2025-12-28,LHX,9.29,21739999000.0,31.95,None,0.656,104.36,,741000000,880000000,880000000,,,,,,,,,191000000,193500000,None,2172000000,2172000000,1945000000,None,820000000,4278000000,None,None,82600000,,4.76,0.016,,,,0.171,0.13,327200000,409800000,2.57,2022-12-31,23.92,17283000000,5576000000.0,828600000,298400000,96200000,6001000000,6001000000,None,24000000,None,1291000000,None,None,6225000000,None,None,202200000,None,None,None,0.129,,498800000,329800000,305000000,1235000000,None,1177000000,None,,,,,0.562,2.842,2.554,,,,,,,,0.0809,,2860000000,2025-10-23,annual,2.7,USD,pre-market,137300000,2943000000,0.0428,0.0913,0.069,115.5,1004600000,7786000000,820000000,None,260.05,286.58,5.0584,33524000000,6754000000,5776000000,14900000000,26770000000,9124000000,3000600000,18523000000,31.95,None,306.84,189.46
2025-12-28,LHX,9.29,21739999000.0,31.95,None,0.656,104.36,,768000000,941000000,941000000,,,,,,,,,194000000,203200000,None,2172000000,2172000000,1767000000,None,13000000,4164000000,None,None,82600000,,4.76,0.016,,,,0.171,0.13,327200000,409800000,2.57,2021-12-31,23.92,18189000000,5576000000.0,828600000,298400000,96200000,6640000000,6640000000,None,24000000,None,982000000,None,None,7048000000,None,None,202200000,None,None,None,0.129,,498800000,329800000,272000000,1446000000,None,1065000000,None,,,,,0.562,2.842,2.554,,,,,,,,0.0809,,2870000000,2025-10-23,annual,2.7,USD,pre-market,137300000,2917000000,0.0428,0.0913,0.069,115.5,1004600000,7829000000,13000000,None,260.05,286.58,5.0584,34709000000,6359000000,4551000000,15390000000,28350000000,10839000000,3000600000,19213000000,31.95,None,306.84,189.46
2025-12-28,LHX,9.29,21739999000.0,31.95,None,0.656,104.36,,734000000,1276000000,1276000000,,,,,,,,,208000000,215900000,None,2172000000,2172000000,1406000000,None,10000000,4076000000,None,None,82600000,,4.76,0.016,,,,0.171,0.13,327200000,409800000,2.57,2020-12-31,23.92,18876000000,5576000000.0,828600000,298400000,96200000,7908000000,7908000000,None,24000000,None,973000000,None,None,6908000000,None,None,202200000,None,None,None,0.129,,498800000,329800000,342000000,1577000000,None,3734000000,None,,,,,0.562,2.842,2.554,,,,,,,,0.0809,,2102000000,2025-10-23,annual,2.7,USD,pre-market,137300000,2347000000,0.0428,0.0913,0.069,115.5,1004600000,7687000000,10000000,None,260.05,286.58,5.0584,36960000000,6667000000,4240000000,16119000000,30293000000,11879000000,3000600000,20724000000,31.95,None,306.84,189.46
2025-12-28,LHX,9.29,21739999000.0,31.95,0,0.656,104.36,,0,824000000,824000000,,,,,,,,,218000000,223700000,None,2172000000,2172000000,1261000000,None,759000000,3877000000,None,None,82600000,,4.76,0.016,,,,0.171,0.13,327200000,409800000,2.57,2019-12-31,23.92,20001000000,5576000000.0,828600000,298400000,96200000,8458000000,8458000000,None,24000000,None,1219000000,None,None,2763000000,None,0,202200000,None,None,None,0.129,,498800000,329800000,392000000,1121000000,None,537000000,None,,,,,0.562,2.842,2.554,,,,,,,,0.0809,,894000000,2025-10-23,annual,2.7,USD,pre-market,137300000,2183000000,0.0428,0.0913,0.069,115.5,1004600000,7864000000,389000000,0,260.05,286.58,5.0584,38336000000,6312000000,4009000000,15592000000,32024000000,11583000000,3000600000,22587000000,31.95,0,306.84,189.46
2025-12-28,LHX,9.29,21739999000.0,31.95,0,0.656,104.36,,0,422000000,422000000,,,,,,,,,119000000,121100000,None,2172000000,2172000000,462000000,None,382000000,666000000,None,None,82600000,,4.76,0.016,,,,0.171,0.13,327200000,409800000,2.57,2018-12-31,23.92,5374000000,5576000000.0,828600000,298400000,96200000,1048000000,1048000000,None,24000000,None,942000000,None,None,3408000000,None,0,202200000,None,None,None,0.129,,498800000,329800000,102000000,423000000,None,517000000,None,,,,,0.562,2.842,2.554,,,,,,,,0.0809,,900000000,2025-10-23,annual,2.7,USD,pre-market,137300000,1424000000,0.0428,0.0913,0.069,115.5,1004600000,3919000000,528000000,0,260.05,286.58,5.0584,9856000000,2132000000,1741000000,6862000000,7724000000,5121000000,3000600000,2994000000,31.95,0,306.84,189.46
2025-12-28,LHX,9.29,21739999000.0,31.95,0,0.656,104.36,,0,484000000,484000000,,,,,,,,,120000000,124300000,None,2172000000,2172000000,540000000,None,634000000,647000000,None,None,82600000,,4.76,0.016,,,,0.171,0.13,327200000,409800000,2.57,2017-12-31,23.92,5366000000,5576000000.0,828600000,298400000,96200000,1104000000,1104000000,None,24000000,None,841000000,None,None,3396000000,None,0,202200000,None,None,None,0.129,,498800000,329800000,101000000,469000000,None,507000000,None,,,,,0.562,2.842,2.554,,,,,,,,0.0809,,904000000,2025-10-23,annual,2.7,USD,pre-market,137300000,1343000000,0.0428,0.0913,0.069,115.5,1004600000,4030000000,634000000,0,260.05,286.58,5.0584,10090000000,2073000000,1926000000,7162000000,8017000000,5236000000,3000600000,2928000000,31.95,0,306.84,189.46
2025-12-28,LHX,9.29,21739999000.0,31.95,0,0.656,104.36,,0,487000000,487000000,,,,,,,,,125000000,125000000,None,2172000000,2172000000,494000000,None,397000000,749000000,None,None,82600000,,4.76,0.016,,,,0.171,0.13,327200000,409800000,2.57,2016-12-31,23.92,5352000000,5576000000.0,828600000,298400000,96200000,1231000000,1231000000,None,24000000,None,867000000,None,None,4120000000,None,0,202200000,None,None,None,0.129,,498800000,329800000,521000000,792000000,None,2855000000,None,,,,,0.562,2.842,2.554,,,,,,,,0.0809,,1015000000,2025-10-23,annual,2.7,USD,pre-market,137300000,1330000000,0.0428,0.0913,0.069,115.5,1004600000,4517000000,397000000,0,260.05,286.58,5.0584,12009000000,2624000000,1981000000,8952000000,9385000000,6971000000,3000600000,3056000000,31.95,0,306.84,189.46
2025-12-28,LHX,9.29,21739999000.0,31.95,None,0.656,104.36,,None,481000000,481000000,,,,,,,,,124000000,106800000,None,2172000000,2172000000,581000000,None,130000000,1255000000,None,None,82600000,,4.76,0.016,,,,0.171,0.13,327200000,409800000,2.57,2015-12-31,23.92,6348000000,5576000000.0,828600000,298400000,96200000,1775000000,1775000000,None,24000000,None,1015000000,None,None,5053000000,None,0,202200000,None,None,None,0.129,,498800000,329800000,432000000,1047000000,None,2322000000,None,,,,,0.562,2.842,2.554,,,,,,,,0.0809,,1165000000,2025-10-23,annual,2.7,USD,pre-market,137300000,1258000000,0.0428,0.0913,0.069,115.5,1004600000,5216000000,163000000,0,260.05,286.58,5.0584,13127000000,3183000000,2274000000,9725000000,9944000000,7451000000,3000600000,3397000000,31.95,0,306.84,189.46
2025-12-28,LHX,9.29,21739999000.0,31.95,None,0.656,104.36,,None,561000000,561000000,,,,,,,,,106000000,107300000,None,2172000000,2172000000,324000000,None,None,594000000,None,None,82600000,,4.76,0.016,,,,0.171,0.13,327200000,409800000,2.57,2014-12-31,23.92,1711000000,5576000000.0,828600000,298400000,96200000,258000000,258000000,None,24000000,None,619000000,None,None,None,None,None,202200000,None,None,None,0.129,,498800000,329800000,96000000,465000000,None,331600000,None,,,,,0.562,2.842,2.554,,,,,,,,0.0809,,728100000,2025-10-23,annual,2.7,USD,pre-market,137300000,1226000000,0.0428,0.0913,0.069,115.5,1004600000,1635800000,60000000,None,260.05,286.58,5.0584,4919000000,1991000000,1115000000,3094000000,2928000000,1979000000,3000600000,1826000000,31.95,None,306.84,189.46
2025-12-28,LHX,9.29,21739999000.0,31.95,None,0.656,104.36,,None,321000000,321000000,,,,,,,,,106900000,111200000,None,2172000000,2172000000,339500000,None,None,733000000,None,None,82600000,,4.76,0.016,,,,0.171,0.13,327200000,409800000,2.57,2013-12-31,23.92,1692000000,5576000000.0,828600000,298400000,96200000,308100000,308100000,None,24000000,None,668700000,None,None,None,None,None,202200000,None,None,None,0.129,,498800000,329800000,225400000,493700000,None,325900000,None,,,,,0.562,2.842,2.554,,,,,,,,0.0809,,653200000,2025-10-23,annual,2.7,USD,pre-market,137300000,1079900000,0.0428,0.0913,0.069,115.5,1004600000,1735100000,158000000,None,260.05,286.58,5.0584,4858400000,1948100000,1297400000,3297200000,2910300000,1999800000,3000600000,1561300000,31.95,None,306.84,189.46
2025-12-28,LHX,9.29,21739999000.0,31.95,None,0.656,104.36,,None,356000000,356000000,,,,,,,,,112100000,114800000,None,2172000000,2172000000,381000000,None,None,762200000,None,None,82600000,,4.76,0.016,,,,0.171,0.13,327200000,409800000,2.57,2012-12-31,23.92,1695300000,5576000000.0,828600000,298400000,96200000,421700000,421700000,None,24000000,None,617800000,None,None,None,None,None,202200000,None,None,None,0.129,,498800000,329800000,856100000,636500000,None,239800000,None,,,,,0.562,2.842,2.554,,,,,,,,0.0809,,659400000,2025-10-23,annual,2.7,USD,pre-market,137300000,1416600000,0.0428,0.0913,0.069,115.5,1004600000,2047200000,164200000,None,260.05,286.58,5.0584,5592800000,2600400000,1414400000,3646700000,2992400000,2232300000,3000600000,1938900000,31.95,None,306.84,189.46
2025-12-28,LHX,9.29,21739999000.0,31.95,None,0.656,104.36,,None,366900000,366900000,,,,,,,,,123100000,126300000,None,2172000000,2172000000,450800000,None,None,893800000,None,None,82600000,,4.76,0.016,,,,0.171,0.13,327200000,409800000,2.57,2011-12-31,23.92,2381400000,5576000000.0,828600000,298400000,96200000,502400000,502400000,None,24000000,None,720800000,None,None,None,None,None,202200000,None,None,None,0.129,,498800000,329800000,235300000,562000000,None,222200000,None,,,,,0.562,2.842,2.554,,,,,,,,0.0809,,872800000,2025-10-23,annual,2.7,USD,pre-market,137300000,1889000000,0.0428,0.0913,0.069,115.5,1004600000,2072100000,184900000,None,260.05,286.58,5.0584,6172800000,2216800000,1430500000,3660800000,3956000000,2230300000,3000600000,2502000000,31.95,None,306.84,189.46
2025-12-28,LHX,9.29,21739999000.0,31.95,None,0.656,104.36,,None,455200000,455200000,,,,,,,,,127500000,130000000,None,2172000000,2172000000,329400000,None,None,742400000,None,None,82600000,,4.76,0.016,,,,0.171,0.13,327200000,409800000,2.57,2010-12-31,23.92,1576200000,5576000000.0,828600000,298400000,96200000,297800000,297800000,None,24000000,None,615300000,None,None,None,None,None,202200000,None,None,None,0.129,,498800000,329800000,178100000,498300000,None,192700000,None,,,,,0.562,2.842,2.554,,,,,,,,0.0809,,609700000,2025-10-23,annual,2.7,USD,pre-market,137300000,1621400000,0.0428,0.0913,0.069,115.5,1004600000,1207300000,30700000,None,260.05,286.58,5.0584,4743600000,2004600000,1051800000,2553500000,2739000000,1501700000,3000600000,2189600000,31.95,None,306.84,189.46
2025-12-28,LHX,9.29,21739999000.0,31.95,None,0.656,104.36,,None,281200000,281200000,,,,,,,,,131400000,133200000,None,2172000000,2172000000,368000000,None,None,791800000,None,None,82600000,,4.76,0.016,,,,0.171,0.13,327200000,409800000,2.57,2009-12-31,23.92,1507100000,5576000000.0,828600000,298400000,96200000,335600000,335600000,None,24000000,None,607200000,None,None,None,None,None,202200000,None,None,None,0.129,,498800000,329800000,179200000,513600000,None,None,None,,,,,0.562,2.842,2.554,,,,,,,,0.0809,,None,2025-10-23,annual,2.7,USD,pre-market,137300000,1322800000,0.0428,0.0913,0.069,115.5,1004600000,1283700000,106400000,3300000,260.05,286.58,5.0584,4465100000,1859400000,1109700000,2596000000,2605700000,1486300000,3000600000,1869100000,31.95,None,306.84,189.46
2025-12-28,LHX,9.29,21739999000.0,31.95,None,0.656,104.36,,None,274500000,274500000,,,,,,,,,133600000,136500000,None,2172000000,2172000000,309300000,None,None,679900000,None,None,82600000,,4.76,0.016,,,,0.171,0.13,327200000,409800000,2.57,2008-12-31,23.92,1262500000,5576000000.0,828600000,298400000,96200000,236900000,236900000,None,24000000,None,476000000,None,None,None,None,None,202200000,None,None,None,0.129,,498800000,329800000,602800000,558300000,None,None,None,,,,,0.562,2.842,2.554,,,,,,,,0.0809,,None,2025-10-23,annual,2.7,USD,pre-market,137300000,1660800000,0.0428,0.0913,0.069,115.5,1004600000,829000000,1000000,19300000,260.05,286.58,5.0584,4627500000,2052500000,991200000,2353500000,2575000000,1362300000,3000600000,2274000000,31.95,None,306.84,189.46
2025-12-28,LHX,9.29,21739999000.0,31.95,None,0.656,104.36,,None,368300000,368300000,,,,,,,,,129600000,140058309,None,2172000000,2172000000,350000000,None,None,748500000,None,None,82600000,,4.76,0.016,,,,0.171,0.13,327200000,409800000,2.57,2007-12-31,23.92,1525200000,5576000000.0,828600000,298400000,96200000,417900000,417900000,None,24000000,None,556800000,None,None,None,None,None,202200000,None,None,None,0.129,,498800000,329800000,94300000,632500000,None,None,None,,,,,0.562,2.842,2.554,,,,,,,,0.0809,,None,2025-10-23,annual,2.7,USD,pre-market,137300000,1472500000,0.0428,0.0913,0.069,115.5,1004600000,1128700000,719800000,60900000,260.05,286.58,5.0584,4406000000,1828800000,1638100000,2175300000,2577200000,537200000,3000600000,1903800000,31.95,None,306.84,189.46
2025-12-28,LHX,9.29,21739999000.0,31.95,None,0.656,104.36,,None,181300000,181300000,,,,,,,,,132800000,141600000,None,2172000000,2172000000,235600000,None,None,560600000,None,None,82600000,,4.76,0.016,,,,0.171,0.13,327200000,409800000,2.57,2006-12-31,23.92,951100000,5576000000.0,828600000,298400000,96200000,193400000,193400000,None,24000000,None,468900000,None,None,None,None,None,202200000,None,None,None,0.129,,498800000,329800000,105000000,351400000,None,None,None,,,,,0.562,2.842,2.554,,,,,,,,0.0809,,None,2025-10-23,annual,2.7,USD,pre-market,137300000,1252800000,0.0428,0.0913,0.069,115.5,1004600000,701100000,1600000,123100000,260.05,286.58,5.0584,3142300000,1438900000,717900000,1480200000,1703400000,762300000,3000600000,1662100000,31.95,None,306.84,189.46
2025-12-28,LHX,9.29,21739999000.0,31.95,None,0.656,104.36,,None,377600000,377600000,,,,,,,,,132900000,138493151,None,2172000000,2172000000,163700000,None,None,494000000,None,None,82600000,,4.76,0.016,,,,0.171,0.13,327200000,409800000,2.57,2005-12-31,23.92,569900000,5576000000.0,828600000,298400000,96200000,99100000,99100000,None,24000000,None,347800000,None,None,None,None,None,202200000,None,None,None,0.129,,498800000,329800000,96000000,288400000,None,None,None,,,,,0.562,2.842,2.554,,,,,,,,0.0809,,None,2025-10-23,annual,2.7,USD,pre-market,137300000,1093700000,0.0428,0.0913,0.069,115.5,1004600000,405600000,4200000,None,260.05,286.58,5.0584,2457400000,1315400000,590200000,1018300000,1142000000,428100000,3000600000,1439100000,31.95,None,306.84,189.46
2025-12-28,LHX,9.29,21739999000.0,31.95,None,0.656,104.36,119000000,None,377600000,377600000,-560000000,-129000000,None,None,-33000000,None,None,None,132900000,138493151,None,2172000000,2172000000,163700000,None,None,494000000,None,None,82600000,309000000,4.76,0.016,225000000,225000000,None,0.171,0.13,327200000,409800000,2.57,2025-09-30,23.92,569900000,5576000000.0,828600000,298400000,96200000,99100000,99100000,None,24000000,None,347800000,None,None,None,None,None,462000000,None,None,None,0.129,546000000,498800000,329800000,96000000,288400000,None,None,None,None,None,None,None,0.562,2.842,2.554,None,None,None,None,None,-176000000,None,0.0809,None,None,2025-10-23,quarterly,2.7,USD,pre-market,137300000,1093700000,0.0428,0.0913,0.069,115.5,1004600000,405600000,4200000,None,260.05,286.58,5.0584,2457400000,1315400000,590200000,1018300000,1142000000,428100000,3000600000,1439100000,31.95,None,306.84,189.46
2025-12-28,LHX,9.29,21739999000.0,31.95,None,0.656,104.36,88000000,None,377600000,377600000,-610000000,-78000000,None,None,-6000000,None,None,None,132900000,138493151,None,2172000000,2172000000,163700000,None,None,494000000,None,None,82600000,303000000,4.76,0.016,225000000,225000000,None,0.171,0.13,327200000,409800000,2.57,2025-06-30,23.92,569900000,5576000000.0,828600000,298400000,96200000,99100000,99100000,None,24000000,None,347800000,None,None,None,None,None,458000000,None,None,None,0.129,640000000,498800000,329800000,96000000,288400000,None,None,None,None,None,None,None,0.562,2.842,2.554,None,None,None,None,None,-253000000,None,0.0809,None,None,2025-10-23,quarterly,2.7,USD,pre-market,137300000,1093700000,0.0428,0.0913,0.069,115.5,1004600000,405600000,4200000,None,260.05,286.58,5.0584,2457400000,1315400000,590200000,1018300000,1142000000,428100000,3000600000,1439100000,31.95,None,306.84,189.46
2025-12-28,LHX,9.29,21739999000.0,31.95,None,0.656,104.36,59000000,None,377600000,377600000,-805000000,744000000,None,None,92000000,None,None,None,132900000,138493151,None,2172000000,2172000000,163700000,None,None,494000000,None,None,82600000,301000000,4.76,0.016,228000000,228000000,None,0.171,0.13,327200000,409800000,2.57,2025-03-31,23.92,569900000,5576000000.0,828600000,298400000,96200000,99100000,99100000,None,24000000,None,347800000,None,None,None,None,None,386000000,None,None,None,0.129,-42000000,498800000,329800000,96000000,288400000,None,None,None,None,None,None,None,0.562,2.842,2.554,None,None,None,None,None,-569000000,None,0.0809,None,None,2025-10-23,quarterly,2.7,USD,pre-market,137300000,1093700000,0.0428,0.0913,0.069,115.5,1004600000,405600000,4200000,None,260.05,286.58,5.0584,2457400000,1315400000,590200000,1018300000,1142000000,428100000,3000600000,1439100000,31.95,None,306.84,189.46
2025-12-28,LHX,9.29,21739999000.0,31.95,None,0.656,104.36,118000000,None,377600000,377600000,-915000000,-112000000,None,None,50000000,None,None,None,132900000,138493151,None,2172000000,2172000000,163700000,None,None,494000000,None,None,82600000,326000000,4.76,0.016,221000000,221000000,None,0.171,0.13,327200000,409800000,2.57,2024-12-31,23.92,569900000,5576000000.0,828600000,298400000,96200000,99100000,99100000,None,24000000,None,347800000,None,None,None,None,None,456000000,None,None,None,0.129,1129000000,498800000,329800000,96000000,288400000,None,None,None,None,None,None,None,0.562,2.842,2.554,None,None,None,None,None,-42000000,None,0.0809,None,None,2025-10-23,quarterly,2.7,USD,pre-market,137300000,1093700000,0.0428,0.0913,0.069,115.5,1004600000,405600000,4200000,None,260.05,286.58,5.0584,2457400000,1315400000,590200000,1018300000,1142000000,428100000,3000600000,1439100000,31.95,None,306.84,189.46
2025-12-28,LHX,9.29,21739999000.0,31.95,None,0.656,104.36,78000000,None,377600000,377600000,-709000000,-93000000,None,None,40000000,None,None,None,132900000,138493151,None,2172000000,2172000000,163700000,None,None,494000000,None,None,82600000,324000000,4.76,0.016,220000000,220000000,None,0.171,0.13,327200000,409800000,2.57,2024-09-30,23.92,569900000,5576000000.0,828600000,298400000,96200000,99100000,99100000,None,24000000,None,347800000,None,None,None,None,None,404000000,None,None,None,0.129,780000000,498800000,329800000,96000000,288400000,None,None,None,None,None,None,None,0.562,2.842,2.554,None,None,None,None,None,-190000000,None,0.0809,None,None,2025-10-23,quarterly,2.7,USD,pre-market,137300000,1093700000,0.0428,0.0913,0.069,115.5,1004600000,405600000,4200000,None,260.05,286.58,5.0584,2457400000,1315400000,590200000,1018300000,1142000000,428100000,3000600000,1439100000,31.95,None,306.84,189.46
2025-12-28,LHX,9.29,21739999000.0,31.95,None,0.656,104.36,97000000,None,377600000,377600000,-744000000,58000000,None,None,27000000,None,None,None,132900000,138493151,None,2172000000,2172000000,163700000,None,None,494000000,None,None,82600000,319000000,4.76,0.016,221000000,221000000,None,0.171,0.13,327200000,409800000,2.57,2024-06-30,23.92,569900000,5576000000.0,828600000,298400000,96200000,99100000,99100000,None,24000000,None,347800000,None,None,None,None,None,366000000,None,None,None,0.129,754000000,498800000,329800000,96000000,288400000,None,None,None,None,None,None,None,0.562,2.842,2.554,None,None,None,None,None,-89000000,None,0.0809,None,None,2025-10-23,quarterly,2.7,USD,pre-market,137300000,1093700000,0.0428,0.0913,0.069,115.5,1004600000,405600000,4200000,None,260.05,286.58,5.0584,2457400000,1315400000,590200000,1018300000,1142000000,428100000,3000600000,1439100000,31.95,None,306.84,189.46
2025-12-28,LHX,9.29,21739999000.0,31.95,None,0.656,104.36,115000000,None,377600000,377600000,144000000,-116000000,None,None,-21000000,None,None,None,132900000,138493151,None,2172000000,2172000000,163700000,None,None,494000000,None,None,82600000,320000000,4.76,0.016,224000000,224000000,None,0.171,0.13,327200000,409800000,2.57,2024-03-31,23.92,569900000,5576000000.0,828600000,298400000,96200000,99100000,99100000,None,24000000,None,347800000,None,None,None,None,None,283000000,None,None,None,0.129,-104000000,498800000,329800000,96000000,288400000,None,None,None,None,None,None,None,0.562,2.842,2.554,None,None,None,None,None,-233000000,None,0.0809,None,None,2025-10-23,quarterly,2.7,USD,pre-market,137300000,1093700000,0.0428,0.0913,0.069,115.5,1004600000,405600000,4200000,None,260.05,286.58,5.0584,2457400000,1315400000,590200000,1018300000,1142000000,428100000,3000600000,1439100000,31.95,None,306.84,189.46
2025-12-28,LHX,9.29,21739999000.0,31.95,None,0.656,104.36,137000000,None,377600000,377600000,-660000000,-83000000,None,None,13000000,None,None,None,132900000,138493151,None,2172000000,2172000000,163700000,None,None,494000000,None,None,82600000,350000000,4.76,0.016,216000000,216000000,None,0.171,0.13,327200000,409800000,2.57,2023-12-31,23.92,569900000,5576000000.0,828600000,298400000,96200000,99100000,99100000,None,24000000,None,347800000,None,None,None,None,None,158000000,None,None,None,0.129,789000000,498800000,329800000,96000000,288400000,None,None,None,None,None,None,None,0.562,2.842,2.554,None,None,None,None,None,2000000,None,0.0809,None,None,2025-10-23,quarterly,2.7,USD,pre-market,137300000,1093700000,0.0428,0.0913,0.069,115.5,1004600000,405600000,4200000,None,260.05,286.58,5.0584,2457400000,1315400000,590200000,1018300000,1142000000,428100000,3000600000,1439100000,31.95,None,306.84,189.46
2025-12-28,LHX,9.29,21739999000.0,31.95,None,0.656,104.36,148000000,None,377600000,377600000,4460000000,-6938000000,None,None,-96000000,None,None,None,132900000,138493151,None,2172000000,2172000000,163700000,None,None,494000000,None,None,82600000,310000000,4.76,0.016,216000000,216000000,None,0.171,0.13,327200000,409800000,2.57,2023-09-30,23.92,569900000,5576000000.0,828600000,298400000,96200000,99100000,99100000,None,24000000,None,347800000,None,None,None,None,None,382000000,None,None,None,0.129,543000000,498800000,329800000,96000000,288400000,None,None,None,None,None,None,None,0.562,2.842,2.554,None,None,None,None,None,-528000000,None,0.0809,None,None,2025-10-23,quarterly,2.7,USD,pre-market,137300000,1093700000,0.0428,0.0913,0.069,115.5,1004600000,405600000,4200000,None,260.05,286.58,5.0584,2457400000,1315400000,590200000,1018300000,1142000000,428100000,3000600000,1439100000,31.95,None,306.84,189.46
2025-12-28,LHX,9.29,21739999000.0,31.95,None,0.656,104.36,93000000,None,377600000,377600000,-567000000,-2074000000,None,None,-13000000,None,None,None,132900000,138493151,None,2172000000,2172000000,163700000,None,None,494000000,None,None,82600000,256000000,4.76,0.016,216000000,216000000,None,0.171,0.13,327200000,409800000,2.57,2023-06-30,23.92,569900000,5576000000.0,828600000,298400000,96200000,99100000,99100000,None,24000000,None,347800000,None,None,None,None,None,351000000,None,None,None,0.129,414000000,498800000,329800000,96000000,288400000,None,None,None,None,None,None,None,0.562,2.842,2.554,None,None,None,None,None,-122000000,None,0.0809,None,None,2025-10-23,quarterly,2.7,USD,pre-market,137300000,1093700000,0.0428,0.0913,0.069,115.5,1004600000,405600000,4200000,None,260.05,286.58,5.0584,2457400000,1315400000,590200000,1018300000,1142000000,428100000,3000600000,1439100000,31.95,None,306.84,189.46
2025-12-28,LHX,9.29,21739999000.0,31.95,None,0.656,104.36,71000000,None,377600000,377600000,1361000000,-2048000000,None,None,-86000000,None,None,None,132900000,138493151,None,2172000000,2172000000,163700000,None,None,494000000,None,None,82600000,250000000,4.76,0.016,220000000,220000000,None,0.171,0.13,327200000,409800000,2.57,2023-03-31,23.92,569900000,5576000000.0,828600000,298400000,96200000,99100000,99100000,None,24000000,None,347800000,None,None,None,None,None,339000000,None,None,None,0.129,350000000,498800000,329800000,96000000,288400000,None,None,None,None,None,None,None,0.562,2.842,2.554,None,None,None,None,None,-396000000,None,0.0809,None,None,2025-10-23,quarterly,2.7,USD,pre-market,137300000,1093700000,0.0428,0.0913,0.069,115.5,1004600000,405600000,4200000,None,260.05,286.58,5.0584,2457400000,1315400000,590200000,1018300000,1142000000,428100000,3000600000,1439100000,31.95,None,306.84,189.46
2025-12-28,LHX,9.29,21739999000.0,31.95,None,0.656,104.36,71000000,None,377600000,377600000,-385000000,-250000000,None,None,47000000,None,None,None,132900000,138493151,None,2172000000,2172000000,163700000,None,None,494000000,None,None,82600000,241000000,4.76,0.016,214000000,214000000,None,0.171,0.13,327200000,409800000,2.57,2022-12-31,23.92,569900000,5576000000.0,828600000,298400000,96200000,99100000,99100000,None,24000000,None,347800000,None,None,None,None,None,417000000,None,None,None,0.129,782000000,498800000,329800000,96000000,288400000,None,None,None,None,None,None,None,0.562,2.842,2.554,None,None,None,None,None,-183000000,None,0.0809,None,None,2025-10-23,quarterly,2.7,USD,pre-market,137300000,1093700000,0.0428,0.0913,0.069,115.5,1004600000,405600000,4200000,None,260.05,286.58,5.0584,2457400000,1315400000,590200000,1018300000,1142000000,428100000,3000600000,1439100000,31.95,None,306.84,189.46
2025-12-28,LHX,9.29,21739999000.0,31.95,None,0.656,104.36,64000000,None,377600000,377600000,-392000000,-67000000,None,None,-98000000,None,None,None,132900000,138493151,None,2172000000,2172000000,163700000,None,None,494000000,None,None,82600000,232000000,4.76,0.016,215000000,215000000,None,0.171,0.13,327200000,409800000,2.57,2022-09-30,23.92,569900000,5576000000.0,828600000,298400000,96200000,99100000,99100000,None,24000000,None,347800000,None,None,None,None,None,-301000000,None,None,None,0.129,588000000,498800000,329800000,96000000,288400000,None,None,None,None,None,None,None,0.562,2.842,2.554,None,None,None,None,None,-171000000,None,0.0809,None,None,2025-10-23,quarterly,2.7,USD,pre-market,137300000,1093700000,0.0428,0.0913,0.069,115.5,1004600000,405600000,4200000,None,260.05,286.58,5.0584,2457400000,1315400000,590200000,1018300000,1142000000,428100000,3000600000,1439100000,31.95,None,306.84,189.46
2025-12-28,LHX,9.29,21739999000.0,31.95,None,0.656,104.36,62000000,None,377600000,377600000,-661000000,-57000000,None,None,-151000000,None,None,None,132900000,138493151,None,2172000000,2172000000,163700000,None,None,494000000,None,None,82600000,233000000,4.76,0.016,217000000,217000000,None,0.171,0.13,327200000,409800000,2.57,2022-06-30,23.92,569900000,5576000000.0,828600000,298400000,96200000,99100000,99100000,None,24000000,None,347800000,None,None,None,None,None,470000000,None,None,None,0.129,749000000,498800000,329800000,96000000,288400000,None,None,None,None,None,None,None,0.562,2.842,2.554,None,None,None,None,None,-421000000,None,0.0809,None,None,2025-10-23,quarterly,2.7,USD,pre-market,137300000,1093700000,0.0428,0.0913,0.069,115.5,1004600000,405600000,4200000,None,260.05,286.58,5.0584,2457400000,1315400000,590200000,1018300000,1142000000,428100000,3000600000,1439100000,31.95,None,306.84,189.46
2025-12-28,LHX,9.29,21739999000.0,31.95,None,0.656,104.36,55000000,None,377600000,377600000,-513000000,-64000000,None,None,-108000000,None,None,None,132900000,138493151,None,2172000000,2172000000,163700000,None,None,494000000,None,None,82600000,232000000,4.76,0.016,218000000,218000000,None,0.171,0.13,327200000,409800000,2.57,2022-03-31,23.92,569900000,5576000000.0,828600000,298400000,96200000,99100000,99100000,None,24000000,None,347800000,None,None,None,None,None,475000000,None,None,None,0.129,39000000,498800000,329800000,96000000,288400000,None,None,None,None,None,None,None,0.562,2.842,2.554,None,None,None,None,None,-308000000,None,0.0809,None,None,2025-10-23,quarterly,2.7,USD,pre-market,137300000,1093700000,0.0428,0.0913,0.069,115.5,1004600000,405600000,4200000,None,260.05,286.58,5.0584,2457400000,1315400000,590200000,1018300000,1142000000,428100000,3000600000,1439100000,31.95,None,306.84,189.46
2025-12-28,LHX,9.29,21739999000.0,31.95,None,0.656,104.36,135000000,None,377600000,377600000,-1000000000,-6000000,None,None,40000000,None,None,None,132900000,138493151,None,2172000000,2172000000,163700000,None,None,494000000,None,None,82600000,244000000,4.76,0.016,199000000,199000000,None,0.171,0.13,327200000,409800000,2.57,2021-12-31,23.92,569900000,5576000000.0,828600000,298400000,96200000,99100000,99100000,None,24000000,None,347800000,None,None,None,None,None,484000000,None,None,None,0.129,822000000,498800000,329800000,96000000,288400000,None,None,None,None,None,None,None,0.562,2.842,2.554,None,None,None,None,None,-800000000,None,0.0809,None,None,2025-10-23,quarterly,2.7,USD,pre-market,137300000,1093700000,0.0428,0.0913,0.069,115.5,1004600000,405600000,4200000,None,260.05,286.58,5.0584,2457400000,1315400000,590200000,1018300000,1142000000,428100000,3000600000,1439100000,31.95,None,306.84,189.46
2025-12-28,LHX,9.29,21739999000.0,31.95,None,0.656,104.36,79000000,None,377600000,377600000,-1476000000,93000000,None,None,-154000000,None,None,None,132900000,138493151,None,2172000000,2172000000,163700000,None,None,494000000,None,None,82600000,239000000,4.76,0.016,202000000,202000000,None,0.171,0.13,327200000,409800000,2.57,2021-09-30,23.92,569900000,5576000000.0,828600000,298400000,96200000,99100000,99100000,None,24000000,None,347800000,None,None,None,None,None,479000000,None,None,None,0.129,484000000,498800000,329800000,96000000,288400000,None,None,None,None,None,None,None,0.562,2.842,2.554,None,None,None,None,None,-1325000000,None,0.0809,None,None,2025-10-23,quarterly,2.7,USD,pre-market,137300000,1093700000,0.0428,0.0913,0.069,115.5,1004600000,405600000,4200000,None,260.05,286.58,5.0584,2457400000,1315400000,590200000,1018300000,1142000000,428100000,3000600000,1439100000,31.95,None,306.84,189.46
2025-12-28,LHX,9.29,21739999000.0,31.95,None,0.656,104.36,61000000,None,377600000,377600000,-1037000000,1368000000,None,None,-15000000,None,None,None,132900000,138493151,None,2172000000,2172000000,163700000,None,None,494000000,None,None,82600000,233000000,4.76,0.016,207000000,207000000,None,0.171,0.13,327200000,409800000,2.57,2021-06-30,23.92,569900000,5576000000.0,828600000,298400000,96200000,99100000,99100000,None,24000000,None,347800000,None,None,None,None,None,413000000,None,None,None,0.129,720000000,498800000,329800000,96000000,288400000,None,None,None,None,None,None,None,0.562,2.842,2.554,None,None,None,None,None,-850000000,None,0.0809,None,None,2025-10-23,quarterly,2.7,USD,pre-market,137300000,1093700000,0.0428,0.0913,0.069,115.5,1004600000,405600000,4200000,None,260.05,286.58,5.0584,2457400000,1315400000,590200000,1018300000,1142000000,428100000,3000600000,1439100000,31.95,None,306.84,189.46
2025-12-28,LHX,9.29,21739999000.0,31.95,None,0.656,104.36,67000000,None,377600000,377600000,-900000000,-61000000,None,None,61000000,None,None,None,132900000,138493151,None,2172000000,2172000000,163700000,None,None,494000000,None,None,82600000,251000000,4.76,0.016,209000000,209000000,None,0.171,0.13,327200000,409800000,2.57,2021-03-31,23.92,569900000,5576000000.0,828600000,298400000,96200000,99100000,99100000,None,24000000,None,347800000,None,None,None,None,None,466000000,None,None,None,0.129,661000000,498800000,329800000,96000000,288400000,None,None,None,None,None,None,None,0.562,2.842,2.554,None,None,None,None,None,-700000000,None,0.0809,None,None,2025-10-23,quarterly,2.7,USD,pre-market,137300000,1093700000,0.0428,0.0913,0.069,115.5,1004600000,405600000,4200000,None,260.05,286.58,5.0584,2457400000,1315400000,590200000,1018300000,1142000000,428100000,3000600000,1439100000,31.95,None,306.84,189.46
2025-12-28,LHX,9.29,21739999000.0,31.95,None,0.656,104.36,174000000,None,377600000,377600000,-739000000,-47000000,-88000000,None,-79000000,None,None,-215000000,132900000,138493151,None,2172000000,2172000000,163700000,None,None,494000000,None,None,82600000,264000000,4.76,0.016,179000000,179000000,None,0.171,0.13,327200000,409800000,2.57,2020-12-31,23.92,569900000,5576000000.0,828600000,298400000,96200000,99100000,99100000,None,24000000,None,347800000,None,None,None,None,None,184000000,None,None,None,0.129,698000000,498800000,329800000,96000000,288400000,None,None,None,None,None,None,None,0.562,2.842,2.554,None,None,None,None,None,-440000000,None,0.0809,None,None,2025-10-23,quarterly,2.7,USD,pre-market,137300000,1093700000,0.0428,0.0913,0.069,115.5,1004600000,405600000,4200000,None,260.05,286.58,5.0584,2457400000,1315400000,590200000,1018300000,1142000000,428100000,3000600000,1439100000,31.95,None,306.84,189.46
2025-12-28,LHX,9.29,21739999000.0,31.95,None,0.656,104.36,86000000,None,377600000,377600000,-1331000000,-47000000,-621000000,None,-36000000,None,None,24000000,132900000,138493151,None,2172000000,2172000000,163700000,None,None,494000000,None,None,82600000,253000000,4.76,0.016,179000000,179000000,None,0.171,0.13,327200000,409800000,2.57,2020-09-30,23.92,569900000,5576000000.0,828600000,298400000,96200000,99100000,99100000,None,24000000,None,347800000,None,None,None,None,None,430000000,None,None,None,0.129,757000000,498800000,329800000,96000000,288400000,None,None,None,None,None,None,None,0.562,2.842,2.554,None,None,None,None,None,-1150000000,None,0.0809,None,None,2025-10-23,quarterly,2.7,USD,pre-market,137300000,1093700000,0.0428,0.0913,0.069,115.5,1004600000,405600000,4200000,None,260.05,286.58,5.0584,2457400000,1315400000,590200000,1018300000,1142000000,428100000,3000600000,1439100000,31.95,None,306.84,189.46
2025-12-28,LHX,9.29,21739999000.0,31.95,None,0.656,104.36,60000000,None,377600000,377600000,-430000000,903000000,1275000000,None,135000000,None,None,105000000,132900000,138493151,None,2172000000,2172000000,163700000,None,None,494000000,None,None,82600000,285000000,4.76,0.016,184000000,184000000,None,0.171,0.13,327200000,409800000,2.57,2020-06-30,23.92,569900000,5576000000.0,828600000,298400000,96200000,99100000,99100000,None,24000000,None,347800000,None,None,None,None,None,278000000,None,None,None,0.129,802000000,498800000,329800000,96000000,288400000,None,None,None,None,None,None,None,0.562,2.842,2.554,None,None,None,None,None,-700000000,None,0.0809,None,None,2025-10-23,quarterly,2.7,USD,pre-market,137300000,1093700000,0.0428,0.0913,0.069,115.5,1004600000,405600000,4200000,None,260.05,286.58,5.0584,2457400000,1315400000,590200000,1018300000,1142000000,428100000,3000600000,1439100000,31.95,None,306.84,189.46
2025-12-28,LHX,9.29,21739999000.0,31.95,None,0.656,104.36,48000000,None,377600000,377600000,-612000000,-58000000,-137000000,None,40000000,None,None,-164000000,132900000,138493151,None,2172000000,2172000000,163700000,None,None,494000000,None,None,82600000,230000000,4.76,0.016,183000000,183000000,None,0.171,0.13,327200000,409800000,2.57,2020-03-31,23.92,569900000,5576000000.0,828600000,298400000,96200000,99100000,99100000,None,24000000,None,347800000,None,None,None,None,None,194000000,None,None,None,0.129,533000000,498800000,329800000,96000000,288400000,None,None,None,None,None,None,None,0.562,2.842,2.554,None,None,None,None,None,-700000000,None,0.0809,None,None,2025-10-23,quarterly,2.7,USD,pre-market,137300000,1093700000,0.0428,0.0913,0.069,115.5,1004600000,405600000,4200000,None,260.05,286.58,5.0584,2457400000,1315400000,590200000,1018300000,1142000000,428100000,3000600000,1439100000,31.95,None,306.84,189.46
2025-12-28,LHX,9.29,21739999000.0,31.95,None,0.656,104.36,89000000,None,377600000,377600000,-957000000,-94000000,None,None,83000000,None,None,None,132900000,138493151,None,2172000000,2172000000,163700000,None,None,494000000,None,None,82600000,241000000,4.76,0.016,160000000,160000000,None,0.171,0.13,327200000,409800000,2.57,2019-12-31,23.92,569900000,5576000000.0,828600000,298400000,96200000,99100000,99100000,None,24000000,None,347800000,None,None,None,None,None,399000000,None,None,None,0.129,858000000,498800000,329800000,96000000,288400000,None,None,None,None,None,None,None,0.562,2.842,2.554,None,None,None,None,None,-750000000,None,0.0809,None,None,2025-10-23,quarterly,2.7,USD,pre-market,137300000,1093700000,0.0428,0.0913,0.069,115.5,1004600000,405600000,4200000,None,260.05,286.58,5.0584,2457400000,1315400000,590200000,1018300000,1142000000,428100000,3000600000,1439100000,31.95,None,306.84,189.46
2025-12-28,LHX,9.29,21739999000.0,31.95,None,0.656,104.36,84000000,None,377600000,377600000,-1014000000,1414000000,481000000,None,75000000,None,None,31000000,132900000,138493151,None,2172000000,2172000000,163700000,None,None,494000000,None,None,82600000,201000000,4.76,0.016,177000000,177000000,None,0.171,0.13,327200000,409800000,2.57,2019-09-30,23.92,569900000,5576000000.0,828600000,298400000,96200000,99100000,99100000,None,24000000,None,347800000,None,None,None,None,None,435000000,None,None,None,0.129,81000000,498800000,329800000,96000000,288400000,None,None,None,None,None,None,None,0.562,2.842,2.554,None,None,None,None,None,-750000000,None,0.0809,None,None,2025-10-23,quarterly,2.7,USD,pre-market,137300000,1093700000,0.0428,0.0913,0.069,115.5,1004600000,405600000,4200000,None,260.05,286.58,5.0584,2457400000,1315400000,590200000,1018300000,1142000000,428100000,3000600000,1439100000,31.95,None,306.84,189.46
2025-12-28,LHX,9.29,21739999000.0,31.95,None,0.656,104.36,57000000,None,377600000,377600000,-59000000,-55000000,196000000,-1000000,21000000,None,None,22000000,132900000,138493151,None,2172000000,2172000000,163700000,None,None,494000000,None,None,82600000,65000000,4.76,0.016,81000000,81000000,None,0.171,0.13,327200000,409800000,2.57,2019-06-30,23.92,569900000,5576000000.0,828600000,298400000,96200000,99100000,99100000,None,24000000,None,347800000,None,None,None,None,None,268000000,None,None,None,0.129,311000000,498800000,329800000,96000000,288400000,None,None,None,None,None,None,None,0.562,2.842,2.554,None,None,None,None,None,-22000000,None,0.0809,None,None,2025-10-23,quarterly,2.7,USD,pre-market,137300000,1093700000,0.0428,0.0913,0.069,115.5,1004600000,405600000,4200000,None,260.05,286.58,5.0584,2457400000,1315400000,590200000,1018300000,1142000000,428100000,3000600000,1439100000,31.95,None,306.84,189.46
2025-12-28,LHX,9.29,21739999000.0,31.95,None,0.656,104.36,37000000,None,377600000,377600000,-380000000,-37000000,-9000000,3000000,-8000000,None,None,-41000000,132900000,138493151,None,2172000000,2172000000,163700000,None,None,494000000,None,None,82600000,64000000,4.76,0.016,81000000,81000000,None,0.171,0.13,327200000,409800000,2.57,2019-03-31,23.92,569900000,5576000000.0,828600000,298400000,96200000,99100000,99100000,None,24000000,None,347800000,None,None,None,None,None,243000000,None,None,None,0.129,405000000,498800000,329800000,96000000,288400000,None,None,None,None,None,None,None,0.562,2.842,2.554,None,None,None,None,None,-200000000,None,0.0809,None,None,2025-10-23,quarterly,2.7,USD,pre-market,137300000,1093700000,0.0428,0.0913,0.069,115.5,1004600000,405600000,4200000,None,260.05,286.58,5.0584,2457400000,1315400000,590200000,1018300000,1142000000,428100000,3000600000,1439100000,31.95,None,306.84,189.46
2025-12-28,LHX,9.29,21739999000.0,31.95,None,0.656,104.36,36000000,None,377600000,377600000,-273000000,-36000000,38000000,-5000000,-11000000,None,None,62000000,132900000,138493151,None,2172000000,2172000000,163700000,None,None,494000000,None,None,82600000,64000000,4.76,0.016,81000000,81000000,None,0.171,0.13,327200000,409800000,2.57,2018-12-31,23.92,569900000,5576000000.0,828600000,298400000,96200000,99100000,99100000,None,24000000,None,347800000,None,None,None,None,None,225000000,None,None,None,0.129,352000000,498800000,329800000,96000000,288400000,None,None,None,None,None,None,None,0.562,2.842,2.554,None,None,None,None,None,-200000000,None,0.0809,None,None,2025-10-23,quarterly,2.7,USD,pre-market,137300000,1093700000,0.0428,0.0913,0.069,115.5,1004600000,405600000,4200000,None,260.05,286.58,5.0584,2457400000,1315400000,590200000,1018300000,1142000000,428100000,3000600000,1439100000,31.95,None,306.84,189.46
2025-12-28,LHX,9.29,21739999000.0,31.95,None,0.656,104.36,31000000,None,377600000,377600000,-69000000,-31000000,17000000,0,-3000000,None,None,-34000000,132900000,138493151,None,2172000000,2172000000,163700000,None,None,494000000,None,None,82600000,65000000,4.76,0.016,82000000,82000000,None,0.171,0.13,327200000,409800000,2.57,2018-09-30,23.92,569900000,5576000000.0,828600000,298400000,96200000,99100000,99100000,None,24000000,None,347800000,None,None,None,None,None,213000000,None,None,None,0.129,117000000,498800000,329800000,96000000,288400000,None,None,None,None,None,None,None,0.562,2.842,2.554,None,None,None,None,None,-200000000,None,0.0809,None,None,2025-10-23,quarterly,2.7,USD,pre-market,137300000,1093700000,0.0428,0.0913,0.069,115.5,1004600000,405600000,4200000,None,260.05,286.58,5.0584,2457400000,1315400000,590200000,1018300000,1142000000,428100000,3000600000,1439100000,31.95,None,306.84,189.46
2025-12-28,LHX,9.29,21739999000.0,31.95,None,0.656,104.36,57000000,None,377600000,377600000,-609000000,-60000000,-155000000,-7000000,38000000,None,None,8000000,132900000,138493151,None,2172000000,2172000000,163700000,None,None,494000000,None,None,82600000,67000000,4.76,0.016,67000000,67000000,None,0.171,0.13,327200000,409800000,2.57,2018-06-30,23.92,569900000,5576000000.0,828600000,298400000,96200000,99100000,99100000,None,24000000,None,347800000,None,None,None,None,None,217000000,None,None,None,0.129,521000000,498800000,329800000,96000000,288400000,None,None,None,None,None,None,None,0.562,2.842,2.554,None,None,None,None,None,-75000000,None,0.0809,None,None,2025-10-23,quarterly,2.7,USD,pre-market,137300000,1093700000,0.0428,0.0913,0.069,115.5,1004600000,405600000,4200000,None,260.05,286.58,5.0584,2457400000,1315400000,590200000,1018300000,1142000000,428100000,3000600000,1439100000,31.95,None,306.84,189.46
2025-12-28,LHX,9.29,21739999000.0,31.95,None,0.656,104.36,36000000,None,377600000,377600000,198000000,-36000000,21000000,2000000,-13000000,None,None,-101000000,132900000,138493151,None,2172000000,2172000000,163700000,None,None,494000000,None,None,82600000,62000000,4.76,0.016,68000000,68000000,None,0.171,0.13,327200000,409800000,2.57,2018-03-31,23.92,569900000,5576000000.0,828600000,298400000,96200000,99100000,99100000,None,24000000,None,347800000,None,None,None,None,None,196000000,None,None,None,0.129,-143000000,498800000,329800000,96000000,288400000,None,None,None,None,None,None,None,0.562,2.842,2.554,None,None,None,None,None,-47000000,None,0.0809,None,None,2025-10-23,quarterly,2.7,USD,pre-market,137300000,1093700000,0.0428,0.0913,0.069,115.5,1004600000,405600000,4200000,None,260.05,286.58,5.0584,2457400000,1315400000,590200000,1018300000,1142000000,428100000,3000600000,1439100000,31.95,None,306.84,189.46
2025-12-28,LHX,9.29,21739999000.0,31.95,None,0.656,104.36,20000000,None,377600000,377600000,-220000000,-22000000,34000000,-2000000,1000000,None,None,64000000,132900000,138493151,None,2172000000,2172000000,163700000,None,None,494000000,None,None,82600000,65000000,4.76,0.016,68000000,68000000,None,0.171,0.13,327200000,409800000,2.57,2017-12-31,23.92,569900000,5576000000.0,828600000,298400000,96200000,99100000,99100000,None,24000000,None,347800000,None,None,None,None,None,131000000,None,None,None,0.129,278000000,498800000,329800000,96000000,288400000,None,None,None,None,None,None,None,0.562,2.842,2.554,None,None,None,None,None,-75000000,None,0.0809,None,None,2025-10-23,quarterly,2.7,USD,pre-market,137300000,1093700000,0.0428,0.0913,0.069,115.5,1004600000,405600000,4200000,None,260.05,286.58,5.0584,2457400000,1315400000,590200000,1018300000,1142000000,428100000,3000600000,1439100000,31.95,None,306.84,189.46
2025-12-28,LHX,9.29,21739999000.0,31.95,None,0.656,104.36,23000000,None,377600000,377600000,-174000000,-23000000,-96000000,6000000,-24000000,None,None,-83000000,132900000,138493151,None,2172000000,2172000000,163700000,None,None,494000000,None,None,82600000,65000000,4.76,0.016,69000000,69000000,None,0.171,0.13,327200000,409800000,2.57,2017-09-30,23.92,569900000,5576000000.0,828600000,298400000,96200000,99100000,99100000,None,24000000,None,347800000,None,None,None,None,None,159000000,None,None,None,0.129,95000000,498800000,329800000,96000000,288400000,None,None,None,None,None,None,None,0.562,2.842,2.554,None,None,None,None,None,-75000000,None,0.0809,None,None,2025-10-23,quarterly,2.7,USD,pre-market,137300000,1093700000,0.0428,0.0913,0.069,115.5,1004600000,405600000,4200000,None,260.05,286.58,5.0584,2457400000,1315400000,590200000,1018300000,1142000000,428100000,3000600000,1439100000,31.95,None,306.84,189.46
2025-12-28,LHX,9.29,21739999000.0,31.95,None,0.656,104.36,40000000,None,377600000,377600000,-496000000,599000000,182000000,-1000000,54000000,None,None,97000000,132900000,138493151,None,2172000000,2172000000,163700000,None,None,494000000,None,None,82600000,72000000,4.76,0.016,63000000,63000000,None,0.171,0.13,327200000,409800000,2.57,2017-06-30,23.92,569900000,5576000000.0,828600000,298400000,96200000,99100000,99100000,None,24000000,None,347800000,None,None,None,None,None,131000000,None,None,None,0.129,80000000,498800000,329800000,96000000,288400000,None,None,None,None,None,None,None,0.562,2.842,2.554,None,None,None,None,None,-250000000,None,0.0809,None,None,2025-10-23,quarterly,2.7,USD,pre-market,137300000,1093700000,0.0428,0.0913,0.069,115.5,1004600000,405600000,4200000,None,260.05,286.58,5.0584,2457400000,1315400000,590200000,1018300000,1142000000,428100000,3000600000,1439100000,31.95,None,306.84,189.46
2025-12-28,LHX,9.29,21739999000.0,31.95,None,0.656,104.36,30000000,None,377600000,377600000,-601000000,345000000,-59000000,3000000,24000000,None,None,-111000000,132900000,138493151,None,2172000000,2172000000,163700000,None,None,494000000,None,None,82600000,72000000,4.76,0.016,65000000,65000000,None,0.171,0.13,327200000,409800000,2.57,2017-03-31,23.92,569900000,5576000000.0,828600000,298400000,96200000,99100000,99100000,None,24000000,None,347800000,None,None,None,None,None,85000000,None,None,None,0.129,194000000,498800000,329800000,96000000,288400000,None,None,None,None,None,None,None,0.562,2.842,2.554,None,None,None,None,None,-360000000,None,0.0809,None,None,2025-10-23,quarterly,2.7,USD,pre-market,137300000,1093700000,0.0428,0.0913,0.069,115.5,1004600000,405600000,4200000,None,260.05,286.58,5.0584,2457400000,1315400000,590200000,1018300000,1142000000,428100000,3000600000,1439100000,31.95,None,306.84,189.46
2025-12-28,LHX,9.29,21739999000.0,31.95,None,0.656,104.36,28000000,None,377600000,377600000,-140000000,-28000000,77000000,-7000000,-52000000,None,None,164000000,132900000,138493151,None,2172000000,2172000000,163700000,None,None,494000000,None,None,82600000,81000000,4.76,0.016,66000000,66000000,None,0.171,0.13,327200000,409800000,2.57,2016-12-31,23.92,569900000,5576000000.0,828600000,298400000,96200000,99100000,99100000,None,24000000,None,347800000,None,None,None,None,None,177000000,None,None,None,0.129,252000000,498800000,329800000,96000000,288400000,None,None,None,None,None,None,None,0.562,2.842,2.554,None,None,None,None,None,-100000000,None,0.0809,None,None,2025-10-23,quarterly,2.7,USD,pre-market,137300000,1093700000,0.0428,0.0913,0.069,115.5,1004600000,405600000,4200000,None,260.05,286.58,5.0584,2457400000,1315400000,590200000,1018300000,1142000000,428100000,3000600000,1439100000,31.95,None,306.84,189.46
2025-12-28,LHX,9.29,21739999000.0,31.95,None,0.656,104.36,21000000,None,377600000,377600000,-201000000,-46000000,-203000000,1000000,2000000,None,None,-39000000,132900000,138493151,None,2172000000,2172000000,163700000,None,None,494000000,None,None,82600000,86000000,4.76,0.016,68000000,68000000,None,0.171,0.13,327200000,409800000,2.57,2016-09-30,23.92,569900000,5576000000.0,828600000,298400000,96200000,99100000,99100000,None,24000000,None,347800000,None,None,None,None,None,160000000,None,None,None,0.129,43000000,498800000,329800000,96000000,288400000,None,None,None,None,None,None,None,0.562,2.842,2.554,None,None,None,None,None,-100000000,None,0.0809,None,None,2025-10-23,quarterly,2.7,USD,pre-market,137300000,1093700000,0.0428,0.0913,0.069,115.5,1004600000,405600000,4200000,None,260.05,286.58,5.0584,2457400000,1315400000,590200000,1018300000,1142000000,428100000,3000600000,1439100000,31.95,None,306.84,189.46
2025-12-28,LHX,9.29,21739999000.0,31.95,None,0.656,104.36,68000000,None,377600000,377600000,-333000000,111000000,185000000,-10000000,-6000000,None,None,90000000,132900000,138493151,None,2172000000,2172000000,163700000,None,None,494000000,None,None,82600000,99000000,4.76,0.016,63000000,63000000,None,0.171,0.13,327200000,409800000,2.57,2016-06-30,23.92,569900000,5576000000.0,828600000,298400000,96200000,99100000,99100000,None,24000000,None,347800000,None,None,None,None,None,160000000,None,None,None,0.129,417000000,498800000,329800000,96000000,288400000,None,None,None,None,None,None,None,0.562,2.842,2.554,None,None,None,None,None,1200000,None,0.0809,None,None,2025-10-23,quarterly,2.7,USD,pre-market,137300000,1093700000,0.0428,0.0913,0.069,115.5,1004600000,405600000,4200000,None,260.05,286.58,5.0584,2457400000,1315400000,590200000,1018300000,1142000000,428100000,3000600000,1439100000,31.95,None,306.84,189.46
2025-12-28,LHX,9.29,21739999000.0,31.95,None,0.656,104.36,35000000,None,377600000,377600000,-265000000,-63000000,-209000000,-1000000,69000000,None,None,-118000000,132900000,138493151,None,2172000000,2172000000,163700000,None,None,494000000,None,None,82600000,82000000,4.76,0.016,62000000,62000000,None,0.171,0.13,327200000,409800000,2.57,2016-03-31,23.92,569900000,5576000000.0,828600000,298400000,96200000,99100000,99100000,None,24000000,None,347800000,None,None,None,None,None,168000000,None,None,None,0.129,120000000,498800000,329800000,96000000,288400000,None,None,None,None,None,None,None,0.562,2.842,2.554,None,None,None,None,None,3000000,None,0.0809,None,None,2025-10-23,quarterly,2.7,USD,pre-market,137300000,1093700000,0.0428,0.0913,0.069,115.5,1004600000,405600000,4200000,None,260.05,286.58,5.0584,2457400000,1315400000,590200000,1018300000,1142000000,428100000,3000600000,1439100000,31.95,None,306.84,189.46
2025-12-28,LHX,9.29,21739999000.0,31.95,None,0.656,104.36,25000000,None,377600000,377600000,-103000000,-25000000,191000000,-4000000,17000000,None,None,138000000,132900000,138493151,None,2172000000,2172000000,163700000,None,None,494000000,None,None,82600000,86000000,4.76,0.016,63000000,63000000,None,0.171,0.13,327200000,409800000,2.57,2015-12-31,23.92,569900000,5576000000.0,828600000,298400000,96200000,99100000,99100000,None,24000000,None,347800000,None,None,None,None,None,-152000000,None,None,None,0.129,323000000,498800000,329800000,96000000,288400000,None,None,None,None,None,None,None,0.562,2.842,2.554,None,None,None,None,None,14000000,None,0.0809,None,None,2025-10-23,quarterly,2.7,USD,pre-market,137300000,1093700000,0.0428,0.0913,0.069,115.5,1004600000,405600000,4200000,None,260.05,286.58,5.0584,2457400000,1315400000,590200000,1018300000,1142000000,428100000,3000600000,1439100000,31.95,None,306.84,189.46
2025-12-28,LHX,9.29,21739999000.0,31.95,None,0.656,104.36,24000000,None,377600000,377600000,-192000000,-24000000,None,None,-108000000,None,None,None,132900000,138493151,None,2172000000,2172000000,163700000,None,None,494000000,None,None,82600000,94000000,4.76,0.016,64000000,64000000,None,0.171,0.13,327200000,409800000,2.57,2015-09-30,23.92,569900000,5576000000.0,828600000,298400000,96200000,99100000,99100000,None,24000000,None,347800000,None,None,None,None,None,148000000,None,None,None,0.129,64000000,498800000,329800000,96000000,288400000,None,None,None,None,None,None,None,0.562,2.842,2.554,None,None,None,None,None,-1200000,None,0.0809,None,None,2025-10-23,quarterly,2.7,USD,pre-market,137300000,1093700000,0.0428,0.0913,0.069,115.5,1004600000,405600000,4200000,None,260.05,286.58,5.0584,2457400000,1315400000,590200000,1018300000,1142000000,428100000,3000600000,1439100000,31.95,None,306.84,189.46
2025-12-28,LHX,9.29,21739999000.0,31.95,None,0.656,104.36,45700000,None,377600000,377600000,2708900000,-3188700000,-6700000,14300000,37000000,None,None,69600000,132900000,138493151,None,2172000000,2172000000,163700000,None,None,494000000,None,None,82600000,80100000,4.76,0.016,49300000,49300000,None,0.171,0.13,327200000,409800000,2.57,2015-06-30,23.92,569900000,5576000000.0,828600000,298400000,96200000,99100000,99100000,None,24000000,None,347800000,None,None,None,None,None,-56200000,None,None,None,0.129,458800000,498800000,329800000,96000000,288400000,None,None,None,None,None,None,None,0.562,2.842,2.554,None,None,None,None,None,-1200000,None,0.0809,None,None,2025-10-23,quarterly,2.7,USD,pre-market,137300000,1093700000,0.0428,0.0913,0.069,115.5,1004600000,405600000,4200000,None,260.05,286.58,5.0584,2457400000,1315400000,590200000,1018300000,1142000000,428100000,3000600000,1439100000,31.95,None,306.84,189.46
2025-12-28,LHX,9.29,21739999000.0,31.95,None,0.656,104.36,23000000,None,377600000,377600000,-117000000,-23000000,18200000,-15200000,14000000,None,None,-70700000,132900000,138493151,None,2172000000,2172000000,163700000,None,None,494000000,None,None,82600000,60000000,4.76,0.016,50000000,50000000,None,0.171,0.13,327200000,409800000,2.57,2015-03-31,23.92,569900000,5576000000.0,828600000,298400000,96200000,99100000,99100000,None,24000000,None,347800000,None,None,None,None,None,126000000,None,None,None,0.129,173000000,498800000,329800000,96000000,288400000,None,None,None,None,None,None,None,0.562,2.842,2.554,None,None,None,None,None,-1000000,None,0.0809,None,None,2025-10-23,quarterly,2.7,USD,pre-market,137300000,1093700000,0.0428,0.0913,0.069,115.5,1004600000,405600000,4200000,None,260.05,286.58,5.0584,2457400000,1315400000,590200000,1018300000,1142000000,428100000,3000600000,1439100000,31.95,None,306.84,189.46
2025-12-28,LHX,9.29,21739999000.0,31.95,None,0.656,104.36,38000000,None,377600000,377600000,-69000000,-38000000,20400000,-14200000,-1000000,None,None,21700000,132900000,138493151,None,2172000000,2172000000,163700000,None,None,494000000,None,None,82600000,53000000,4.76,0.016,49000000,49000000,None,0.171,0.13,327200000,409800000,2.57,2014-12-31,23.92,569900000,5576000000.0,828600000,298400000,96200000,99100000,99100000,None,24000000,None,347800000,None,None,None,None,None,139000000,None,None,None,0.129,142000000,498800000,329800000,96000000,288400000,None,None,None,None,None,None,None,0.562,2.842,2.554,None,None,None,None,None,-50000000,None,0.0809,None,None,2025-10-23,quarterly,2.7,USD,pre-market,137300000,1093700000,0.0428,0.0913,0.069,115.5,1004600000,405600000,4200000,None,260.05,286.58,5.0584,2457400000,1315400000,590200000,1018300000,1142000000,428100000,3000600000,1439100000,31.95,None,306.84,189.46
2025-12-28,LHX,9.29,21739999000.0,31.95,None,0.656,104.36,41000000,None,377600000,377600000,-150000000,-34000000,-111900000,-7900000,-30000000,None,None,-37600000,132900000,138493151,None,2172000000,2172000000,163700000,None,None,494000000,None,None,82600000,51000000,4.76,0.016,50000000,50000000,None,0.171,0.13,327200000,409800000,2.57,2014-09-30,23.92,569900000,5576000000.0,828600000,298400000,96200000,99100000,99100000,None,24000000,None,347800000,None,None,None,None,None,125000000,None,None,None,0.129,80000000,498800000,329800000,96000000,288400000,None,None,None,None,None,None,None,0.562,2.842,2.554,None,None,None,None,None,-100000000,None,0.0809,None,None,2025-10-23,quarterly,2.7,USD,pre-market,137300000,1093700000,0.0428,0.0913,0.069,115.5,1004600000,405600000,4200000,None,260.05,286.58,5.0584,2457400000,1315400000,590200000,1018300000,1142000000,428100000,3000600000,1439100000,31.95,None,306.84,189.46
2025-12-28,LHX,9.29,21739999000.0,31.95,None,0.656,104.36,69600000,None,377600000,377600000,-147600000,-46600000,211400000,10400000,55400000,None,None,191600000,132900000,138493151,None,2172000000,2172000000,163700000,None,None,494000000,None,None,82600000,55700000,4.76,0.016,44800000,44800000,None,0.171,0.13,327200000,409800000,2.57,2014-06-30,23.92,569900000,5576000000.0,828600000,298400000,96200000,99100000,99100000,None,24000000,None,347800000,None,None,None,None,None,131200000,None,None,None,0.129,395200000,498800000,329800000,96000000,288400000,None,None,None,None,None,None,None,0.562,2.842,2.554,None,None,None,None,None,-87300000,None,0.0809,None,None,2025-10-23,quarterly,2.7,USD,pre-market,137300000,1093700000,0.0428,0.0913,0.069,115.5,1004600000,405600000,4200000,None,260.05,286.58,5.0584,2457400000,1315400000,590200000,1018300000,1142000000,428100000,3000600000,1439100000,31.95,None,306.84,189.46
2025-12-28,LHX,9.29,21739999000.0,31.95,None,0.656,104.36,58000000,None,377600000,377600000,-93600000,-58000000,15200000,-7700000,14700000,None,None,-73100000,132900000,138493151,None,2172000000,2172000000,163700000,None,None,494000000,None,None,82600000,48200000,4.76,0.016,45100000,45100000,None,0.171,0.13,327200000,409800000,2.57,2014-03-31,23.92,569900000,5576000000.0,828600000,298400000,96200000,99100000,99100000,None,24000000,None,347800000,None,None,None,None,None,141200000,None,None,None,0.129,174500000,498800000,329800000,96000000,288400000,None,None,None,None,None,None,None,0.562,2.842,2.554,None,None,None,None,None,-65300000,None,0.0809,None,None,2025-10-23,quarterly,2.7,USD,pre-market,137300000,1093700000,0.0428,0.0913,0.069,115.5,1004600000,405600000,4200000,None,260.05,286.58,5.0584,2457400000,1315400000,590200000,1018300000,1142000000,428100000,3000600000,1439100000,31.95,None,306.84,189.46
2025-12-28,LHX,9.29,21739999000.0,31.95,None,0.656,104.36,51600000,None,377600000,377600000,-53000000,-51600000,-2800000,-5100000,-32400000,None,None,-23500000,132900000,138493151,None,2172000000,2172000000,163700000,None,None,494000000,None,None,82600000,50400000,4.76,0.016,45100000,45100000,None,0.171,0.13,327200000,409800000,2.57,2013-12-31,23.92,569900000,5576000000.0,828600000,298400000,96200000,99100000,99100000,None,24000000,None,347800000,None,None,None,None,None,136100000,None,None,None,0.129,106900000,498800000,329800000,96000000,288400000,None,None,None,None,None,None,None,0.562,2.842,2.554,None,None,None,None,None,-50100000,None,0.0809,None,None,2025-10-23,quarterly,2.7,USD,pre-market,137300000,1093700000,0.0428,0.0913,0.069,115.5,1004600000,405600000,4200000,None,260.05,286.58,5.0584,2457400000,1315400000,590200000,1018300000,1142000000,428100000,3000600000,1439100000,31.95,None,306.84,189.46
2025-12-28,LHX,9.29,21739999000.0,31.95,None,0.656,104.36,33400000,None,377600000,377600000,-153900000,-6400000,16200000,3900000,12400000,None,None,20800000,132900000,138493151,None,2172000000,2172000000,163700000,None,None,494000000,None,None,82600000,50000000,4.76,0.016,45300000,45300000,None,0.171,0.13,327200000,409800000,2.57,2013-09-30,23.92,569900000,5576000000.0,828600000,298400000,96200000,99100000,99100000,None,24000000,None,347800000,None,None,None,None,None,125700000,None,None,None,0.129,172600000,498800000,329800000,96000000,288400000,None,None,None,None,None,None,None,0.562,2.842,2.554,None,None,None,None,None,-106700000,None,0.0809,None,None,2025-10-23,quarterly,2.7,USD,pre-market,137300000,1093700000,0.0428,0.0913,0.069,115.5,1004600000,405600000,4200000,None,260.05,286.58,5.0584,2457400000,1315400000,590200000,1018300000,1142000000,428100000,3000600000,1439100000,31.95,None,306.84,189.46
2025-12-28,LHX,9.29,21739999000.0,31.95,None,0.656,104.36,46700000,None,377600000,377600000,-401400000,-46700000,-138000000,-9700000,-22400000,None,None,-9700000,132900000,138493151,None,2172000000,2172000000,163700000,None,None,494000000,None,None,82600000,56300000,4.76,0.016,40100000,40100000,None,0.171,0.13,327200000,409800000,2.57,2013-06-30,23.92,569900000,5576000000.0,828600000,298400000,96200000,99100000,99100000,None,24000000,None,347800000,None,None,None,None,None,55400000,None,None,None,0.129,319800000,498800000,329800000,96000000,288400000,None,None,None,None,None,None,None,0.562,2.842,2.554,None,None,None,None,None,-140300000,None,0.0809,None,None,2025-10-23,quarterly,2.7,USD,pre-market,137300000,1093700000,0.0428,0.0913,0.069,115.5,1004600000,405600000,4200000,None,260.05,286.58,5.0584,2457400000,1315400000,590200000,1018300000,1142000000,428100000,3000600000,1439100000,31.95,None,306.84,189.46
2025-12-28,LHX,9.29,21739999000.0,31.95,None,0.656,104.36,48800000,None,377600000,377600000,-199500000,98600000,130900000,-1900000,-21800000,None,None,30400000,132900000,138493151,None,2172000000,2172000000,163700000,None,None,494000000,None,None,82600000,54100000,4.76,0.016,40600000,40600000,None,0.171,0.13,327200000,409800000,2.57,2013-03-31,23.92,569900000,5576000000.0,828600000,298400000,96200000,99100000,99100000,None,24000000,None,347800000,None,None,None,None,None,94300000,None,None,None,0.129,233700000,498800000,329800000,96000000,288400000,None,None,None,None,None,None,None,0.562,2.842,2.554,None,None,None,None,None,-160400000,None,0.0809,None,None,2025-10-23,quarterly,2.7,USD,pre-market,137300000,1093700000,0.0428,0.0913,0.069,115.5,1004600000,405600000,4200000,None,260.05,286.58,5.0584,2457400000,1315400000,590200000,1018300000,1142000000,428100000,3000600000,1439100000,31.95,None,306.84,189.46
2025-12-28,LHX,9.29,21739999000.0,31.95,None,0.656,104.36,39000000,None,377600000,377600000,-122700000,-35000000,1300000,None,33700000,None,None,-20800000,132900000,138493151,None,2172000000,2172000000,163700000,None,None,494000000,None,None,82600000,55400000,4.76,0.016,42100000,42100000,None,0.171,0.13,327200000,409800000,2.57,2012-12-31,23.92,569900000,5576000000.0,828600000,298400000,96200000,99100000,99100000,None,24000000,None,347800000,None,None,None,None,None,44800000,None,None,None,0.129,159000000,498800000,329800000,96000000,288400000,None,None,None,None,None,None,None,0.562,2.842,2.554,None,None,None,None,None,-50300000,None,0.0809,None,None,2025-10-23,quarterly,2.7,USD,pre-market,137300000,1093700000,0.0428,0.0913,0.069,115.5,1004600000,405600000,4200000,None,260.05,286.58,5.0584,2457400000,1315400000,590200000,1018300000,1142000000,428100000,3000600000,1439100000,31.95,None,306.84,189.46
2025-12-28,LHX,9.29,21739999000.0,31.95,None,0.656,104.36,43700000,None,377600000,377600000,-116100000,-36600000,-29200000,3000000,-43600000,None,None,78400000,132900000,138493151,None,2172000000,2172000000,163700000,None,None,494000000,None,None,82600000,54800000,4.76,0.016,41900000,41900000,None,0.171,0.13,327200000,409800000,2.57,2012-09-30,23.92,569900000,5576000000.0,828600000,298400000,96200000,99100000,99100000,None,24000000,None,347800000,None,None,None,None,None,-86000000,None,None,None,0.129,120500000,498800000,329800000,96000000,288400000,None,None,None,None,None,None,None,0.562,2.842,2.554,None,None,None,None,None,-63900000,None,0.0809,None,None,2025-10-23,quarterly,2.7,USD,pre-market,137300000,1093700000,0.0428,0.0913,0.069,115.5,1004600000,405600000,4200000,None,260.05,286.58,5.0584,2457400000,1315400000,590200000,1018300000,1142000000,428100000,3000600000,1439100000,31.95,None,306.84,189.46
2025-12-28,LHX,9.29,21739999000.0,31.95,None,0.656,104.36,58500000,None,377600000,377600000,-247100000,-58600000,57000000,-7000000,-6500000,None,None,63400000,132900000,138493151,None,2172000000,2172000000,163700000,None,None,494000000,None,None,82600000,66300000,4.76,0.016,37400000,37400000,None,0.171,0.13,327200000,409800000,2.57,2012-06-30,23.92,569900000,5576000000.0,828600000,298400000,96200000,99100000,99100000,None,24000000,None,347800000,None,None,None,None,None,128500000,None,None,None,0.129,369700000,498800000,329800000,96000000,288400000,None,None,None,None,None,None,None,0.562,2.842,2.554,None,None,None,None,None,-25100000,None,0.0809,None,None,2025-10-23,quarterly,2.7,USD,pre-market,137300000,1093700000,0.0428,0.0913,0.069,115.5,1004600000,405600000,4200000,None,260.05,286.58,5.0584,2457400000,1315400000,590200000,1018300000,1142000000,428100000,3000600000,1439100000,31.95,None,306.84,189.46
2025-12-28,LHX,9.29,21739999000.0,31.95,None,0.656,104.36,52800000,None,377600000,377600000,-242400000,-53800000,-88000000,3000000,-40200000,None,None,-56900000,132900000,138493151,None,2172000000,2172000000,163700000,None,None,494000000,None,None,82600000,64700000,4.76,0.016,37700000,37700000,None,0.171,0.13,327200000,409800000,2.57,2012-03-31,23.92,569900000,5576000000.0,828600000,298400000,96200000,99100000,99100000,None,24000000,None,347800000,None,None,None,None,None,-354100000,None,None,None,0.129,205200000,498800000,329800000,96000000,288400000,None,None,None,None,None,None,None,0.562,2.842,2.554,None,None,None,None,None,-25200000,None,0.0809,None,None,2025-10-23,quarterly,2.7,USD,pre-market,137300000,1093700000,0.0428,0.0913,0.069,115.5,1004600000,405600000,4200000,None,260.05,286.58,5.0584,2457400000,1315400000,590200000,1018300000,1142000000,428100000,3000600000,1439100000,31.95,None,306.84,189.46
2025-12-28,LHX,9.29,21739999000.0,31.95,None,0.656,104.36,40600000,None,377600000,377600000,-64500000,-54600000,81600000,1400000,-10700000,None,None,62200000,132900000,138493151,None,2172000000,2172000000,163700000,None,None,494000000,None,None,82600000,66000000,4.76,0.016,31900000,31900000,None,0.171,0.13,327200000,409800000,2.57,2011-12-31,23.92,569900000,5576000000.0,828600000,298400000,96200000,99100000,99100000,None,24000000,None,347800000,None,None,None,None,None,132300000,None,None,None,0.129,199300000,498800000,329800000,96000000,288400000,None,None,None,None,None,None,None,0.562,2.842,2.554,None,None,None,None,None,-17000000,None,0.0809,None,None,2025-10-23,quarterly,2.7,USD,pre-market,137300000,1093700000,0.0428,0.0913,0.069,115.5,1004600000,405600000,4200000,None,260.05,286.58,5.0584,2457400000,1315400000,590200000,1018300000,1142000000,428100000,3000600000,1439100000,31.95,None,306.84,189.46
2025-12-28,LHX,9.29,21739999000.0,31.95,None,0.656,104.36,81900000,None,377600000,377600000,-55800000,-81900000,-61500000,-2500000,32200000,None,None,-83900000,132900000,138493151,None,2172000000,2172000000,163700000,None,None,494000000,None,None,82600000,63300000,4.76,0.016,32600000,32600000,None,0.171,0.13,327200000,409800000,2.57,2011-09-30,23.92,569900000,5576000000.0,828600000,298400000,96200000,99100000,99100000,None,24000000,None,347800000,None,None,None,None,None,121100000,None,None,None,0.129,78700000,498800000,329800000,96000000,288400000,None,None,None,None,None,None,None,0.562,2.842,2.554,None,None,None,None,None,-406200000,None,0.0809,None,None,2025-10-23,quarterly,2.7,USD,pre-market,137300000,1093700000,0.0428,0.0913,0.069,115.5,1004600000,405600000,4200000,None,260.05,286.58,5.0584,2457400000,1315400000,590200000,1018300000,1142000000,428100000,3000600000,1439100000,31.95,None,306.84,189.46
2025-12-28,LHX,9.29,21739999000.0,31.95,None,0.656,104.36,128700000,None,377600000,377600000,-129800000,-662900000,-518200000,-1800000,-20100000,None,None,-23300000,132900000,138493151,None,2172000000,2172000000,163700000,None,None,494000000,None,None,82600000,63500000,4.76,0.016,31300000,31300000,None,0.171,0.13,327200000,409800000,2.57,2011-06-30,23.92,569900000,5576000000.0,828600000,298400000,96200000,99100000,99100000,None,24000000,None,347800000,None,None,None,None,None,132900000,None,None,None,0.129,276300000,498800000,329800000,96000000,288400000,None,None,None,None,None,None,None,0.562,2.842,2.554,None,None,None,None,None,-100100000,None,0.0809,None,None,2025-10-23,quarterly,2.7,USD,pre-market,137300000,1093700000,0.0428,0.0913,0.069,115.5,1004600000,405600000,4200000,None,260.05,286.58,5.0584,2457400000,1315400000,590200000,1018300000,1142000000,428100000,3000600000,1439100000,31.95,None,306.84,189.46
2025-12-28,LHX,9.29,21739999000.0,31.95,None,0.656,104.36,88000000,None,377600000,377600000,93100000,-118400000,144300000,2100000,-43100000,None,None,-81700000,132900000,138493151,None,2172000000,2172000000,163700000,None,None,494000000,None,None,82600000,52300000,4.76,0.016,31700000,31700000,None,0.171,0.13,327200000,409800000,2.57,2011-03-31,23.92,569900000,5576000000.0,828600000,298400000,96200000,99100000,99100000,None,24000000,None,347800000,None,None,None,None,None,139200000,None,None,None,0.129,167500000,498800000,329800000,96000000,288400000,None,None,None,None,None,None,None,0.562,2.842,2.554,None,None,None,None,None,-50300000,None,0.0809,None,None,2025-10-23,quarterly,2.7,USD,pre-market,137300000,1093700000,0.0428,0.0913,0.069,115.5,1004600000,405600000,4200000,None,260.05,286.58,5.0584,2457400000,1315400000,590200000,1018300000,1142000000,428100000,3000600000,1439100000,31.95,None,306.84,189.46
2025-12-28,LHX,9.29,21739999000.0,31.95,None,0.656,104.36,66800000,None,377600000,377600000,370500000,-66800000,399400000,1300000,18800000,None,None,-6100000,132900000,138493151,None,2172000000,2172000000,163700000,None,None,494000000,None,None,82600000,49400000,4.76,0.016,31800000,31800000,None,0.171,0.13,327200000,409800000,2.57,2010-12-31,23.92,569900000,5576000000.0,828600000,298400000,96200000,99100000,99100000,None,24000000,None,347800000,None,None,None,None,None,151100000,None,None,None,0.129,94400000,498800000,329800000,96000000,288400000,None,None,None,None,None,None,None,0.562,2.842,2.554,None,None,None,None,None,-50200000,None,0.0809,None,None,2025-10-23,quarterly,2.7,USD,pre-market,137300000,1093700000,0.0428,0.0913,0.069,115.5,1004600000,405600000,4200000,None,260.05,286.58,5.0584,2457400000,1315400000,590200000,1018300000,1142000000,428100000,3000600000,1439100000,31.95,None,306.84,189.46
2025-12-28,LHX,9.29,21739999000.0,31.95,None,0.656,104.36,41400000,None,377600000,377600000,159000000,-569400000,-113800000,1700000,-20300000,None,None,68200000,132900000,138493151,None,2172000000,2172000000,163700000,None,None,494000000,None,None,82600000,46800000,4.76,0.016,32200000,32200000,None,0.171,0.13,327200000,409800000,2.57,2010-09-30,23.92,569900000,5576000000.0,828600000,298400000,96200000,99100000,99100000,None,24000000,None,347800000,None,None,None,None,None,163900000,None,None,None,0.129,294900000,498800000,329800000,96000000,288400000,None,None,None,None,None,None,None,0.562,2.842,2.554,None,None,None,None,None,-55500000,None,0.0809,None,None,2025-10-23,quarterly,2.7,USD,pre-market,137300000,1093700000,0.0428,0.0913,0.069,115.5,1004600000,405600000,4200000,None,260.05,286.58,5.0584,2457400000,1315400000,590200000,1018300000,1142000000,428100000,3000600000,1439100000,31.95,None,306.84,189.46
2025-12-28,LHX,9.29,21739999000.0,31.95,None,0.656,104.36,61800000,None,377600000,377600000,-44300000,-73700000,49500000,100000,33000000,None,None,-79700000,132900000,138493151,None,2172000000,2172000000,163700000,None,None,494000000,None,None,82600000,44700000,4.76,0.016,28600000,28600000,None,0.171,0.13,327200000,409800000,2.57,2010-06-30,23.92,569900000,5576000000.0,828600000,298400000,96200000,99100000,99100000,None,24000000,None,347800000,None,None,None,None,None,151400000,None,None,None,0.129,167400000,498800000,329800000,96000000,288400000,None,None,None,None,None,None,None,0.562,2.842,2.554,None,None,None,None,None,-52300000,None,0.0809,None,None,2025-10-23,quarterly,2.7,USD,pre-market,137300000,1093700000,0.0428,0.0913,0.069,115.5,1004600000,405600000,4200000,None,260.05,286.58,5.0584,2457400000,1315400000,590200000,1018300000,1142000000,428100000,3000600000,1439100000,31.95,None,306.84,189.46
2025-12-28,LHX,9.29,21739999000.0,31.95,None,0.656,104.36,93800000,None,377600000,377600000,-117900000,-100300000,95500000,-200000,25100000,None,None,22100000,132900000,138493151,None,2172000000,2172000000,163700000,None,None,494000000,None,None,82600000,40200000,4.76,0.016,28600000,28600000,None,0.171,0.13,327200000,409800000,2.57,2010-03-31,23.92,569900000,5576000000.0,828600000,298400000,96200000,99100000,99100000,None,24000000,None,347800000,None,None,None,None,None,166200000,None,None,None,0.129,313900000,498800000,329800000,96000000,288400000,None,None,None,None,None,None,None,0.562,2.842,2.554,None,None,None,None,None,-50200000,None,0.0809,None,None,2025-10-23,quarterly,2.7,USD,pre-market,137300000,1093700000,0.0428,0.0913,0.069,115.5,1004600000,405600000,4200000,None,260.05,286.58,5.0584,2457400000,1315400000,590200000,1018300000,1142000000,428100000,3000600000,1439100000,31.95,None,306.84,189.46
2025-12-28,LHX,9.29,21739999000.0,31.95,None,0.656,104.36,21800000,None,377600000,377600000,-53400000,-56500000,79100000,2100000,-42200000,None,None,68400000,132900000,138493151,None,2172000000,2172000000,163700000,None,None,494000000,None,None,82600000,38700000,4.76,0.016,28800000,28800000,None,0.171,0.13,327200000,409800000,2.57,2009-12-31,23.92,569900000,5576000000.0,828600000,298400000,96200000,99100000,99100000,None,24000000,None,347800000,None,None,None,None,None,139500000,None,None,None,0.129,186900000,498800000,329800000,96000000,288400000,None,None,None,None,None,None,None,0.562,2.842,2.554,None,None,None,None,None,-50200000,None,0.0809,None,None,2025-10-23,quarterly,2.7,USD,pre-market,137300000,1093700000,0.0428,0.0913,0.069,115.5,1004600000,405600000,4200000,None,260.05,286.58,5.0584,2457400000,1315400000,590200000,1018300000,1142000000,428100000,3000600000,1439100000,31.95,None,306.84,189.46
2025-12-28,LHX,9.29,21739999000.0,31.95,None,0.656,104.36,20600000,None,377600000,377600000,-165300000,-19600000,-50100000,300000,-29800000,None,None,29200000,132900000,138493151,None,2172000000,2172000000,163700000,None,None,494000000,None,None,82600000,42100000,4.76,0.016,29000000,29000000,None,0.171,0.13,327200000,409800000,2.57,2009-09-30,23.92,569900000,5576000000.0,828600000,298400000,96200000,99100000,99100000,None,24000000,None,347800000,None,None,None,None,None,104500000,None,None,None,0.129,134500000,498800000,329800000,96000000,288400000,None,None,None,None,None,None,None,0.562,2.842,2.554,None,None,None,None,None,-55300000,None,0.0809,None,None,2025-10-23,quarterly,2.7,USD,pre-market,137300000,1093700000,0.0428,0.0913,0.069,115.5,1004600000,405600000,4200000,None,260.05,286.58,5.0584,2457400000,1315400000,590200000,1018300000,1142000000,428100000,3000600000,1439100000,31.95,None,306.84,189.46
2025-12-28,LHX,9.29,21739999000.0,31.95,None,0.656,104.36,24900000,None,377600000,377600000,323800000,-761100000,None,None,-20300000,None,None,None,132900000,138493151,None,2172000000,2172000000,163700000,None,None,494000000,None,None,82600000,50200000,4.76,0.016,26500000,26500000,None,0.171,0.13,327200000,409800000,2.57,2009-06-30,23.92,569900000,5576000000.0,828600000,298400000,96200000,99100000,99100000,None,24000000,None,347800000,None,None,None,None,None,-156400000,None,None,None,0.129,262300000,498800000,329800000,96000000,288400000,None,None,None,None,None,None,None,0.562,2.842,2.554,None,None,None,None,None,-100000,None,0.0809,None,None,2025-10-23,quarterly,2.7,USD,pre-market,137300000,1093700000,0.0428,0.0913,0.069,115.5,1004600000,405600000,4200000,None,260.05,286.58,5.0584,2457400000,1315400000,590200000,1018300000,1142000000,428100000,3000600000,1439100000,31.95,None,306.84,189.46
2025-12-28,LHX,9.29,21739999000.0,31.95,None,0.656,104.36,30200000,None,377600000,377600000,-77300000,-38300000,None,None,42700000,None,None,None,132900000,138493151,None,2172000000,2172000000,163700000,None,None,494000000,None,None,82600000,41800000,4.76,0.016,26200000,26200000,None,0.171,0.13,327200000,409800000,2.57,2009-03-31,23.92,569900000,5576000000.0,828600000,298400000,96200000,99100000,99100000,None,24000000,None,347800000,None,None,None,None,None,114200000,None,None,None,0.129,215200000,498800000,329800000,96000000,288400000,None,None,None,None,None,None,None,0.562,2.842,2.554,None,None,None,None,None,-50100000,None,0.0809,None,None,2025-10-23,quarterly,2.7,USD,pre-market,137300000,1093700000,0.0428,0.0913,0.069,115.5,1004600000,405600000,4200000,None,260.05,286.58,5.0584,2457400000,1315400000,590200000,1018300000,1142000000,428100000,3000600000,1439100000,31.95,None,306.84,189.46
2025-12-28,LHX,9.29,21739999000.0,31.95,None,0.656,104.36,35000000,None,377600000,377600000,-95500000,-34100000,None,None,-23900000,None,None,None,132900000,138493151,None,2172000000,2172000000,163700000,None,None,494000000,None,None,82600000,43200000,4.76,0.016,27000000,27000000,None,0.171,0.13,327200000,409800000,2.57,2008-12-31,23.92,569900000,5576000000.0,828600000,298400000,96200000,99100000,99100000,None,24000000,None,347800000,None,None,None,None,None,-38600000,None,None,None,0.129,151800000,498800000,329800000,96000000,288400000,None,None,None,None,None,None,None,0.562,2.842,2.554,None,None,None,None,None,-500000,None,0.0809,None,None,2025-10-23,quarterly,2.7,USD,pre-market,137300000,1093700000,0.0428,0.0913,0.069,115.5,1004600000,405600000,4200000,None,260.05,286.58,5.0584,2457400000,1315400000,590200000,1018300000,1142000000,428100000,3000600000,1439100000,31.95,None,306.84,189.46
2025-12-28,LHX,9.29,21739999000.0,31.95,None,0.656,104.36,31700000,None,377600000,377600000,-33900000,-31100000,None,None,-66800000,None,None,None,132900000,138493151,None,2172000000,2172000000,163700000,None,None,494000000,None,None,82600000,42500000,4.76,0.016,26900000,26900000,None,0.171,0.13,327200000,409800000,2.57,2008-09-30,23.92,569900000,5576000000.0,828600000,298400000,96200000,99100000,99100000,None,24000000,None,347800000,None,None,None,None,None,118700000,None,None,None,0.129,37500000,498800000,329800000,96000000,288400000,None,None,None,None,None,None,None,0.562,2.842,2.554,None,None,None,None,None,-81600000,None,0.0809,None,None,2025-10-23,quarterly,2.7,USD,pre-market,137300000,1093700000,0.0428,0.0913,0.069,115.5,1004600000,405600000,4200000,None,260.05,286.58,5.0584,2457400000,1315400000,590200000,1018300000,1142000000,428100000,3000600000,1439100000,31.95,None,306.84,189.46
2025-12-28,LHX,9.29,21739999000.0,31.95,None,0.656,104.36,37300000,None,377600000,377600000,-79300000,-37000000,None,None,39000000,None,None,None,132900000,138493151,None,2172000000,2172000000,163700000,None,None,494000000,None,None,82600000,46400000,4.76,0.016,20200000,20200000,None,0.171,0.13,327200000,409800000,2.57,2008-06-30,23.92,569900000,5576000000.0,828600000,298400000,96200000,99100000,99100000,None,24000000,None,347800000,None,None,None,None,None,121700000,None,None,None,0.129,197100000,498800000,329800000,96000000,288400000,None,None,None,None,None,None,None,0.562,2.842,2.554,None,None,None,None,None,-25000000,None,0.0809,None,None,2025-10-23,quarterly,2.7,USD,pre-market,137300000,1093700000,0.0428,0.0913,0.069,115.5,1004600000,405600000,4200000,None,260.05,286.58,5.0584,2457400000,1315400000,590200000,1018300000,1142000000,428100000,3000600000,1439100000,31.95,None,306.84,189.46
2025-12-28,LHX,9.29,21739999000.0,31.95,None,0.656,104.36,40800000,None,377600000,377600000,-221300000,-30200000,None,None,-36200000,None,None,None,132900000,138493151,None,2172000000,2172000000,163700000,None,None,494000000,None,None,82600000,41600000,4.76,0.016,20200000,20200000,None,0.171,0.13,327200000,409800000,2.57,2008-03-31,23.92,569900000,5576000000.0,828600000,298400000,96200000,99100000,99100000,None,24000000,None,347800000,None,None,None,None,None,108000000,None,None,None,0.129,169200000,498800000,329800000,96000000,288400000,None,None,None,None,None,None,None,0.562,2.842,2.554,None,None,None,None,None,-200000000,None,0.0809,None,None,2025-10-23,quarterly,2.7,USD,pre-market,137300000,1093700000,0.0428,0.0913,0.069,115.5,1004600000,405600000,4200000,None,260.05,286.58,5.0584,2457400000,1315400000,590200000,1018300000,1142000000,428100000,3000600000,1439100000,31.95,None,306.84,189.46
2025-12-28,LHX,9.29,21739999000.0,31.95,None,0.656,104.36,35600000,None,377600000,377600000,-55100000,-41800000,None,None,1300000,None,None,None,132900000,138493151,None,2172000000,2172000000,163700000,None,None,494000000,None,None,82600000,42300000,4.76,0.016,20500000,20500000,None,0.171,0.13,327200000,409800000,2.57,2007-12-31,23.92,569900000,5576000000.0,828600000,298400000,96200000,99100000,99100000,None,24000000,None,347800000,None,None,None,None,None,114300000,None,None,None,0.129,124700000,498800000,329800000,96000000,288400000,None,None,None,None,None,None,None,0.562,2.842,2.554,None,None,None,None,None,-50000000,None,0.0809,None,None,2025-10-23,quarterly,2.7,USD,pre-market,137300000,1093700000,0.0428,0.0913,0.069,115.5,1004600000,405600000,4200000,None,260.05,286.58,5.0584,2457400000,1315400000,590200000,1018300000,1142000000,428100000,3000600000,1439100000,31.95,None,306.84,189.46
2025-12-28,LHX,9.29,21739999000.0,31.95,None,0.656,104.36,32500000,None,377600000,377600000,-62500000,-25600000,None,None,-55400000,None,None,None,132900000,138493151,None,2172000000,2172000000,163700000,None,None,494000000,None,None,82600000,41900000,4.76,0.016,20600000,20600000,None,0.171,0.13,327200000,409800000,2.57,2007-09-30,23.92,569900000,5576000000.0,828600000,298400000,96200000,99100000,99100000,None,24000000,None,347800000,None,None,None,None,None,100200000,None,None,None,0.129,64100000,498800000,329800000,96000000,288400000,None,None,None,None,None,None,None,0.562,2.842,2.554,None,None,None,None,None,-50000000,None,0.0809,None,None,2025-10-23,quarterly,2.7,USD,pre-market,137300000,1093700000,0.0428,0.0913,0.069,115.5,1004600000,405600000,4200000,None,260.05,286.58,5.0584,2457400000,1315400000,590200000,1018300000,1142000000,428100000,3000600000,1439100000,31.95,None,306.84,189.46
2025-12-28,LHX,9.29,21739999000.0,31.95,None,0.656,104.36,30300000,None,377600000,377600000,192200000,-414500000,None,None,-19800000,None,None,None,132900000,138493151,None,2172000000,2172000000,163700000,None,None,494000000,None,None,82600000,46100000,4.76,0.016,14000000,14000000,None,0.171,0.13,327200000,409800000,2.57,2007-06-30,23.92,569900000,5576000000.0,828600000,298400000,96200000,99100000,99100000,None,24000000,None,347800000,None,None,None,None,None,87600000,None,None,None,0.129,115300000,498800000,329800000,96000000,288400000,None,None,None,None,None,None,None,0.562,2.842,2.554,None,None,None,None,None,-199900000,None,0.0809,None,None,2025-10-23,quarterly,2.7,USD,pre-market,137300000,1093700000,0.0428,0.0913,0.069,115.5,1004600000,405600000,4200000,None,260.05,286.58,5.0584,2457400000,1315400000,590200000,1018300000,1142000000,428100000,3000600000,1439100000,31.95,None,306.84,189.46
2025-12-28,LHX,9.29,21739999000.0,31.95,None,0.656,104.36,36100000,None,377600000,377600000,-10600000,-18300000,None,None,7100000,None,None,None,132900000,138493151,None,2172000000,2172000000,163700000,None,None,494000000,None,None,82600000,34300000,4.76,0.016,14800000,14800000,None,0.171,0.13,327200000,409800000,2.57,2007-03-31,23.92,569900000,5576000000.0,828600000,298400000,96200000,99100000,99100000,None,24000000,None,347800000,None,None,None,None,None,214900000,None,None,None,0.129,141000000,498800000,329800000,96000000,288400000,None,None,None,None,None,None,None,0.562,2.842,2.554,None,None,None,None,None,-20600000,None,0.0809,None,None,2025-10-23,quarterly,2.7,USD,pre-market,137300000,1093700000,0.0428,0.0913,0.069,115.5,1004600000,405600000,4200000,None,260.05,286.58,5.0584,2457400000,1315400000,590200000,1018300000,1142000000,428100000,3000600000,1439100000,31.95,None,306.84,189.46
2025-12-28,LHX,9.29,21739999000.0,31.95,None,0.656,104.36,27700000,None,377600000,377600000,-30400000,-27700000,None,None,-2200000,None,None,None,132900000,138493151,None,2172000000,2172000000,163700000,None,None,494000000,None,None,82600000,27500000,4.76,0.016,14700000,14700000,None,0.171,0.13,327200000,409800000,2.57,2006-12-31,23.92,569900000,5576000000.0,828600000,298400000,96200000,99100000,99100000,None,24000000,None,347800000,None,None,None,None,None,94000000,None,None,None,0.129,128100000,498800000,329800000,96000000,288400000,None,None,None,None,None,None,None,0.562,2.842,2.554,None,None,None,None,None,-19500000,None,0.0809,None,None,2025-10-23,quarterly,2.7,USD,pre-market,137300000,1093700000,0.0428,0.0913,0.069,115.5,1004600000,405600000,4200000,None,260.05,286.58,5.0584,2457400000,1315400000,590200000,1018300000,1142000000,428100000,3000600000,1439100000,31.95,None,306.84,189.46
2025-12-28,LHX,9.29,21739999000.0,31.95,None,0.656,104.36,35000000,None,377600000,377600000,-17900000,77600000,None,None,-31100000,None,None,None,132900000,138493151,None,2172000000,2172000000,163700000,None,None,494000000,None,None,82600000,27300000,4.76,0.016,14700000,14700000,None,0.171,0.13,327200000,409800000,2.57,2006-09-30,23.92,569900000,5576000000.0,828600000,298400000,96200000,99100000,99100000,None,24000000,None,347800000,None,None,None,None,None,83900000,None,None,None,0.129,54200000,498800000,329800000,96000000,288400000,None,None,None,None,None,None,None,0.562,2.842,2.554,None,None,None,None,None,-6900000,None,0.0809,None,None,2025-10-23,quarterly,2.7,USD,pre-market,137300000,1093700000,0.0428,0.0913,0.069,115.5,1004600000,405600000,4200000,None,260.05,286.58,5.0584,2457400000,1315400000,590200000,1018300000,1142000000,428100000,3000600000,1439100000,31.95,None,306.84,189.46
2025-12-28,LHX,9.29,21739999000.0,31.95,None,0.656,104.36,54100000,None,377600000,377600000,-42700000,-232800000,None,None,2100000,None,None,None,132900000,138493151,None,2172000000,2172000000,163700000,None,None,494000000,None,None,82600000,28800000,4.76,0.016,10700000,10700000,None,0.171,0.13,327200000,409800000,2.57,2006-06-30,23.92,569900000,5576000000.0,828600000,298400000,96200000,99100000,99100000,None,24000000,None,347800000,None,None,None,None,None,85100000,None,None,None,0.129,119200000,498800000,329800000,96000000,288400000,None,None,None,None,None,None,None,0.562,2.842,2.554,None,None,None,None,None,-28700000,None,0.0809,None,None,2025-10-23,quarterly,2.7,USD,pre-market,137300000,1093700000,0.0428,0.0913,0.069,115.5,1004600000,405600000,4200000,None,260.05,286.58,5.0584,2457400000,1315400000,590200000,1018300000,1142000000,428100000,3000600000,1439100000,31.95,None,306.84,189.46
2025-12-28,LHX,9.29,21739999000.0,31.95,None,0.656,104.36,37700000,None,377600000,377600000,-9000000,-123800000,None,None,-54800000,None,None,None,132900000,138493151,None,2172000000,2172000000,163700000,None,None,494000000,None,None,82600000,25100000,4.76,0.016,10700000,10700000,None,0.171,0.13,327200000,409800000,2.57,2006-03-31,23.92,569900000,5576000000.0,828600000,298400000,96200000,99100000,99100000,None,24000000,None,347800000,None,None,None,None,None,72500000,None,None,None,0.129,103000000,498800000,329800000,96000000,288400000,None,None,None,None,None,None,None,0.562,2.842,2.554,None,None,None,None,None,-10200000,None,0.0809,None,None,2025-10-23,quarterly,2.7,USD,pre-market,137300000,1093700000,0.0428,0.0913,0.069,115.5,1004600000,405600000,4200000,None,260.05,286.58,5.0584,2457400000,1315400000,590200000,1018300000,1142000000,428100000,3000600000,1439100000,31.95,None,306.84,189.46
2025-12-28,LHX,9.29,21739999000.0,31.95,None,0.656,104.36,30600000,None,377600000,377600000,-1000000,-397300000,None,None,3400000,None,None,None,132900000,138493151,None,2172000000,2172000000,163700000,None,None,494000000,None,None,82600000,24300000,4.76,0.016,10700000,10700000,None,0.171,0.13,327200000,409800000,2.57,2005-12-31,23.92,569900000,5576000000.0,828600000,298400000,96200000,99100000,99100000,None,24000000,None,347800000,None,None,None,None,None,30000000,None,None,None,0.129,26500000,498800000,329800000,96000000,288400000,None,None,None,None,None,None,None,0.562,2.842,2.554,None,None,None,None,None,-6000000,None,0.0809,None,None,2025-10-23,quarterly,2.7,USD,pre-market,137300000,1093700000,0.0428,0.0913,0.069,115.5,1004600000,405600000,4200000,None,260.05,286.58,5.0584,2457400000,1315400000,590200000,1018300000,1142000000,428100000,3000600000,1439100000,31.95,None,306.84,189.46
2025-12-28,LHX,9.29,21739999000.0,31.95,None,0.656,104.36,24000000,None,377600000,377600000,289100000,-157400000,None,None,-31700000,None,None,None,132900000,138493151,None,2172000000,2172000000,163700000,None,None,494000000,None,None,82600000,20200000,4.76,0.016,10600000,10600000,None,0.171,0.13,327200000,409800000,2.57,2005-09-30,23.92,569900000,5576000000.0,828600000,298400000,96200000,99100000,99100000,None,24000000,None,347800000,None,None,None,None,None,50300000,None,None,None,0.129,85500000,498800000,329800000,96000000,288400000,None,None,None,None,None,None,None,0.562,2.842,2.554,None,None,None,None,None,-6000000,None,0.0809,None,None,2025-10-23,quarterly,2.7,USD,pre-market,137300000,1093700000,0.0428,0.0913,0.069,115.5,1004600000,405600000,4200000,None,260.05,286.58,5.0584,2457400000,1315400000,590200000,1018300000,1142000000,428100000,3000600000,1439100000,31.95,None,306.84,189.46
2025-12-28,LHX,9.29,21739999000.0,31.95,None,0.656,104.36,408000000,None,377600000,377600000,-2224000000,-263000000,None,None,96000000,None,None,None,132900000,138493151,None,2172000000,2172000000,163700000,None,None,494000000,None,None,82600000,1289000000,4.76,0.016,886000000,886000000,None,0.171,0.13,327200000,409800000,2.57,2024-12-31,23.92,569900000,5576000000.0,828600000,298400000,96200000,99100000,99100000,None,24000000,None,347800000,None,None,None,None,None,1512000000,None,None,None,0.129,2559000000,498800000,329800000,96000000,288400000,None,None,None,None,None,None,None,0.562,2.842,2.554,None,None,None,None,None,-554000000,None,0.0809,None,None,2025-10-23,annual,2.7,USD,pre-market,137300000,1093700000,0.0428,0.0913,0.069,115.5,1004600000,405600000,4200000,None,260.05,286.58,5.0584,2457400000,1315400000,590200000,1018300000,1142000000,428100000,3000600000,1439100000,31.95,None,306.84,189.46
2025-12-28,LHX,9.29,21739999000.0,31.95,None,0.656,104.36,449000000,None,377600000,377600000,4594000000,-7021000000,None,None,-182000000,None,None,None,132900000,138493151,None,2172000000,2172000000,163700000,None,None,494000000,None,None,82600000,1166000000,4.76,0.016,868000000,868000000,None,0.171,0.13,327200000,409800000,2.57,2023-12-31,23.92,569900000,5576000000.0,828600000,298400000,96200000,99100000,99100000,None,24000000,None,347800000,None,None,None,None,None,1227000000,None,None,None,0.129,2096000000,498800000,329800000,96000000,288400000,None,None,None,None,None,None,None,0.562,2.842,2.554,None,None,None,None,None,-518000000,None,0.0809,None,None,2025-10-23,annual,2.7,USD,pre-market,137300000,1093700000,0.0428,0.0913,0.069,115.5,1004600000,405600000,4200000,None,260.05,286.58,5.0584,2457400000,1315400000,590200000,1018300000,1142000000,428100000,3000600000,1439100000,31.95,None,306.84,189.46
2025-12-28,LHX,9.29,21739999000.0,31.95,None,0.656,104.36,252000000,None,377600000,377600000,-1951000000,-250000000,None,None,-310000000,None,None,None,132900000,138493151,None,2172000000,2172000000,163700000,None,None,494000000,None,None,82600000,938000000,4.76,0.016,864000000,864000000,None,0.171,0.13,327200000,409800000,2.57,2022-12-31,23.92,569900000,5576000000.0,828600000,298400000,96200000,99100000,99100000,None,24000000,None,347800000,None,None,None,None,None,1061000000,None,None,None,0.129,2158000000,498800000,329800000,96000000,288400000,None,None,None,None,None,None,None,0.562,2.842,2.554,None,None,None,None,None,-1083000000,None,0.0809,None,None,2025-10-23,annual,2.7,USD,pre-market,137300000,1093700000,0.0428,0.0913,0.069,115.5,1004600000,405600000,4200000,None,260.05,286.58,5.0584,2457400000,1315400000,590200000,1018300000,1142000000,428100000,3000600000,1439100000,31.95,None,306.84,189.46
2025-12-28,LHX,9.29,21739999000.0,31.95,None,0.656,104.36,335000000,None,377600000,377600000,-4413000000,1394000000,None,None,-68000000,None,None,None,132900000,138493151,None,2172000000,2172000000,163700000,None,None,494000000,None,None,82600000,967000000,4.76,0.016,817000000,817000000,None,0.171,0.13,327200000,409800000,2.57,2021-12-31,23.92,569900000,5576000000.0,828600000,298400000,96200000,99100000,99100000,None,24000000,None,347800000,None,None,None,None,None,1842000000,None,None,None,0.129,2687000000,498800000,329800000,96000000,288400000,None,None,None,None,None,None,None,0.562,2.842,2.554,None,None,None,None,None,-3675000000,None,0.0809,None,None,2025-10-23,annual,2.7,USD,pre-market,137300000,1093700000,0.0428,0.0913,0.069,115.5,1004600000,405600000,4200000,None,260.05,286.58,5.0584,2457400000,1315400000,590200000,1018300000,1142000000,428100000,3000600000,1439100000,31.95,None,306.84,189.46
2025-12-28,LHX,9.29,21739999000.0,31.95,None,0.656,104.36,368000000,None,377600000,377600000,-3112000000,751000000,429000000,None,60000000,None,None,-250000000,132900000,138493151,None,2172000000,2172000000,163700000,None,None,494000000,None,None,82600000,1032000000,4.76,0.016,725000000,725000000,None,0.171,0.13,327200000,409800000,2.57,2020-12-31,23.92,569900000,5576000000.0,828600000,298400000,96200000,99100000,99100000,None,24000000,None,347800000,None,None,None,None,None,1086000000,None,None,None,0.129,2790000000,498800000,329800000,96000000,288400000,None,None,None,None,None,None,None,0.562,2.842,2.554,None,None,None,None,None,-2290000000,None,0.0809,None,None,2025-10-23,annual,2.7,USD,pre-market,137300000,1093700000,0.0428,0.0913,0.069,115.5,1004600000,405600000,4200000,None,260.05,286.58,5.0584,2457400000,1315400000,590200000,1018300000,1142000000,428100000,3000600000,1439100000,31.95,None,306.84,189.46
2025-12-28,LHX,9.29,21739999000.0,31.95,None,0.656,104.36,173000000,None,377600000,377600000,-1971000000,1320000000,242000000,-3000000,158000000,None,None,9000000,132900000,138493151,None,2172000000,2172000000,163700000,None,None,494000000,None,None,82600000,894000000,4.76,0.016,337000000,337000000,None,0.171,0.13,327200000,409800000,2.57,2019-12-31,23.92,569900000,5576000000.0,828600000,298400000,96200000,99100000,99100000,None,24000000,None,347800000,None,None,None,None,None,1646000000,None,None,None,0.129,939000000,498800000,329800000,96000000,288400000,None,None,None,None,None,None,None,0.562,2.842,2.554,None,None,None,None,None,-1500000000,None,0.0809,None,None,2025-10-23,annual,2.7,USD,pre-market,137300000,1093700000,0.0428,0.0913,0.069,115.5,1004600000,405600000,4200000,None,260.05,286.58,5.0584,2457400000,1315400000,590200000,1018300000,1142000000,428100000,3000600000,1439100000,31.95,None,306.84,189.46
2025-12-28,LHX,9.29,21739999000.0,31.95,None,0.656,104.36,136000000,None,377600000,377600000,-805000000,-141000000,-196000000,-1000000,-19000000,None,None,-112000000,132900000,138493151,None,2172000000,2172000000,163700000,None,None,494000000,None,None,82600000,259000000,4.76,0.016,272000000,272000000,None,0.171,0.13,327200000,409800000,2.57,2018-12-31,23.92,569900000,5576000000.0,828600000,298400000,96200000,99100000,99100000,None,24000000,None,347800000,None,None,None,None,None,699000000,None,None,None,0.129,751000000,498800000,329800000,96000000,288400000,None,None,None,None,None,None,None,0.562,2.842,2.554,None,None,None,None,None,-272000000,None,0.0809,None,None,2025-10-23,annual,2.7,USD,pre-market,137300000,1093700000,0.0428,0.0913,0.069,115.5,1004600000,405600000,4200000,None,260.05,286.58,5.0584,2457400000,1315400000,590200000,1018300000,1142000000,428100000,3000600000,1439100000,31.95,None,306.84,189.46
2025-12-28,LHX,9.29,21739999000.0,31.95,None,0.656,104.36,119000000,None,377600000,377600000,-1438000000,870000000,-3000000,-4000000,-32000000,None,None,111000000,132900000,138493151,None,2172000000,2172000000,163700000,None,None,494000000,None,None,82600000,311000000,4.76,0.016,262000000,262000000,None,0.171,0.13,327200000,409800000,2.57,2017-12-31,23.92,569900000,5576000000.0,828600000,298400000,96200000,99100000,99100000,None,24000000,None,347800000,None,None,None,None,None,543000000,None,None,None,0.129,569000000,498800000,329800000,96000000,288400000,None,None,None,None,None,None,None,0.562,2.842,2.554,None,None,None,None,None,-710000000,None,0.0809,None,None,2025-10-23,annual,2.7,USD,pre-market,137300000,1093700000,0.0428,0.0913,0.069,115.5,1004600000,405600000,4200000,None,260.05,286.58,5.0584,2457400000,1315400000,590200000,1018300000,1142000000,428100000,3000600000,1439100000,31.95,None,306.84,189.46
2025-12-28,LHX,9.29,21739999000.0,31.95,None,0.656,104.36,152000000,None,377600000,377600000,-893000000,-1000000,6000000,-24000000,-28000000,None,None,192000000,132900000,138493151,None,2172000000,2172000000,163700000,None,None,494000000,None,None,82600000,361000000,4.76,0.016,252000000,252000000,None,0.171,0.13,327200000,409800000,2.57,2016-12-31,23.92,569900000,5576000000.0,828600000,298400000,96200000,99100000,99100000,None,24000000,None,347800000,None,None,None,None,None,324000000,None,None,None,0.129,924000000,498800000,329800000,96000000,288400000,None,None,None,None,None,None,None,0.562,2.842,2.554,None,None,None,None,None,-150000000,None,0.0809,None,None,2025-10-23,annual,2.7,USD,pre-market,137300000,1093700000,0.0428,0.0913,0.069,115.5,1004600000,405600000,4200000,None,260.05,286.58,5.0584,2457400000,1315400000,590200000,1018300000,1142000000,428100000,3000600000,1439100000,31.95,None,306.84,189.46
2025-12-28,LHX,9.29,21739999000.0,31.95,None,0.656,104.36,148000000,None,377600000,377600000,2373000000,-3284000000,-80000000,-23000000,20000000,None,None,-17000000,132900000,138493151,None,2172000000,2172000000,163700000,None,None,494000000,None,None,82600000,244000000,4.76,0.016,198000000,198000000,None,0.171,0.13,327200000,409800000,2.57,2015-12-31,23.92,569900000,5576000000.0,828600000,298400000,96200000,99100000,99100000,None,24000000,None,347800000,None,None,None,None,None,334000000,None,None,None,0.129,854000000,498800000,329800000,96000000,288400000,None,None,None,None,None,None,None,0.562,2.842,2.554,None,None,None,None,None,-166000000,None,0.0809,None,None,2025-10-23,annual,2.7,USD,pre-market,137300000,1093700000,0.0428,0.0913,0.069,115.5,1004600000,405600000,4200000,None,260.05,286.58,5.0584,2457400000,1315400000,590200000,1018300000,1142000000,428100000,3000600000,1439100000,31.95,None,306.84,189.46
2025-12-28,LHX,9.29,21739999000.0,31.95,None,0.656,104.36,204000000,None,377600000,377600000,-448000000,-162000000,240000000,1500000,50000000,None,None,115800000,132900000,138493151,None,2172000000,2172000000,163700000,None,None,494000000,None,None,82600000,204000000,4.76,0.016,180000000,180000000,None,0.171,0.13,327200000,409800000,2.57,2014-12-31,23.92,569900000,5576000000.0,828600000,298400000,96200000,99100000,99100000,None,24000000,None,347800000,None,None,None,None,None,534000000,None,None,None,0.129,849000000,498800000,329800000,96000000,288400000,None,None,None,None,None,None,None,0.562,2.842,2.554,None,None,None,None,None,-300000000,None,0.0809,None,None,2025-10-23,annual,2.7,USD,pre-market,137300000,1093700000,0.0428,0.0913,0.069,115.5,1004600000,405600000,4200000,None,260.05,286.58,5.0584,2457400000,1315400000,590200000,1018300000,1142000000,428100000,3000600000,1439100000,31.95,None,306.84,189.46
2025-12-28,LHX,9.29,21739999000.0,31.95,None,0.656,104.36,178000000,None,377600000,377600000,-840000000,-20000000,-35000000,-8600000,-54000000,None,None,78300000,132900000,138493151,None,2172000000,2172000000,163700000,None,None,494000000,None,None,82600000,221000000,4.76,0.016,165000000,165000000,None,0.171,0.13,327200000,409800000,2.57,2013-12-31,23.92,569900000,5576000000.0,828600000,298400000,96200000,99100000,99100000,None,24000000,None,347800000,None,None,None,None,None,109000000,None,None,None,0.129,833000000,498800000,329800000,96000000,288400000,None,None,None,None,None,None,None,0.562,2.842,2.554,None,None,None,None,None,-415000000,None,0.0809,None,None,2025-10-23,annual,2.7,USD,pre-market,137300000,1093700000,0.0428,0.0913,0.069,115.5,1004600000,405600000,4200000,None,260.05,286.58,5.0584,2457400000,1315400000,590200000,1018300000,1142000000,428100000,3000600000,1439100000,31.95,None,306.84,189.46
2025-12-28,LHX,9.29,21739999000.0,31.95,None,0.656,104.36,233800000,None,377600000,377600000,-609800000,-248900000,-10900000,-5100000,-25200000,None,None,-15200000,132900000,138493151,None,2172000000,2172000000,163700000,None,None,494000000,None,None,82600000,260300000,4.76,0.016,139600000,139600000,None,0.171,0.13,327200000,409800000,2.57,2012-12-31,23.92,569900000,5576000000.0,828600000,298400000,96200000,99100000,99100000,None,24000000,None,347800000,None,None,None,None,None,27800000,None,None,None,0.129,852900000,498800000,329800000,96000000,288400000,None,None,None,None,None,None,None,0.562,2.842,2.554,None,None,None,None,None,-473500000,None,0.0809,None,None,2025-10-23,annual,2.7,USD,pre-market,137300000,1093700000,0.0428,0.0913,0.069,115.5,1004600000,405600000,4200000,None,260.05,286.58,5.0584,2457400000,1315400000,590200000,1018300000,1142000000,428100000,3000600000,1439100000,31.95,None,306.84,189.46
2025-12-28,LHX,9.29,21739999000.0,31.95,None,0.656,104.36,324900000,None,377600000,377600000,492800000,-1417500000,-88300000,3300000,-64700000,None,None,-42900000,132900000,138493151,None,2172000000,2172000000,163700000,None,None,494000000,None,None,82600000,212000000,4.76,0.016,127000000,127000000,None,0.171,0.13,327200000,409800000,2.57,2011-12-31,23.92,569900000,5576000000.0,828600000,298400000,96200000,99100000,99100000,None,24000000,None,347800000,None,None,None,None,None,587100000,None,None,None,0.129,833100000,498800000,329800000,96000000,288400000,None,None,None,None,None,None,None,0.562,2.842,2.554,None,None,None,None,None,-256100000,None,0.0809,None,None,2025-10-23,annual,2.7,USD,pre-market,137300000,1093700000,0.0428,0.0913,0.069,115.5,1004600000,405600000,4200000,None,260.05,286.58,5.0584,2457400000,1315400000,590200000,1018300000,1142000000,428100000,3000600000,1439100000,31.95,None,306.84,189.46
2025-12-28,LHX,9.29,21739999000.0,31.95,None,0.656,104.36,198000000,None,377600000,377600000,-380900000,-250100000,174000000,2300000,-13900000,None,None,40000000,132900000,138493151,None,2172000000,2172000000,163700000,None,None,494000000,None,None,82600000,165700000,4.76,0.016,115000000,115000000,None,0.171,0.13,327200000,409800000,2.57,2010-12-31,23.92,569900000,5576000000.0,828600000,298400000,96200000,99100000,99100000,None,24000000,None,347800000,None,None,None,None,None,561600000,None,None,None,0.129,802700000,498800000,329800000,96000000,288400000,None,None,None,None,None,None,None,0.562,2.842,2.554,None,None,None,None,None,-208000000,None,0.0809,None,None,2025-10-23,annual,2.7,USD,pre-market,137300000,1093700000,0.0428,0.0913,0.069,115.5,1004600000,405600000,4200000,None,260.05,286.58,5.0584,2457400000,1315400000,590200000,1018300000,1142000000,428100000,3000600000,1439100000,31.95,None,306.84,189.46
2025-12-28,LHX,9.29,21739999000.0,31.95,None,0.656,104.36,121800000,None,377600000,377600000,117100000,-864600000,None,None,-68300000,None,None,None,132900000,138493151,None,2172000000,2172000000,163700000,None,None,494000000,None,None,82600000,177700000,4.76,0.016,106600000,106600000,None,0.171,0.13,327200000,409800000,2.57,2009-12-31,23.92,569900000,5576000000.0,828600000,298400000,96200000,99100000,99100000,None,24000000,None,347800000,None,None,None,None,None,37900000,None,None,None,0.129,666800000,498800000,329800000,96000000,288400000,None,None,None,None,None,None,None,0.562,2.842,2.554,None,None,None,None,None,-132300000,None,0.0809,None,None,2025-10-23,annual,2.7,USD,pre-market,137300000,1093700000,0.0428,0.0913,0.069,115.5,1004600000,405600000,4200000,None,260.05,286.58,5.0584,2457400000,1315400000,590200000,1018300000,1142000000,428100000,3000600000,1439100000,31.95,None,306.84,189.46
2025-12-28,LHX,9.29,21739999000.0,31.95,None,0.656,104.36,146200000,None,377600000,377600000,-418600000,-134600000,None,None,-51300000,None,None,None,132900000,138493151,None,2172000000,2172000000,163700000,None,None,494000000,None,None,82600000,172200000,4.76,0.016,81500000,81500000,None,0.171,0.13,327200000,409800000,2.57,2008-12-31,23.92,569900000,5576000000.0,828600000,298400000,96200000,99100000,99100000,None,24000000,None,347800000,None,None,None,None,None,444200000,None,None,None,0.129,555500000,498800000,329800000,96000000,288400000,None,None,None,None,None,None,None,0.562,2.842,2.554,None,None,None,None,None,-243400000,None,0.0809,None,None,2025-10-23,annual,2.7,USD,pre-market,137300000,1093700000,0.0428,0.0913,0.069,115.5,1004600000,405600000,4200000,None,260.05,286.58,5.0584,2457400000,1315400000,590200000,1018300000,1142000000,428100000,3000600000,1439100000,31.95,None,306.84,189.46
2025-12-28,LHX,9.29,21739999000.0,31.95,None,0.656,104.36,129100000,None,377600000,377600000,133300000,-382900000,None,None,-46000000,None,None,None,132900000,138493151,None,2172000000,2172000000,163700000,None,None,494000000,None,None,82600000,135200000,4.76,0.016,58200000,58200000,None,0.171,0.13,327200000,409800000,2.57,2007-12-31,23.92,569900000,5576000000.0,828600000,298400000,96200000,99100000,99100000,None,24000000,None,347800000,None,None,None,None,None,480400000,None,None,None,0.129,438600000,498800000,329800000,96000000,288400000,None,None,None,None,None,None,None,0.562,2.842,2.554,None,None,None,None,None,-246900000,None,0.0809,None,None,2025-10-23,annual,2.7,USD,pre-market,137300000,1093700000,0.0428,0.0913,0.069,115.5,1004600000,405600000,4200000,None,260.05,286.58,5.0584,2457400000,1315400000,590200000,1018300000,1142000000,428100000,3000600000,1439100000,31.95,None,306.84,189.46
2025-12-28,LHX,9.29,21739999000.0,31.95,None,0.656,104.36,146400000,None,377600000,377600000,236400000,-768600000,None,None,-81000000,None,None,None,132900000,138493151,None,2172000000,2172000000,163700000,None,None,494000000,None,None,82600000,98400000,4.76,0.016,42700000,42700000,None,0.171,0.13,327200000,409800000,2.57,2006-12-31,23.92,569900000,5576000000.0,828600000,298400000,96200000,99100000,99100000,None,24000000,None,347800000,None,None,None,None,None,237900000,None,None,None,0.129,334200000,498800000,329800000,96000000,288400000,None,None,None,None,None,None,None,0.562,2.842,2.554,None,None,None,None,None,-44900000,None,0.0809,None,None,2025-10-23,annual,2.7,USD,pre-market,137300000,1093700000,0.0428,0.0913,0.069,115.5,1004600000,405600000,4200000,None,260.05,286.58,5.0584,2457400000,1315400000,590200000,1018300000,1142000000,428100000,3000600000,1439100000,31.95,None,306.84,189.46
2025-12-28,LHX,9.29,21739999000.0,31.95,None,0.656,104.36,98800000,None,377600000,377600000,-76900000,-316700000,None,None,-17000000,None,None,None,132900000,138493151,None,2172000000,2172000000,163700000,None,None,494000000,None,None,82600000,82600000,4.76,0.016,31900000,31900000,None,0.171,0.13,327200000,409800000,2.57,2005-12-31,23.92,569900000,5576000000.0,828600000,298400000,96200000,99100000,99100000,None,24000000,None,347800000,None,None,None,None,None,202200000,None,None,None,0.129,338800000,498800000,329800000,96000000,288400000,None,None,None,None,None,None,None,0.562,2.842,2.554,None,None,None,None,None,-56400000,None,0.0809,None,None,2025-10-23,annual,2.7,USD,pre-market,137300000,1093700000,0.0428,0.0913,0.069,115.5,1004600000,405600000,4200000,None,260.05,286.58,5.0584,2457400000,1315400000,590200000,1018300000,1142000000,428100000,3000600000,1439100000,31.95,None,306.84,189.46
